2934 5050
349 279 481 345 290
1331 295 1760 344 mumma.

339 461 342 462 ⁷
441 468 515 532 V.
566 466 673 533 29.
737 462 853 533 ἰός-ε
917 467 1168 547 ἄσμενοι
1232 469 1375 549 πρὸς
1441 468 1581 539 τοὺς
1649 466 1968 546 Ἀργείους
2027 463 2400 546 ἐτράποντο,
2446 463 2613 528 πόλιν
2654 485 2722 526 τε

352 573 647 652 μεγάλην
703 573 1100 661 [νομίζοντες]
1133 612 1216 624 -—·
1242 573 1814 655 δημοκρατουμένην
1852 599 1922 639 τε
1961 570 2161 651 ὥσπερ
2199 571 2307 636 καὶ
2333 571 2527 637 αὐτοὶ.
2571 568 2722 634 Bed-

356 682 542 748 datur
586 681 973 770 magistellis
1009 702 1202 747 suum
1243 679 1604 761 νομίζοντες.
1667 679 1851 747 Nihil
1891 700 2113 745 eorum
2149 678 2579 762 opinabantur,
2620 674 2725 740 sed

355 791 571 854 omnia
625 789 881 874 penitus
947 791 1205 877 cognita
1248 787 1586 854 habebant.
1664 785 1819 852 Loci
1864 788 1935 852 in
1979 785 2055 851 V.
2106 783 2212 850 44.
2260 783 2448 870 plane
2492 782 2725 850 diversa

355 896 520 961 ratio
563 899 678 960 est.

444 999 520 1064 V.
573 998 679 1066 32.
728 997 925 1080 ὥσπερ
973 1001 1208 1065 Βοιωτοὶ
1261 995 1450 1080 εἶχον.
1523 997 1661 1064 11116
1707 995 1931 1076 ἅσπερ.

443 1106 518 1170 V.
571 1103 678 1170 33.
727 1105 934 1194 Lege,
983 1105 1158 1171 αὐτοὶ
1207 1105 1318 1178 τὴν
1364 1102 1831 1185 ξυμμαχίδα
1881 1106 2219 1186 ἐφρούρουν.

441 1211 516 1275 V.
569 1210 674 1277 36.
739 1211 800 1278 Ν
803 1232 882 1277 011
938 1212 1161 1278 dubito
1222 1213 1375 1297 quin
1435 1210 1652 1297 plures
1713 1213 1847 1276 iam
1908 1209 2064 1286 ἥκις·’
2126 1209 2202 1275 ἂν
2272 1209 2725 1286 ἀναγκασθῆναι

351 1320 734 1386 correxerint
749 1366 766 1394 ‚
829 1317 939 1384 sed
994 1317 1258 1383 fortasse
1322 1318 1563 1382 vitium
1623 1318 1792 1403 quod
1839 1318 1973 1382 iam
2019 1317 2315 1382 indicabo
2361 1313 2723 1382 criticorum

350 1424 757 1512 diligentiam
797 1423 1041 1512 effugit.
1092 1423 1380 1490 Ἐλέσθαι
1443 1424 1569 1502 γοὶρ
1617 1422 2137 1500 Λακεδαιμονίους
2183 1426 2249 1487 et
2286 1442 2449 1507 quae
2480 1439 2725 1505 sequun-

349 1537 455 1594 tur
500 1531 577 1594 de
627 1535 912 1614 tempore
957 1528 1378 1617 intelligenda
1433 1534 1584 1594 sunt
1631 1529 1799 1614 quod
1843 1528 2014 1595 bello
2060 1527 2591 1613 Peloponnesiaco
2633 1545 2722 1589 an·

353 1636 638 1712 tecessit;
705 1641 848 1700 tum
910 1655 1100 1701 causa
1146 1634 1446 1700 adiicitur
1491 1655 1605 1699 cur
1650 1633 2136 1704 Lacedaemonii
2183 1653 2257 1700 eo
2304 1639 2587 1717 tempore
2626 1633 2726 1695 Ar·

353 1745 654 1830 givorum
716 1744 1087 1808 societatem
1149 1742 1596 1827 appetiverint.
1658 1739 1752 1805 Τὸ
1815 1740 1941 1820 γὰρ
1995 1742 2229 1822 ’Ἄργος
2292 1739 2393 1803 ἀεὶ
2449 1738 2728 1812 sitleam-o

355 1854 556 1919 καλῶς
621 1846 696 1913 άν
745 1853 925 1929 σΦισι
972 1847 1181 1927 Φίλιον
1225 1846 1551 1923 γενέσθαι,
1604 1847 1927 1926 ἡγούμενοι
1976 1845 2081 1913 τὸν
2126 1844 2240 1923 ἔξω
2288 1844 2731 1919 Πελοποννήσου

359 1935 628 2031 mam
694 1957 814 2038 ῥᾴω
877 1953 954 2019 ἂν
1017 1949 1191 2018 εἶναι.
1280 1951 1568 2034 „Quid‘t”
1632 1952 1801 2019 dicet
1845 1953 2080 2039 aliquis
2130 1951 2470 2030 „haeccine
2515 1952 2733 2017 viam

356 2081 488 2125 esse
532 2058 945 2147 pronuntias?
993 2060 1162 2126 Nam
1206 2060 1376 2125 mihi
1421 2059 1683 2146 quidem
1729 2080 1881 2124 sana
1926 2066 1993 2126 et
2037 2058 2246 2125 nitida
2288 2057 2592 2124 videntur
2606 2104 2623 2134 ,
2668 2061 2736 2120 nt

353 2167 520 2232 nihil
581 2166 824 2252 supra.”
916 2166 1003 2230 Et
1061 2167 1228 2231 mihi
1294 2172 1360 2231 et
1421 2165 1754 2242 omnibus3
1818 2166 1929 2230 sed
1990 2167 2233 2231 vitium
2293 2167 2427 2229 iam
2492 2162 2733 2228 sustuli.

357 2272 528 2339 Nam
587 2275 657 2336 in
717 2273 899 2338 libris
957 2273 1113 2338 haec
1159 2272 1499 2359 leguntur:
1550 2274 1619 2337 τὸ
1668 2271 1793 2350 γάρ
1835 2275 2071 2351 ’Ἄργος
2120 2270 2219 2334 άεὶ
2269 2268 2575 2344 ἦπίςαντο
2620 2270 2735 2333 ἔτι·

356 2382 698 2454 θυμοῦντας
745 2379 884 2448 τοὺς
933 2378 1457 2455 Λακεδαιμονίους
1506 2383 1709 2448 καλῶς
1760 2377 1942 2457 σφίσι
1988 2376 2198 2457 Φίλιον
2247 2375 2559 2455 γενέσθαι.
2622 2374 2741 2456 Qui

355 2485 510 2550 haec
555 2486 824 2550 retinere
873 2483 1049 2551 volet
1063 2533 1081 2564 ‚
1129 2484 1427 2552 bifariam
1474 2485 1712 2569 poterit
1756 2485 2159 2569 interpretari
2176 2532 2192 2561 ,
2242 2489 2318 2549 ut
2363 2481 2471 2551 vel
2511 2480 2743 2568 Ephori

355 2592 476 2657 1166
521 2590 954 2656 intellexerint
967 2641 984 2669 ,
1042 2591 1149 2658 vel
1195 2591 1700 2657 Lacedaemonii.
1773 2593 1974 2676 Atqui
2018 2593 2075 2655 si
2122 2587 2470 2656 Cleobulus
2514 2594 2581 2654 et
2624 2587 2745 2652 Xe-

356 2719 536 2764 nares
590 2697 666 2763 de
730 2718 795 2762 se
841 2698 1189 2783 loquuntur
1204 2745 1221 2775 ,
1285 2696 1509 2783 quidni
1558 2695 1892 2765 ἑπίςασθαι
1940 2698 2253 2781 scriptum
2301 2692 2438 2760 est?
2507 2693 2745 2760 Deinde

359 2827 438 2869 an
496 2805 593 2868 ἀεὶ
660 2801 994 2879 ἦπίςαντοῖ
1058 2802 1233 2881 Imo,
1300 2809 1364 2870 et
1411 2810 1641 2874 καλῶς.
1712 2801 1880 2869 Nam
1928 2802 2155 2869 infelix
2202 2801 2581 2868 adverbium
2626 2796 2743 2865 nis'i

359 2912 485 2975 1166
532 2910 826 2977 retuleris
870 2929 994 2975 non
1039 2910 1303 2976 habebit
1350 2930 1477 2995 quo
1523 2910 1852 2998 confugiat
1870 2957 1889 2988 ,
1937 2911 2064 2975 nisi
2100 2909 2265 2975 forte
2299 2908 2505 2975 credis
2542 2914 2743 2979 καλῶς

360 3017 567 3095 Φίλιον
628 3016 1073 3082 vehementius
1142 3016 1270 3080 dici
1338 3036 1534 3102 quam
1603 3015 1877 3102 simplex
1946 3016 2177 3097 Φίλιον.
2263 3014 2447 3095 Quod
2508 3016 2565 3079 si
2610 3018 2750 3101 quis

359 3122 630 3207 Ephoris
675 3121 915 3187 relictis
961 3121 1040 3187 ad
1087 3119 1617 3187 Lacedaemonios
1664 3128 1947 3187 recurrat
1960 3171 1976 3198 ‚
2023 3122 2188 3188 hanc
2223 3123 2610 3187 sententiam
2649 3141 2751 3186 ex-

359 3227 619 3292 tundet:
670 3230 721 3292 οἱ
770 3225 1242 3305 Λακεδαιμόνιοι
1291 3228 1428 3299 τοὺς
1478 3227 2000 3305 Λακεδαιμονίους
2049 3229 2147 3293 άεὶ
2184 3229 2501 3302 ’ἦπίςαντο
2551 3228 2747 3292 ἐπιθυ·

361 3330 666 3409 uotum-51
739 3331 959 3418 Neque
1018 3335 1235 3397 minus
1296 3335 1570 3419 turpiter
1629 3333 2011 3419 interpolata
2053 3340 2202 3399 sunt
2245 3354 2409 3419 quae
2454 3333 2623 3399 infra
2664 3332 2749 3398 le-

352 3445 637 3527 guntur:
722 3439 792 3503 τὸ
862 3438 1068 3516 μέντοι
1139 3437 1465 3503 Πάνακτον
1537 3438 1766 3505 ἐδέοντο
1836 3441 2121 3513 Βοιωτοὺς
2195 3436 2356 3510 ὅπως
2428 3439 2745 3519 παραδῦσι

363 3545 888 3621 Λακεδαιμονίοις.
965 3544 1454 3610 Animadvertat
1512 3544 1712 3611 lector
1757 3545 1886 3611 fere
1942 3547 2021 3612 ab
2079 3548 2266 3612 initio
2313 3566 2577 3612 omnem
2620 3566 2748 3612 ora-

361 3655 601 3717 tionem
661 3651 740 3715 ad
805 3651 1068 3716 Boeotos
1131 3671 1263 3715 esse
1325 3671 1714 3717 conversam.
1769 3650 2024 3718 Boeotis
2070 3655 2437 3741 iniungitur
2482 3660 2561 3717 ut
2604 3673 2747 3718 cum

365 3759 625 3845 Argivis
686 3759 1056 3823 societatem
1116 3759 1278 3822 inire
1343 3763 1663 3823 conentur.
1737 3758 1991 3824 Boeotis
2049 3759 2238 3826 datur
2293 3762 2634 3847 negotium
2677 3766 2747 3823 ut

363 3865 479 3929 hos
539 3883 757 3930 secum
819 3867 888 3927 in
941 3862 1586 3929 Lacedaemoniorum
1633 3866 2001 3931 societatem
2049 3866 2323 3931 trahant.
2395 3864 2653 3931 Boeotis
2696 3868 2749 3929 si

367 3971 486 4035 1166
552 3970 816 4035 fecerint
878 3988 1003 4035 non
1050 3989 1298 4035 necesse
1345 3971 1468 4034 erit
1511 3970 1779 4036 foederis
1823 3992 1972 4036 cum
2018 3971 2522 4037 Atheniensibus
2562 3974 2749 4058 parti·

368 4079 536 4159 cipes
597 4074 749 4139 fieri.
821 4073 1004 4140 Nihil
1065 4074 1170 4138 hic
1219 4073 1295 4140 de
1344 4071 1721 4153 Corinthiis,
1772 4096 1928 4161 quos
1974 4078 2129 4141 satis
2177 4082 2312 4141 erat
2357 4077 2559 4142 simul
2602 4097 2749 4142 66111

365 4180 621 4245 Boeotis
663 4181 1062 4249 admonuisse
1102 4175 1192 4243 ὅτι
1234 4179 1485 4257 μάλιςα
1528 4182 1738 4248 ταῦτα
1779 4178 2145 4261 γιγνώσκειν
2187 4181 2387 4262 (male
2424 4181 2751 4249 Bekkerus

366 4306 514 4349 cum
559 4285 740 4350 libris
787 4286 1021 4370 ταῦτα)
1076 4293 1184 4362 „ut
1232 4309 1347 4349 uno
1386 4289 1691 4373 eodemque
1729 4288 1975 4352 coneilio
2016 4287 2362 4352 utermust'
2420 4286 2750 4354 Possremo

355 4388 609 4451 eosdem
669 4389 934 4452 Boeotos
983 4391 1356 4455 admonent:
1424 4388 1582 4464 ὅπως
1634 4397 1703 4456 τὸ
1752 4393 2077 4458 Πάνακτον
2126 4396 2271 4470 ἡμῖν
2320 4394 2749 4473 παραδώσετε.
