2934 5050
894 303 980 350 An
1028 302 1296 352 sromm
1341 302 1792 352 rnonmneum.
2432 282 2518 345 95

255 472 432 539 Orion
479 472 697 540 Floril.
746 470 883 537 vn.
932 473 996 538 2.

589 579 633 648 ,ὅ
674 578 728 644 δ’
776 578 917 654 ἡδὺς
967 580 1111 644 αἰὼν
1158 579 1193 655 ἢ
1243 578 1450 647 adme*
1494 579 1775 656 ἀτολμία

598 683 729 749 οὔτ’
774 679 930 749 οἶκον
975 683 1115 749 οὔτε
1161 691 1356 762 γαῖαν
1396 683 1699 764 ὀρθώσειεν
1742 680 1841 748 ἄν.

250 785 550 853 Stobaeus
596 787 815 854 Floril.
863 788 1104 855 XXIX.
1154 788 1262 854 22.

602 893 631 957 ὃ
679 894 732 958 δ’
776 894 917 969 ἡδὺς
966 895 1109 958 αἰὼν
1160 894 1195 967 ἦ
1241 893 1402 967 κακή
1448 891 1514 958 τ’
1561 891 1855 972 ἀνανδρία

600 998 728 1063 οὔτ’
773 995 930 1064 οἷκον
973 999 1113 1065 οὔτε
1157 997 1366 1076 βίοτον
1414 997 1580 1062 οὐδὲν
1629 999 1879 1077 ὠφελεῖ.

248 1100 411 1181 Quot
472 1102 628 1169 haec
687 1103 1047 1191 fragmenta
1106 1124 1239 1169 esse
1299 1098 1529 1188 putas?
1592 1102 1653 1167 Ν
1656 1121 1737 1165 on
1794 1103 1952 1178 tria,
2019 1120 2143 1165 non
2208 1100 2367 1179 due,
2415 1100 2527 1167 sed

168 1224 355 1271 unum
407 1213 475 1273 et
517 1208 692 1273 idem
707 1255 725 1285 ‚
772 1209 873 1272 bis
915 1207 1230 1295 flagitiose
1273 1205 1751 1291 interpolatum.
1826 1206 1900 1271 In
1943 1209 2151 1291 primo
2196 1211 2293 1271 est
2335 1207 2405 1269 in
2446 1205 2524 1270 li-

167 1309 286 1375 bris
324 1310 507 1377 τόλιν
550 1312 851 1393 ὀρθώσειεν
865 1360 884 1387 ,
922 1314 1193 1377 correxit
1230 1309 1702 1376 Valckenarius.
1742 1310 1818 1376 In
1855 1310 2127 1376 secundo
2165 1314 2521 1396 supererat:

606 1418 635 1483 ὃ
683 1415 740 1483 δ’
790 1415 932 1492 ἡδὺς
978 1417 1121 1481 αἰὼν
1170 1418 1204 1492 ἢ
1253 1415 1748 1480 xoexHTA***

602 1522 731 1588 οὔτ’
774 1519 930 1587 οἶκον
976 1520 1114 1587 οὔτε
1136 1521 1239 1561 *¹*
1261 1520 1302 1560 ¹*
1324 1520 1797 1585 ΑΝΟΡθῶσειεν
1842 1518 1937 1585 ἄν.

243 1625 583 1712 Supererat
626 1629 695 1691 in
738 1629 927 1692 tertio
974 1626 1278 1711 denique:

607 1731 637 1795 ὅ
685 1731 738 1796 δ’
787 1731 929 1805 ἡδὺς
979 1731 1121 1796 αἰὼν
1170 1732 1204 1804 ἧ
1251 1730 1414 1805 κακή
1462 1732 1521 1793 τ’
1566 1727 1860 1809 ἀνανδρία

604 1835 733 1903 οὔτ’
780 1833 936 1901 οἶκον
983 1835 1188 1900 οὔτε*
1238 1883 1809 1900 .........

245 1940 596 2008 Semidocti
663 1946 1037 2007 correctores
1104 1939 1412 2004 damnum
1481 1941 1711 2004 sarcire
1776 1939 1986 2003 conati
2051 1937 2387 2025 vulgatam
2448 1937 2526 2003 de

162 2067 268 2113 suo
324 2047 668 2114 dederunt:
714 2046 824 2112 sed
867 2045 1040 2110 fraus
1082 2041 1380 2130 perpluit.
1472 2043 1571 2109 Ex
1615 2046 1757 2129 ipsa
1796 2045 1890 2108 rei
1932 2054 2159 2108 natura
2201 2046 2272 2108 in
2305 2043 2526 2108 huius-

163 2153 397 2218 cemodi
443 2153 756 2217 sententia
800 2154 1263 2235 componuntur
1306 2146 1460 2221 οἶκος
1513 2154 1579 2213 et
1613 2147 1790 2220 πόλις
1810 2195 1829 2226 ,
1875 2149 2014 2213 vita
2049 2153 2114 2213 et
2152 2168 2252 2213 res
2283 2147 2526 2230 privata

163 2264 221 2321 et
247 2258 519 2341 publica.
582 2253 1043 2340 Exemplorum
1086 2251 1273 2339 plena
1315 2258 1465 2318 sunt
1511 2254 1727 2318 omnia
1761 2258 1838 2317 ut
1873 2255 2283 2318 notissimum
2319 2250 2520 2318 illud:

517 2361 791 2439 γνώμαις
836 2359 965 2437 γὰρ
1008 2358 1228 2438 ἀνδρῶν
1276 2354 1343 2423 εὖ
1385 2357 1502 2436 μὲν
1547 2359 1845 2422 οἰκοῦνται
1892 2357 2103 2431 πόλεις
2128 2407 2145 2434 ,

516 2461 584 2530 εὖ
631 2466 686 2530 δ’
733 2460 909 2537 οἶκος.

161 2575 222 2636 et
274 2574 365 2637 sic
425 2572 669 2656 passim
729 2570 898 2656 apud
955 2567 1361 2653 philosophos
1420 2573 1487 2633 et
1527 2571 1764 2652 poetas.
1857 2566 2056 2632 Scioli
2104 2573 2323 2634 contra
2370 2568 2527 2654 quid

161 2676 602 2742 substituerint
644 2675 826 2741 vide:
873 2673 1002 2739 οὔτ’
1047 2668 1203 2738 οἷκον
1248 2672 1388 2738 οὔτε
1424 2681 1622 2749 γαῖαν
1659 2678 1725 2737 et
1758 2671 1886 2737 οὔτ’
1918 2668 2074 2737 οἷκον
2110 2670 2252 2737 οὔτε
2289 2673 2523 2751 βίοτον.

161 2779 373 2848 Altera
427 2781 739 2866 oppositio
783 2780 1092 2843 inusitata
1133 2781 1229 2843 est
1274 2781 1341 2841 et
1382 2776 1673 2842 inaudita
1687 2823 1705 2854 ,
1753 2775 1952 2842 altera
1995 2797 2180 2842 sensu
2222 2797 2425 2843 vacua
2461 2781 2528 2842 et

163 2885 447 2951 absurda.
541 2883 714 2970 Ergo
757 2883 992 2967 ubique
1027 2884 1097 2946 in
1131 2879 1477 2967 Florilegio
1515 2879 1926 2947 emaculando
1964 2882 2062 2948 fac
2099 2882 2292 2967 probe
2332 2881 2528 2946 huius

161 2987 394 3054 fraudis
452 2988 825 3053 memineris
883 3005 1227 3070 caveasque
1286 3005 1366 3050 ne
1428 2990 1493 3050 te
1553 2983 2012 3082 Graeculorum
2056 2991 2416 3052 commenta
2457 2989 2528 3052 in

165 3111 432 3159 errorem
515 3088 1028 3177 inexplicabilem
1099 3089 1433 3167 inducant,
1512 3094 1588 3154 ut
1659 3092 1716 3154 si
1781 3093 1924 3176 quis
1985 3093 2112 3156 οὔτ’
2169 3088 2327 3157 οἷκον
2387 3090 2528 3157 οὔτε

163 3197 362 3273 βίοτον
398 3197 557 3283 quid
602 3201 766 3262 esset
807 3214 1103 3280 quaerere
1144 3193 1359 3260 vellet.
1427 3193 1708 3260 Affertur
1750 3215 1827 3261 ex
1869 3194 2219 3262 Menandro
2261 3196 2377 3264 IX.
2417 3195 2529 3264 20.

523 3302 596 3367 τὸ
642 3301 830 3378 μηδὲν
873 3297 1101 3364 ἀδικεῖν
1147 3298 1252 3363 καὶ
1298 3301 1761 3380 Φιλανθρώπους
1806 3309 1997 3366 ποιεῖ.

164 3407 227 3468 in
285 3425 758 3491 quamcumque
817 3410 883 3470 te
939 3408 1188 3489 partem
1237 3402 1483 3468 dederis
1500 3450 1518 3481 ,
1563 3403 1729 3468 nihil
1771 3424 2082 3489 umquam
2125 3409 2264 3472 sani
2307 3428 2386 3473 ex
2427 3407 2531 3473 his

164 3512 372 3578 verbis
418 3511 762 3577 extundere
803 3512 1057 3595 poteris.
1149 3507 1212 3574 N
1214 3528 1284 3573 ec
1325 3510 1569 3573 mirum
1586 3554 1605 3586 ,
1651 3529 1803 3574 nam
1850 3509 2095 3576 dixerat
2137 3516 2359 3596 poeta:

522 3615 596 3680 τὸ
639 3614 829 3694 μηδὲν
872 3615 1102 3679 ἀδικεῖν
1148 3612 1252 3678 καὶ
1300 3612 1601 3688 καλοὺς
1651 3615 1856 3689 ἡμᾶς
1903 3623 2096 3681 ποιεῖ.

164 3720 328 3805 quod
370 3722 501 3785 nisi
555 3719 723 3805 apud
768 3717 1038 3784 Sextum
1080 3717 1481 3803 Empiricum
1527 3724 1801 3784 exstaret
1840 3719 1918 3783 de
1960 3718 2298 3785 Menandri
2342 3741 2532 3787 versu

165 3830 324 3888 esset
384 3829 603 3889 actum
618 3869 637 3900 ,
700 3823 849 3889 vide
906 3822 1327 3889 Meinekium.
1405 3821 1603 3909 Origo
1646 3822 1808 3889 mali
1859 3826 2190 3908 perspicua
2242 3829 2373 3890 est:
2429 3846 2533 3891 su·

163 3931 413 4011 peterat

530 4030 602 4096 τὸ
648 4032 837 4110 μηδὲν
882 4032 1113 4098 ἀδικεῖν
1157 4032 1573 4098 καὶ’”””””’””””ι
1617 4041 1811 4098 ποιεῖ.

167 4141 494 4221 poteratne
548 4136 961 4222 interpolator
1015 4140 1292 4222 ineptius
1354 4137 1703 4223 quidquam
1761 4140 2028 4202 inserere
2074 4159 2266 4222 quam
2310 4144 2535 4221 Φιλαν-

169 4239 470 4320 θρώπουςῗ
