<?xml version="1.0" encoding="UTF-8"?>
<!DOCTYPE html PUBLIC "-//W3C//DTD XHTML 1.0 Transitional//EN"
    "http://www.w3.org/TR/xhtml1/DTD/xhtml1-transitional.dtd">
<html xmlns="http://www.w3.org/1999/xhtml" xml:lang="en" lang="en">
 <head>
  <title>
</title>
<meta http-equiv="Content-Type" content="text/html;charset=utf-8" />
  <meta name='ocr-system' content='tesseract 3.04.00' />
  <meta name='ocr-capabilities' content='ocr_page ocr_carea ocr_par ocr_line ocrx_word'/>
</head>
<body>
  <div class='ocr_page' id='page_1' title='image "./mnemosynebiblio09servgoog/mnemosynebiblio09servgoog_0859.png"; bbox 0 0 2934 5050; ppageno 0'>
   <div class='ocr_carea' id='block_1_1' title="bbox 1258 290 2673 361">
    <p class='ocr_par' dir='ltr' id='par_1_1' title="bbox 1258 290 2673 361">
     <span class='ocr_line' id='line_1_1' title="bbox 1258 290 2673 361; baseline 0.001 -2"><span class='ocrx_word' id='word_1_1' title='bbox 1258 309 1682 361; x_wconf 71' lang='lat' dir='ltr'><strong>rnuornmm.</strong></span> <span class='ocrx_word' id='word_1_2' title='bbox 1776 326 1780 331; x_wconf 92' lang='lat'><em>-</em></span> <span class='ocrx_word' id='word_1_3' title='bbox 2539 290 2673 361; x_wconf 79' lang='lat'><strong>287</strong></span> 
     </span>
    </p>
   </div>
   <div class='ocr_carea' id='block_1_2' title="bbox 56 476 2673 1302">
    <p class='ocr_par' dir='ltr' id='par_1_2' title="bbox 56 476 2673 1302">
     <span class='ocr_line' id='line_1_2' title="bbox 56 476 2669 567; baseline 0.004 -30"><span class='ocrx_word' id='word_1_4' title='bbox 56 500 126 537; x_wconf 71' lang='grc' dir='ltr'><strong>τι</strong></span> <span class='ocrx_word' id='word_1_5' title='bbox 157 498 244 547; x_wconf 66' lang='lat'><strong>¹2</strong></span> <span class='ocrx_word' id='word_1_6' title='bbox 285 493 486 559; x_wconf 84' lang='lat' dir='ltr'><strong>quum</strong></span> <span class='ocrx_word' id='word_1_7' title='bbox 531 476 709 545; x_wconf 83' lang='lat' dir='ltr'><strong>aliud</strong></span> <span class='ocrx_word' id='word_1_8' title='bbox 753 476 1123 563; x_wconf 80' lang='lat' dir='ltr'><strong>exemplum</strong></span> <span class='ocrx_word' id='word_1_9' title='bbox 1165 479 1230 543; x_wconf 74' lang='grc' dir='ltr'><strong><em>ἐν</em></strong></span> <span class='ocrx_word' id='word_1_10' title='bbox 1272 479 1358 561; x_wconf 72' lang='grc' dir='ltr'><strong>τῷ</strong></span> <span class='ocrx_word' id='word_1_11' title='bbox 1405 481 1611 562; x_wconf 72' lang='grc' dir='ltr'><strong><em>τοιῷδε</em></strong></span> <span class='ocrx_word' id='word_1_12' title='bbox 1653 478 1923 560; x_wconf 69' lang='grc' dir='ltr'><strong><em>ἀξιοῦντι</em></strong></span> <span class='ocrx_word' id='word_1_13' title='bbox 1969 479 2108 567; x_wconf 89' lang='grc' dir='ltr'><strong>(ΠΙ.</strong></span> <span class='ocrx_word' id='word_1_14' title='bbox 2136 479 2274 561; x_wconf 85' lang='grc'><strong>43.)</strong></span> <span class='ocrx_word' id='word_1_15' title='bbox 2313 480 2669 549; x_wconf 79' lang='lat' dir='ltr'><strong>malevolus</strong></span> 
     </span>
     <span class='ocr_line' id='line_1_3' title="bbox 91 583 2672 672; baseline 0.002 -25"><span class='ocrx_word' id='word_1_16' title='bbox 91 604 242 647; x_wconf 67' lang='lat' dir='ltr'><strong>:uz</strong></span> <span class='ocrx_word' id='word_1_17' title='bbox 286 585 601 649; x_wconf 89' lang='lat' dir='ltr'><strong>coniector</strong></span> <span class='ocrx_word' id='word_1_18' title='bbox 662 583 1026 649; x_wconf 77' lang='lat' dir='ltr'><strong>dissecando</strong></span> <span class='ocrx_word' id='word_1_19' title='bbox 1084 584 1449 669; x_wconf 78' lang='lat' dir='ltr'>perdiderit.</span> <span class='ocrx_word' id='word_1_20' title='bbox 1530 585 1961 672; x_wconf 83' lang='lat' dir='ltr'><strong>(Quamquam</strong></span> <span class='ocrx_word' id='word_1_21' title='bbox 2021 589 2087 650; x_wconf 91' lang='lat' dir='ltr'><strong>et</strong></span> <span class='ocrx_word' id='word_1_22' title='bbox 2140 585 2235 651; x_wconf 89' lang='lat' dir='ltr'><strong>ibi</strong></span> <span class='ocrx_word' id='word_1_23' title='bbox 2302 586 2672 653; x_wconf 83' lang='lat' dir='ltr'><strong>Bekkerum</strong></span> 
     </span>
     <span class='ocr_line' id='line_1_4' title="bbox 56 686 2670 777; baseline 0.001 -22"><span class='ocrx_word' id='word_1_24' title='bbox 56 714 122 755; x_wconf 67' lang='lat' dir='ltr'><strong>z.</strong></span> <span class='ocrx_word' id='word_1_25' title='bbox 155 710 236 755; x_wconf 77' lang='grc' dir='ltr'><strong>ιε</strong></span> <span class='ocrx_word' id='word_1_26' title='bbox 285 687 472 753; x_wconf 82' lang='lat' dir='ltr'><strong>video</strong></span> <span class='ocrx_word' id='word_1_27' title='bbox 517 686 786 765; x_wconf 73' lang='grc' dir='ltr'><strong>ἀξιοῦντι</strong></span> <span class='ocrx_word' id='word_1_28' title='bbox 830 690 1100 754; x_wconf 88' lang='lat' dir='ltr'><strong>retinere</strong></span> <span class='ocrx_word' id='word_1_29' title='bbox 1115 736 1134 767; x_wconf 92' lang='lat'><strong>,</strong></span> <span class='ocrx_word' id='word_1_30' title='bbox 1193 690 1303 757; x_wconf 89' lang='lat' dir='ltr'><strong>sed</strong></span> <span class='ocrx_word' id='word_1_31' title='bbox 1357 711 1484 757; x_wconf 92' lang='lat' dir='ltr'><strong>non</strong></span> <span class='ocrx_word' id='word_1_32' title='bbox 1528 696 1625 757; x_wconf 92' lang='lat' dir='ltr'><strong>est</strong></span> <span class='ocrx_word' id='word_1_33' title='bbox 1669 689 2095 757; x_wconf 88' lang='lat' dir='ltr'><strong>dubitandum</strong></span> <span class='ocrx_word' id='word_1_34' title='bbox 2139 694 2295 777; x_wconf 92' lang='lat' dir='ltr'><strong>quin</strong></span> <span class='ocrx_word' id='word_1_35' title='bbox 2337 692 2670 759; x_wconf 81' lang='lat' dir='ltr'><strong>verissime</strong></span> 
     </span>
     <span class='ocr_line' id='line_1_5' title="bbox 56 794 2670 880; baseline 0 -18"><span class='ocrx_word' id='word_1_36' title='bbox 56 822 76 863; x_wconf 74' lang='grc' dir='ltr'><strong><em>ι</em></strong></span> <span class='ocrx_word' id='word_1_37' title='bbox 105 818 226 862; x_wconf 67' lang='grc' dir='ltr'><strong>..τι</strong></span> <span class='ocrx_word' id='word_1_38' title='bbox 289 795 625 858; x_wconf 84' lang='lat' dir='ltr'><strong>coniecerit</strong></span> <span class='ocrx_word' id='word_1_39' title='bbox 683 796 1068 879; x_wconf 83' lang='lat' dir='ltr'><strong>quicumque</strong></span> <span class='ocrx_word' id='word_1_40' title='bbox 1128 797 1414 880; x_wconf 84' lang='lat' dir='ltr'><strong>primum</strong></span> <span class='ocrx_word' id='word_1_41' title='bbox 1430 842 1450 874; x_wconf 95' lang='lat'><strong>,</strong></span> <span class='ocrx_word' id='word_1_42' title='bbox 1512 794 1718 873; x_wconf 72' lang='grc' dir='ltr'><strong><em>ἀξιοῦν</em></strong></span> <span class='ocrx_word' id='word_1_43' title='bbox 1762 820 1822 862; x_wconf 86' lang='grc' dir='ltr'><strong>τι</strong></span> <span class='ocrx_word' id='word_1_44' title='bbox 1870 796 2039 873; x_wconf 68' lang='grc' dir='ltr'><strong>ἡμᾶς</strong></span> <span class='ocrx_word' id='word_1_45' title='bbox 2086 795 2420 878; x_wconf 70' lang='grc' dir='ltr'><strong><em>περαιτέρω</em></strong></span> <span class='ocrx_word' id='word_1_46' title='bbox 2468 819 2670 878; x_wconf 71' lang='grc' dir='ltr'><strong><em>προνο-</em></strong></span> 
     </span>
     <span class='ocr_line' id='line_1_6' title="bbox 56 897 2673 988; baseline 0.003 -28"><span class='ocrx_word' id='word_1_47' title='bbox 56 909 98 971; x_wconf 69' lang='lat'><strong>1,-</strong></span> <span class='ocrx_word' id='word_1_48' title='bbox 129 926 230 969; x_wconf 56' lang='grc' dir='ltr'><strong>φ.-</strong></span> <span class='ocrx_word' id='word_1_49' title='bbox 287 902 509 970; x_wconf 78' lang='grc' dir='ltr'><strong><em>οῦντας</em></strong></span> <span class='ocrx_word' id='word_1_50' title='bbox 571 897 829 983; x_wconf 73' lang='grc' dir='ltr'><strong><em>λέγειν.)</em></strong></span> <span class='ocrx_word' id='word_1_51' title='bbox 894 898 1006 964; x_wconf 91' lang='lat' dir='ltr'><strong>sed</strong></span> <span class='ocrx_word' id='word_1_52' title='bbox 1063 899 1214 966; x_wconf 89' lang='lat' dir='ltr'><strong>hinc</strong></span> <span class='ocrx_word' id='word_1_53' title='bbox 1277 900 1597 986; x_wconf 89' lang='lat' dir='ltr'><strong>quodnam</strong></span> <span class='ocrx_word' id='word_1_54' title='bbox 1658 900 1986 988; x_wconf 78' lang='lat' dir='ltr'><strong>refugium</strong></span> <span class='ocrx_word' id='word_1_55' title='bbox 2041 898 2476 988; x_wconf 77' lang='lat' dir='ltr'><strong>excogitabis?</strong></span> <span class='ocrx_word' id='word_1_56' title='bbox 2544 899 2673 969; x_wconf 84' lang='lat' dir='ltr'><strong>Sed</strong></span> 
     </span>
     <span class='ocr_line' id='line_1_7' title="bbox 91 1001 2671 1077; baseline 0 -5"><span class='ocrx_word' id='word_1_57' title='bbox 91 1040 122 1077; x_wconf 69' lang='lat' dir='ltr'><strong>s</strong></span> <span class='ocrx_word' id='word_1_58' title='bbox 149 1030 224 1073; x_wconf 75' lang='lat'><strong>¹-</strong></span> <span class='ocrx_word' id='word_1_59' title='bbox 291 1001 626 1068; x_wconf 83' lang='lat' dir='ltr'><strong>videamus</strong></span> <span class='ocrx_word' id='word_1_60' title='bbox 685 1005 1085 1069; x_wconf 87' lang='lat' dir='ltr'><strong>sententiam.</strong></span> <span class='ocrx_word' id='word_1_61' title='bbox 1154 1003 1450 1071; x_wconf 85' lang='lat' dir='ltr'><strong>Brasidas</strong></span> <span class='ocrx_word' id='word_1_62' title='bbox 1510 1008 1605 1071; x_wconf 91' lang='lat' dir='ltr'><strong>ait</strong></span> <span class='ocrx_word' id='word_1_63' title='bbox 1647 1025 1714 1071; x_wconf 89' lang='lat' dir='ltr'><strong>se</strong></span> <span class='ocrx_word' id='word_1_64' title='bbox 1758 1002 1926 1073; x_wconf 81' lang='lat' dir='ltr'><strong>velle</strong></span> <span class='ocrx_word' id='word_1_65' title='bbox 1971 1006 2043 1070; x_wconf 94' lang='lat' dir='ltr'><strong>in</strong></span> <span class='ocrx_word' id='word_1_66' title='bbox 2085 1005 2505 1072; x_wconf 75' lang='lat' dir='ltr'><strong>Athenienses</strong></span> <span class='ocrx_word' id='word_1_67' title='bbox 2547 1008 2671 1072; x_wconf 88' lang='lat' dir='ltr'><strong>im-</strong></span> 
     </span>
     <span class='ocr_line' id='line_1_8' title="bbox 83 1108 2667 1197; baseline 0.002 -26"><span class='ocrx_word' id='word_1_68' title='bbox 83 1140 214 1197; x_wconf 61' lang='lat'><strong>2,-</strong></span> <span class='ocrx_word' id='word_1_69' title='bbox 291 1112 519 1192; x_wconf 90' lang='lat' dir='ltr'><strong>petum</strong></span> <span class='ocrx_word' id='word_1_70' title='bbox 577 1108 780 1176; x_wconf 84' lang='lat' dir='ltr'><strong>facere</strong></span> <span class='ocrx_word' id='word_1_71' title='bbox 794 1154 814 1186; x_wconf 94' lang='lat'><strong>,</strong></span> <span class='ocrx_word' id='word_1_72' title='bbox 875 1109 1034 1173; x_wconf 91' lang='lat' dir='ltr'><strong>dum</strong></span> <span class='ocrx_word' id='word_1_73' title='bbox 1091 1112 1393 1194; x_wconf 76' lang='lat' dir='ltr'><strong>imparati</strong></span> <span class='ocrx_word' id='word_1_74' title='bbox 1448 1115 1516 1176; x_wconf 92' lang='lat' dir='ltr'><strong>et</strong></span> <span class='ocrx_word' id='word_1_75' title='bbox 1558 1113 1765 1177; x_wconf 90' lang='lat' dir='ltr'><strong>securi</strong></span> <span class='ocrx_word' id='word_1_76' title='bbox 1807 1130 2002 1195; x_wconf 88' lang='lat' dir='ltr'><strong>prope</strong></span> <span class='ocrx_word' id='word_1_77' title='bbox 2044 1114 2262 1196; x_wconf 88' lang='lat' dir='ltr'><strong>portas</strong></span> <span class='ocrx_word' id='word_1_78' title='bbox 2303 1116 2635 1176; x_wconf 88' lang='lat' dir='ltr'><strong>morantur</strong></span> <span class='ocrx_word' id='word_1_79' title='bbox 2649 1155 2667 1189; x_wconf 92' lang='lat'><strong>,</strong></span> 
     </span>
     <span class='ocr_line' id='line_1_9' title="bbox 56 1213 2672 1302; baseline 0.001 -25"><span class='ocrx_word' id='word_1_80' title='bbox 56 1224 210 1293; x_wconf 51' lang='grc' dir='ltr'><strong>τὰ</strong></span> <span class='ocrx_word' id='word_1_81' title='bbox 295 1217 362 1278; x_wconf 89' lang='lat' dir='ltr'><strong>et</strong></span> <span class='ocrx_word' id='word_1_82' title='bbox 423 1215 662 1278; x_wconf 86' lang='lat' dir='ltr'><strong>sensim</strong></span> <span class='ocrx_word' id='word_1_83' title='bbox 714 1214 989 1279; x_wconf 91' lang='lat' dir='ltr'><strong>abeundi</strong></span> <span class='ocrx_word' id='word_1_84' title='bbox 1053 1216 1270 1300; x_wconf 91' lang='lat' dir='ltr'><strong>potius</strong></span> <span class='ocrx_word' id='word_1_85' title='bbox 1326 1236 1522 1302; x_wconf 89' lang='lat' dir='ltr'><strong>quam</strong></span> <span class='ocrx_word' id='word_1_86' title='bbox 1577 1214 1879 1283; x_wconf 88' lang='lat' dir='ltr'><strong>manendi</strong></span> <span class='ocrx_word' id='word_1_87' title='bbox 1935 1213 2275 1281; x_wconf 85' lang='lat' dir='ltr'><strong>consilium</strong></span> <span class='ocrx_word' id='word_1_88' title='bbox 2334 1216 2406 1280; x_wconf 93' lang='lat' dir='ltr'><strong>in</strong></span> <span class='ocrx_word' id='word_1_89' title='bbox 2458 1216 2672 1280; x_wconf 90' lang='lat' dir='ltr'><strong>animo</strong></span> 
     </span>
    </p>
   </div>
   <div class='ocr_carea' id='block_1_3' title="bbox 292 1315 2691 4444">
    <p class='ocr_par' dir='ltr' id='par_1_3' title="bbox 292 1315 2687 3920">
     <span class='ocr_line' id='line_1_10' title="bbox 293 1315 2668 1406; baseline 0.001 -23"><span class='ocrx_word' id='word_1_90' title='bbox 293 1316 550 1383; x_wconf 86' lang='lat' dir='ltr'><strong>habent.</strong></span> <span class='ocrx_word' id='word_1_91' title='bbox 621 1315 729 1383; x_wconf 80' lang='lat' dir='ltr'><strong>Sic</strong></span> <span class='ocrx_word' id='word_1_92' title='bbox 791 1320 966 1383; x_wconf 91' lang='lat' dir='ltr'><strong>enim</strong></span> <span class='ocrx_word' id='word_1_93' title='bbox 1009 1323 1370 1398; x_wconf 84' lang='lat' dir='ltr'><strong>vertamus,</strong></span> <span class='ocrx_word' id='word_1_94' title='bbox 1435 1322 1493 1385; x_wconf 92' lang='lat' dir='ltr'><strong>si</strong></span> <span class='ocrx_word' id='word_1_95' title='bbox 1536 1320 1746 1406; x_wconf 91' lang='lat' dir='ltr'><strong>placet</strong></span> <span class='ocrx_word' id='word_1_96' title='bbox 1759 1348 1788 1399; x_wconf 93' lang='lat'><strong>,·</strong></span> <span class='ocrx_word' id='word_1_97' title='bbox 1828 1338 2031 1405; x_wconf 90' lang='lat' dir='ltr'><strong>neque</strong></span> <span class='ocrx_word' id='word_1_98' title='bbox 2075 1320 2250 1385; x_wconf 88' lang='lat' dir='ltr'><strong>istud</strong></span> <span class='ocrx_word' id='word_1_99' title='bbox 2295 1317 2483 1386; x_wconf 75' lang='grc' dir='ltr'><strong><em>πλέον</em></strong></span> <span class='ocrx_word' id='word_1_100' title='bbox 2529 1318 2668 1385; x_wconf 67' lang='grc' dir='ltr'><strong><em>αντὶ</em></strong></span> 
     </span>
     <span class='ocr_line' id='line_1_11' title="bbox 292 1425 2669 1511; baseline 0.002 -25"><span class='ocrx_word' id='word_1_101' title='bbox 292 1425 403 1486; x_wconf 77' lang='grc' dir='ltr'><strong>τοῦ</strong></span> <span class='ocrx_word' id='word_1_102' title='bbox 463 1425 710 1498; x_wconf 76' lang='grc' dir='ltr'><strong><em>μᾶλλον</em></strong></span> <span class='ocrx_word' id='word_1_103' title='bbox 766 1442 1146 1509; x_wconf 83' lang='lat' dir='ltr'><strong>concoquere</strong></span> <span class='ocrx_word' id='word_1_104' title='bbox 1189 1445 1556 1491; x_wconf 72' lang='lat' dir='ltr'><strong>recusemus</strong></span> <span class='ocrx_word' id='word_1_105' title='bbox 1572 1471 1591 1503; x_wconf 91' lang='lat'><strong>,</strong></span> <span class='ocrx_word' id='word_1_106' title='bbox 1639 1446 1718 1491; x_wconf 91' lang='lat' dir='ltr'><strong>ne</strong></span> <span class='ocrx_word' id='word_1_107' title='bbox 1763 1426 1960 1490; x_wconf 89' lang='lat' dir='ltr'><strong>nimis</strong></span> <span class='ocrx_word' id='word_1_108' title='bbox 2004 1425 2271 1511; x_wconf 77' lang='lat' dir='ltr'><strong>captiosi</strong></span> <span class='ocrx_word' id='word_1_109' title='bbox 2314 1425 2669 1491; x_wconf 82' lang='lat' dir='ltr'><strong>videamur.</strong></span> 
     </span>
     <span class='ocr_line' id='line_1_12' title="bbox 293 1524 2670 1608; baseline 0.003 -18"><span class='ocrx_word' id='word_1_110' title='bbox 293 1524 506 1607; x_wconf 80' lang='lat' dir='ltr'><strong>Quid?</strong></span> <span class='ocrx_word' id='word_1_111' title='bbox 552 1548 632 1592; x_wconf 87' lang='lat' dir='ltr'><strong>an</strong></span> <span class='ocrx_word' id='word_1_112' title='bbox 672 1528 1012 1594; x_wconf 81' lang='lat' dir='ltr'><strong>verebatur</strong></span> <span class='ocrx_word' id='word_1_113' title='bbox 1045 1550 1127 1595; x_wconf 90' lang='lat' dir='ltr'><strong>ne</strong></span> <span class='ocrx_word' id='word_1_114' title='bbox 1142 1575 1161 1607; x_wconf 96' lang='lat'><strong>,</strong></span> <span class='ocrx_word' id='word_1_115' title='bbox 1206 1535 1459 1594; x_wconf 88' lang='lat' dir='ltr'><strong>mutato</strong></span> <span class='ocrx_word' id='word_1_116' title='bbox 1505 1528 1768 1597; x_wconf 89' lang='lat' dir='ltr'><strong>consilio</strong></span> <span class='ocrx_word' id='word_1_117' title='bbox 1783 1576 1803 1608; x_wconf 95' lang='lat'><strong>,</strong></span> <span class='ocrx_word' id='word_1_118' title='bbox 1849 1527 2219 1596; x_wconf 79' lang='lat' dir='ltr'><strong>manerent?</strong></span> <span class='ocrx_word' id='word_1_119' title='bbox 2263 1527 2670 1596; x_wconf 70' lang='lat' dir='ltr'><strong>Ridiculum!</strong></span> 
     </span>
     <span class='ocr_line' id='line_1_13' title="bbox 292 1631 2674 1719; baseline 0.002 -22"><span class='ocrx_word' id='word_1_120' title='bbox 292 1633 478 1718; x_wconf 85' lang='lat' dir='ltr'><strong>quasi</strong></span> <span class='ocrx_word' id='word_1_121' title='bbox 519 1631 814 1698; x_wconf 87' lang='lat' dir='ltr'><strong>Brasidas</strong></span> <span class='ocrx_word' id='word_1_122' title='bbox 855 1652 961 1699; x_wconf 88' lang='lat' dir='ltr'><strong>eos</strong></span> <span class='ocrx_word' id='word_1_123' title='bbox 1006 1633 1240 1700; x_wconf 87' lang='lat' dir='ltr'><strong>adoriri</strong></span> <span class='ocrx_word' id='word_1_124' title='bbox 1284 1639 1497 1719; x_wconf 90' lang='lat' dir='ltr'><strong>posset</strong></span> <span class='ocrx_word' id='word_1_125' title='bbox 1539 1637 1667 1701; x_wconf 91' lang='lat' dir='ltr'><strong>nisi</strong></span> <span class='ocrx_word' id='word_1_126' title='bbox 1710 1641 2058 1701; x_wconf 85' lang='lat' dir='ltr'><strong>manerent.</strong></span> <span class='ocrx_word' id='word_1_127' title='bbox 2120 1633 2249 1701; x_wconf 80' lang='lat' dir='ltr'><strong>Sed</strong></span> <span class='ocrx_word' id='word_1_128' title='bbox 2286 1638 2382 1701; x_wconf 88' lang='lat' dir='ltr'><strong>ita</strong></span> <span class='ocrx_word' id='word_1_129' title='bbox 2416 1656 2674 1702; x_wconf 90' lang='lat' dir='ltr'><strong>manere</strong></span> 
     </span>
     <span class='ocr_line' id='line_1_14' title="bbox 295 1734 2675 1827; baseline 0.001 -23"><span class='ocrx_word' id='word_1_130' title='bbox 295 1734 555 1804; x_wconf 80' lang='lat' dir='ltr'><strong>volebat</strong></span> <span class='ocrx_word' id='word_1_131' title='bbox 570 1783 589 1815; x_wconf 91' lang='lat'><strong>,</strong></span> <span class='ocrx_word' id='word_1_132' title='bbox 635 1742 714 1802; x_wconf 91' lang='lat' dir='ltr'><strong>ut</strong></span> <span class='ocrx_word' id='word_1_133' title='bbox 757 1757 883 1823; x_wconf 90' lang='lat' dir='ltr'><strong>quo</strong></span> <span class='ocrx_word' id='word_1_134' title='bbox 927 1739 1059 1804; x_wconf 89' lang='lat' dir='ltr'><strong>iam</strong></span> <span class='ocrx_word' id='word_1_135' title='bbox 1098 1739 1176 1804; x_wconf 93' lang='lat' dir='ltr'><strong>de</strong></span> <span class='ocrx_word' id='word_1_136' title='bbox 1215 1739 1505 1805; x_wconf 88' lang='lat' dir='ltr'><strong>abeundo</strong></span> <span class='ocrx_word' id='word_1_137' title='bbox 1528 1742 1917 1827; x_wconf 78' lang='lat' dir='ltr'><strong>cogitarent,</strong></span> <span class='ocrx_word' id='word_1_138' title='bbox 1962 1760 2115 1807; x_wconf 88' lang='lat' dir='ltr'><strong>nam</strong></span> <span class='ocrx_word' id='word_1_139' title='bbox 2151 1741 2222 1806; x_wconf 89' lang='lat' dir='ltr'><strong>id</strong></span> <span class='ocrx_word' id='word_1_140' title='bbox 2258 1742 2474 1826; x_wconf 90' lang='lat' dir='ltr'><strong>ipsum</strong></span> <span class='ocrx_word' id='word_1_141' title='bbox 2512 1745 2675 1806; x_wconf 86' lang='lat' dir='ltr'><strong>tem·</strong></span> 
     </span>
     <span class='ocr_line' id='line_1_15' title="bbox 295 1842 2677 1930; baseline 0.002 -23"><span class='ocrx_word' id='word_1_142' title='bbox 295 1845 469 1928; x_wconf 89' lang='lat' dir='ltr'><strong>poris</strong></span> <span class='ocrx_word' id='word_1_143' title='bbox 515 1846 650 1908; x_wconf 92' lang='lat' dir='ltr'><strong>erat</strong></span> <span class='ocrx_word' id='word_1_144' title='bbox 663 1889 683 1921; x_wconf 95' lang='lat'><strong>,</strong></span> <span class='ocrx_word' id='word_1_145' title='bbox 731 1862 855 1929; x_wconf 90' lang='lat' dir='ltr'><strong>quo</strong></span> <span class='ocrx_word' id='word_1_146' title='bbox 899 1844 1386 1929; x_wconf 89' lang='lat' dir='ltr'><strong>imparatissimi</strong></span> <span class='ocrx_word' id='word_1_147' title='bbox 1431 1850 1612 1911; x_wconf 89' lang='lat' dir='ltr'><strong>erant</strong></span> <span class='ocrx_word' id='word_1_148' title='bbox 1656 1845 1878 1910; x_wconf 88' lang='lat' dir='ltr'><strong>futuri.</strong></span> <span class='ocrx_word' id='word_1_149' title='bbox 1944 1842 2118 1911; x_wconf 79' lang='lat' dir='ltr'><strong>Satis</strong></span> <span class='ocrx_word' id='word_1_150' title='bbox 2153 1850 2368 1930; x_wconf 89' lang='lat' dir='ltr'><strong>patere</strong></span> <span class='ocrx_word' id='word_1_151' title='bbox 2406 1846 2677 1911; x_wconf 87' lang='lat' dir='ltr'><strong>arbitror</strong></span> 
     </span>
     <span class='ocr_line' id='line_1_16' title="bbox 297 1945 2675 2035; baseline 0.002 -23"><span class='ocrx_word' id='word_1_152' title='bbox 297 1945 466 2012; x_wconf 81' lang='lat' dir='ltr'><strong>illud</strong></span> <span class='ocrx_word' id='word_1_153' title='bbox 513 1948 696 2025; x_wconf 80' lang='lat' dir='ltr'><strong>„dum</strong></span> <span class='ocrx_word' id='word_1_154' title='bbox 740 1949 816 2012; x_wconf 80' lang='lat' dir='ltr'><strong>de</strong></span> <span class='ocrx_word' id='word_1_155' title='bbox 858 1948 1125 2012; x_wconf 78' lang='lat' dir='ltr'><strong>abeundo</strong></span> <span class='ocrx_word' id='word_1_156' title='bbox 1162 1949 1457 2031; x_wconf 58' lang='lat' dir='ltr'><strong>coqitanW</strong></span> <span class='ocrx_word' id='word_1_157' title='bbox 1492 1969 1617 2015; x_wconf 90' lang='lat' dir='ltr'><strong>non</strong></span> <span class='ocrx_word' id='word_1_158' title='bbox 1656 1952 1751 2014; x_wconf 87' lang='lat' dir='ltr'><strong>ita</strong></span> <span class='ocrx_word' id='word_1_159' title='bbox 1786 1949 1913 2016; x_wconf 89' lang='lat' dir='ltr'><strong>dici</strong></span> <span class='ocrx_word' id='word_1_160' title='bbox 1947 1969 2128 2035; x_wconf 86' lang='lat' dir='ltr'><strong>posse</strong></span> <span class='ocrx_word' id='word_1_161' title='bbox 2168 1955 2497 2034; x_wconf 87' lang='lat' dir='ltr'><strong>tamquam</strong></span> <span class='ocrx_word' id='word_1_162' title='bbox 2532 1969 2675 2016; x_wconf 88' lang='lat' dir='ltr'><strong>con·</strong></span> 
     </span>
     <span class='ocr_line' id='line_1_17' title="bbox 297 2050 2675 2141; baseline 0.002 -24"><span class='ocrx_word' id='word_1_163' title='bbox 297 2054 572 2117; x_wconf 86' lang='lat' dir='ltr'><strong>trarium</strong></span> <span class='ocrx_word' id='word_1_164' title='bbox 631 2050 769 2117; x_wconf 86' lang='lat' dir='ltr'><strong>fieri</strong></span> <span class='ocrx_word' id='word_1_165' title='bbox 828 2059 1040 2138; x_wconf 90' lang='lat' dir='ltr'><strong>posset</strong></span> <span class='ocrx_word' id='word_1_166' title='bbox 1054 2101 1072 2132; x_wconf 93' lang='lat'><strong>,</strong></span> <span class='ocrx_word' id='word_1_167' title='bbox 1132 2060 1209 2119; x_wconf 87' lang='lat' dir='ltr'><strong>ut</strong></span> <span class='ocrx_word' id='word_1_168' title='bbox 1262 2054 1461 2120; x_wconf 89' lang='lat' dir='ltr'><strong>iidem</strong></span> <span class='ocrx_word' id='word_1_169' title='bbox 1511 2055 1589 2122; x_wconf 90' lang='lat' dir='ltr'><strong>de</strong></span> <span class='ocrx_word' id='word_1_170' title='bbox 1632 2076 1752 2119; x_wconf 72' lang='lat' dir='ltr'><strong>non</strong></span> <span class='ocrx_word' id='word_1_171' title='bbox 1796 2053 2082 2119; x_wconf 88' lang='lat' dir='ltr'><strong>abeundo</strong></span> <span class='ocrx_word' id='word_1_172' title='bbox 2127 2056 2514 2141; x_wconf 80' lang='lat' dir='ltr'><strong>cogitarent,</strong></span> <span class='ocrx_word' id='word_1_173' title='bbox 2565 2054 2675 2121; x_wconf 90' lang='lat' dir='ltr'><strong>sed</strong></span> 
     </span>
     <span class='ocr_line' id='line_1_18' title="bbox 299 2155 2677 2247; baseline 0.001 -24"><span class='ocrx_word' id='word_1_174' title='bbox 299 2158 586 2245; x_wconf 77' lang='lat' dir='ltr'><strong>cogitata</strong></span> <span class='ocrx_word' id='word_1_175' title='bbox 627 2155 1012 2242; x_wconf 87' lang='lat' dir='ltr'><strong>perficerent.</strong></span> <span class='ocrx_word' id='word_1_176' title='bbox 1085 2158 1277 2225; x_wconf 89' lang='lat' dir='ltr'><strong>Vides</strong></span> <span class='ocrx_word' id='word_1_177' title='bbox 1319 2162 1528 2247; x_wconf 80' lang='lat' dir='ltr'><strong>igitur</strong></span> <span class='ocrx_word' id='word_1_178' title='bbox 1570 2180 1763 2245; x_wconf 88' lang='lat' dir='ltr'><strong>quam</strong></span> <span class='ocrx_word' id='word_1_179' title='bbox 1800 2157 1992 2246; x_wconf 81' lang='lat' dir='ltr'><strong>longe</strong></span> <span class='ocrx_word' id='word_1_180' title='bbox 2033 2178 2072 2225; x_wconf 91' lang='lat' dir='ltr'><strong>a</strong></span> <span class='ocrx_word' id='word_1_181' title='bbox 2114 2158 2415 2226; x_wconf 74' lang='lat' dir='ltr'><strong>Bra-sidae</strong></span> <span class='ocrx_word' id='word_1_182' title='bbox 2460 2164 2677 2226; x_wconf 88' lang='lat' dir='ltr'><strong>mente</strong></span> 
     </span>
     <span class='ocr_line' id='line_1_19' title="bbox 301 2260 2677 2352; baseline 0.002 -25"><span class='ocrx_word' id='word_1_183' title='bbox 301 2266 369 2327; x_wconf 92' lang='lat' dir='ltr'><strong>et</strong></span> <span class='ocrx_word' id='word_1_184' title='bbox 412 2281 452 2327; x_wconf 90' lang='lat' dir='ltr'><strong>a</strong></span> <span class='ocrx_word' id='word_1_185' title='bbox 495 2260 889 2348; x_wconf 76' lang='lat' dir='ltr'><strong>Thucydidis</strong></span> <span class='ocrx_word' id='word_1_186' title='bbox 947 2266 1227 2329; x_wconf 91' lang='lat' dir='ltr'><strong>oratione</strong></span> <span class='ocrx_word' id='word_1_187' title='bbox 1268 2265 1641 2330; x_wconf 85' lang='lat' dir='ltr'><strong>recesserint</strong></span> <span class='ocrx_word' id='word_1_188' title='bbox 1683 2283 1842 2349; x_wconf 89' lang='lat' dir='ltr'><strong>quae</strong></span> <span class='ocrx_word' id='word_1_189' title='bbox 1877 2263 2067 2330; x_wconf 91' lang='lat' dir='ltr'><strong>hodie</strong></span> <span class='ocrx_word' id='word_1_190' title='bbox 2108 2262 2408 2352; x_wconf 80' lang='lat' dir='ltr'><strong>legimus.</strong></span> <span class='ocrx_word' id='word_1_191' title='bbox 2456 2264 2677 2350; x_wconf 85' lang='lat' dir='ltr'><strong>Neque</strong></span> 
     </span>
     <span class='ocr_line' id='line_1_20' title="bbox 300 2364 2678 2455; baseline 0.001 -23"><span class='ocrx_word' id='word_1_192' title='bbox 300 2371 521 2432; x_wconf 87' lang='lat' dir='ltr'><strong>tamen</strong></span> <span class='ocrx_word' id='word_1_193' title='bbox 578 2368 673 2432; x_wconf 89' lang='lat' dir='ltr'><strong>ita</strong></span> <span class='ocrx_word' id='word_1_194' title='bbox 729 2364 922 2455; x_wconf 78' lang='lat' dir='ltr'><strong>longe</strong></span> <span class='ocrx_word' id='word_1_195' title='bbox 978 2372 1056 2433; x_wconf 91' lang='lat' dir='ltr'><strong>ut</strong></span> <span class='ocrx_word' id='word_1_196' title='bbox 1112 2368 1361 2453; x_wconf 87' lang='lat' dir='ltr'><strong>perdita</strong></span> <span class='ocrx_word' id='word_1_197' title='bbox 1416 2388 1786 2455; x_wconf 85' lang='lat' dir='ltr'><strong>recuperare</strong></span> <span class='ocrx_word' id='word_1_198' title='bbox 1838 2389 2227 2454; x_wconf 85' lang='lat' dir='ltr'><strong>nequeamus</strong></span> <span class='ocrx_word' id='word_1_199' title='bbox 2287 2364 2396 2442; x_wconf 77' lang='grc' dir='ltr'><strong>ἕως</strong></span> <span class='ocrx_word' id='word_1_200' title='bbox 2439 2407 2528 2420; x_wconf 92' lang='lat'>—</span> <span class='ocrx_word' id='word_1_201' title='bbox 2567 2372 2678 2435; x_wconf 75' lang='grc' dir='ltr'><strong>τοῦ</strong></span> 
     </span>
     <span class='ocr_line' id='line_1_21' title="bbox 301 2469 2681 2556; baseline 0.002 -18"><span class='ocrx_word' id='word_1_202' title='bbox 301 2469 639 2540; x_wconf 72' lang='grc' dir='ltr'><strong><em>ὑπαπιὲναι</em></strong></span> <span class='ocrx_word' id='word_1_203' title='bbox 698 2471 1033 2552; x_wconf 77' lang='grc' dir='ltr'><strong><em>μέλλοντος</em></strong></span> <span class='ocrx_word' id='word_1_204' title='bbox 1071 2510 1156 2540; x_wconf 74' lang='grc'><strong>-.-</strong></span> <span class='ocrx_word' id='word_1_205' title='bbox 1197 2475 1308 2550; x_wconf 67' lang='grc' dir='ltr'><strong><em>τὴν</em></strong></span> <span class='ocrx_word' id='word_1_206' title='bbox 1367 2471 1629 2539; x_wconf 71' lang='grc' dir='ltr'><strong><em>διάνοιαν</em></strong></span> <span class='ocrx_word' id='word_1_207' title='bbox 1674 2472 1940 2556; x_wconf 79' lang='grc' dir='ltr'><strong><em>ἔχουσιν.</em></strong></span> <span class='ocrx_word' id='word_1_208' title='bbox 1987 2483 2112 2541; x_wconf 84' lang='grc' dir='ltr'><strong>ΑΛ</strong></span> <span class='ocrx_word' id='word_1_209' title='bbox 2160 2493 2309 2541; x_wconf 87' lang='lat' dir='ltr'><strong>oum</strong></span> <span class='ocrx_word' id='word_1_210' title='bbox 2360 2484 2419 2542; x_wconf 91' lang='lat' dir='ltr'>N</span> <span class='ocrx_word' id='word_1_211' title='bbox 2468 2475 2681 2543; x_wconf 77' lang='lat' dir='ltr'><strong>confu-</strong></span> 
     </span>
     <span class='ocr_line' id='line_1_22' title="bbox 303 2575 2681 2666; baseline 0.001 -23"><span class='ocrx_word' id='word_1_212' title='bbox 303 2577 486 2643; x_wconf 85' lang='lat' dir='ltr'><strong>derat</strong></span> <span class='ocrx_word' id='word_1_213' title='bbox 539 2576 873 2658; x_wconf 80' lang='lat' dir='ltr'><strong>librarius3</strong></span> <span class='ocrx_word' id='word_1_214' title='bbox 935 2581 1303 2664; x_wconf 84' lang='lat' dir='ltr'><strong>supervenit</strong></span> <span class='ocrx_word' id='word_1_215' title='bbox 1353 2575 1835 2645; x_wconf 81' lang='lat' dir='ltr'><strong>Grammaticus</strong></span> <span class='ocrx_word' id='word_1_216' title='bbox 1878 2582 1991 2666; x_wconf 88' lang='lat' dir='ltr'><strong>qui</strong></span> <span class='ocrx_word' id='word_1_217' title='bbox 2033 2582 2141 2645; x_wconf 74' lang='grc' dir='ltr'><strong>τοῦ</strong></span> <span class='ocrx_word' id='word_1_218' title='bbox 2190 2580 2527 2647; x_wconf 59' lang='lat' dir='ltr'><strong>tis-ateium</strong></span> <span class='ocrx_word' id='word_1_219' title='bbox 2569 2579 2681 2658; x_wconf 78' lang='grc' dir='ltr'><strong>μέ-</strong></span> 
     </span>
     <span class='ocr_line' id='line_1_23' title="bbox 301 2683 2683 2769; baseline 0.001 -20"><span class='ocrx_word' id='word_1_220' title='bbox 301 2705 499 2756; x_wconf 81' lang='grc' dir='ltr'><strong><em>νοντος</em></strong></span> <span class='ocrx_word' id='word_1_221' title='bbox 560 2704 641 2750; x_wconf 92' lang='lat' dir='ltr'><strong>ne</strong></span> <span class='ocrx_word' id='word_1_222' title='bbox 703 2685 979 2768; x_wconf 90' lang='lat' dir='ltr'><strong>speciem</strong></span> <span class='ocrx_word' id='word_1_223' title='bbox 1038 2683 1300 2769; x_wconf 90' lang='lat' dir='ltr'><strong>quidem</strong></span> <span class='ocrx_word' id='word_1_224' title='bbox 1358 2704 1579 2749; x_wconf 91' lang='lat' dir='ltr'><strong>sensus</strong></span> <span class='ocrx_word' id='word_1_225' title='bbox 1627 2684 1926 2769; x_wconf 87' lang='lat' dir='ltr'><strong>praebere</strong></span> <span class='ocrx_word' id='word_1_226' title='bbox 1968 2683 2157 2750; x_wconf 82' lang='lat' dir='ltr'><strong>vidit.</strong></span> <span class='ocrx_word' id='word_1_227' title='bbox 2227 2683 2469 2751; x_wconf 82' lang='lat' dir='ltr'><strong>Statim</strong></span> <span class='ocrx_word' id='word_1_228' title='bbox 2510 2683 2683 2751; x_wconf 85' lang='lat' dir='ltr'><strong>lacu-</strong></span> 
     </span>
     <span class='ocr_line' id='line_1_24' title="bbox 302 2773 2683 2874; baseline 0.001 -22"><span class='ocrx_word' id='word_1_229' title='bbox 302 2807 458 2854; x_wconf 90' lang='lat' dir='ltr'><strong>nam</strong></span> <span class='ocrx_word' id='word_1_230' title='bbox 515 2787 765 2865; x_wconf 86' lang='lat' dir='ltr'><strong>olfecit,</strong></span> <span class='ocrx_word' id='word_1_231' title='bbox 837 2787 919 2854; x_wconf 90' lang='lat' dir='ltr'><strong>ad</strong></span> <span class='ocrx_word' id='word_1_232' title='bbox 981 2808 1176 2874; x_wconf 90' lang='lat' dir='ltr'><strong>quam</strong></span> <span class='ocrx_word' id='word_1_233' title='bbox 1233 2773 1712 2874; x_wconf 85' lang='lat' dir='ltr'><strong>adimplendam</strong></span> <span class='ocrx_word' id='word_1_234' title='bbox 1770 2786 1958 2853; x_wconf 70' lang='grc' dir='ltr'><strong><em>πλέον</em></strong></span> <span class='ocrx_word' id='word_1_235' title='bbox 2019 2788 2055 2865; x_wconf 78' lang='grc' dir='ltr'>ἦ</span> <span class='ocrx_word' id='word_1_236' title='bbox 2116 2792 2224 2853; x_wconf 74' lang='grc' dir='ltr'><strong>τοῦ</strong></span> <span class='ocrx_word' id='word_1_237' title='bbox 2283 2794 2683 2856; x_wconf 88' lang='lat' dir='ltr'><strong>commentus</strong></span> 
     </span>
     <span class='ocr_line' id='line_1_25' title="bbox 302 2892 2685 2979; baseline -0 -20"><span class='ocrx_word' id='word_1_238' title='bbox 302 2897 422 2959; x_wconf 88' lang='lat' dir='ltr'><strong>est.</strong></span> <span class='ocrx_word' id='word_1_239' title='bbox 491 2892 673 2959; x_wconf 90' lang='lat' dir='ltr'><strong>Idem</strong></span> <span class='ocrx_word' id='word_1_240' title='bbox 714 2893 822 2961; x_wconf 80' lang='lat' dir='ltr'><strong>vel</strong></span> <span class='ocrx_word' id='word_1_241' title='bbox 876 2893 1164 2960; x_wconf 89' lang='lat' dir='ltr'><strong>eiusdem</strong></span> <span class='ocrx_word' id='word_1_242' title='bbox 1206 2892 1492 2959; x_wconf 90' lang='lat' dir='ltr'><strong>familiae</strong></span> <span class='ocrx_word' id='word_1_243' title='bbox 1534 2892 1730 2958; x_wconf 86' lang='lat' dir='ltr'><strong>fuerit</strong></span> <span class='ocrx_word' id='word_1_244' title='bbox 1772 2912 2024 2959; x_wconf 86' lang='lat' dir='ltr'><strong>necesse</strong></span> <span class='ocrx_word' id='word_1_245' title='bbox 2067 2897 2164 2958; x_wconf 90' lang='lat' dir='ltr'><strong>est</strong></span> <span class='ocrx_word' id='word_1_246' title='bbox 2210 2896 2322 2979; x_wconf 90' lang='lat' dir='ltr'><strong>qui</strong></span> <span class='ocrx_word' id='word_1_247' title='bbox 2363 2899 2508 2979; x_wconf 89' lang='lat' dir='ltr'><strong>post</strong></span> <span class='ocrx_word' id='word_1_248' title='bbox 2546 2892 2685 2970; x_wconf 75' lang='grc' dir='ltr'><strong><em>ξυν-</em></strong></span> 
     </span>
     <span class='ocr_line' id='line_1_26' title="bbox 304 2996 2685 3086; baseline 0 -22"><span class='ocrx_word' id='word_1_249' title='bbox 304 2998 623 3079; x_wconf 69' lang='grc' dir='ltr'><strong><em>ταχθῆναι</em></strong></span> <span class='ocrx_word' id='word_1_250' title='bbox 683 3002 929 3076; x_wconf 73' lang='grc' dir='ltr'><strong><em>μᾶλλον</em></strong></span> <span class='ocrx_word' id='word_1_251' title='bbox 975 3018 1101 3064; x_wconf 92' lang='lat' dir='ltr'><strong>non</strong></span> <span class='ocrx_word' id='word_1_252' title='bbox 1146 2998 1468 3063; x_wconf 84' lang='lat' dir='ltr'><strong>dubitavit</strong></span> <span class='ocrx_word' id='word_1_253' title='bbox 1510 2997 1620 3070; x_wconf 70' lang='grc' dir='ltr'><strong><em>τὴν</em></strong></span> <span class='ocrx_word' id='word_1_254' title='bbox 1666 2996 1849 3074; x_wconf 79' lang='grc' dir='ltr'><strong><em>δόξαν</em></strong></span> <span class='ocrx_word' id='word_1_255' title='bbox 1893 2996 2206 3063; x_wconf 83' lang='lat' dir='ltr'><strong>infercire.</strong></span> <span class='ocrx_word' id='word_1_256' title='bbox 2275 2997 2497 3086; x_wconf 80' lang='lat' dir='ltr'><strong>Longe</strong></span> <span class='ocrx_word' id='word_1_257' title='bbox 2541 2999 2685 3065; x_wconf 85' lang='lat' dir='ltr'><strong>abe·-</strong></span> 
     </span>
     <span class='ocr_line' id='line_1_27' title="bbox 305 3100 2685 3186; baseline 0 -18"><span class='ocrx_word' id='word_1_258' title='bbox 305 3107 410 3168; x_wconf 90' lang='lat' dir='ltr'><strong>rat</strong></span> <span class='ocrx_word' id='word_1_259' title='bbox 451 3107 529 3168; x_wconf 90' lang='lat' dir='ltr'><strong>ut</strong></span> <span class='ocrx_word' id='word_1_260' title='bbox 567 3103 844 3186; x_wconf 70' lang='lat' dir='ltr'><strong>opinione</strong></span> <span class='ocrx_word' id='word_1_261' title='bbox 886 3103 1295 3169; x_wconf 86' lang='lat' dir='ltr'><strong>turbarentur</strong></span> <span class='ocrx_word' id='word_1_262' title='bbox 1328 3100 1582 3169; x_wconf 85' lang='lat' dir='ltr'><strong>Cleonis</strong></span> <span class='ocrx_word' id='word_1_263' title='bbox 1616 3103 1910 3179; x_wconf 86' lang='lat' dir='ltr'><strong>comites,</strong></span> <span class='ocrx_word' id='word_1_264' title='bbox 1955 3101 2066 3167; x_wconf 88' lang='lat' dir='ltr'><strong>sed</strong></span> <span class='ocrx_word' id='word_1_265' title='bbox 2105 3101 2432 3168; x_wconf 86' lang='lat' dir='ltr'><strong>ordinibus</strong></span> <span class='ocrx_word' id='word_1_266' title='bbox 2472 3102 2685 3169; x_wconf 82' lang='lat' dir='ltr'><strong>effusis</strong></span> 
     </span>
     <span class='ocr_line' id='line_1_28' title="bbox 306 3205 2685 3295; baseline 0 -22"><span class='ocrx_word' id='word_1_267' title='bbox 306 3206 435 3273; x_wconf 86' lang='lat' dir='ltr'><strong>huc</strong></span> <span class='ocrx_word' id='word_1_268' title='bbox 495 3205 654 3274; x_wconf 84' lang='lat' dir='ltr'><strong>illuc</strong></span> <span class='ocrx_word' id='word_1_269' title='bbox 712 3207 1132 3295; x_wconf 77' lang='lat' dir='ltr'><strong>vagabantur.</strong></span> <span class='ocrx_word' id='word_1_270' title='bbox 1204 3205 1374 3272; x_wconf 81' lang='lat' dir='ltr'><strong>Cum</strong></span> <span class='ocrx_word' id='word_1_271' title='bbox 1419 3210 1545 3272; x_wconf 90' lang='lat' dir='ltr'><strong>iter</strong></span> <span class='ocrx_word' id='word_1_272' title='bbox 1588 3206 1855 3273; x_wconf 84' lang='lat' dir='ltr'><strong>Eionem</strong></span> <span class='ocrx_word' id='word_1_273' title='bbox 1898 3226 2120 3273; x_wconf 81' lang='lat' dir='ltr'><strong>versus</strong></span> <span class='ocrx_word' id='word_1_274' title='bbox 2163 3208 2544 3292; x_wconf 86' lang='lat' dir='ltr'><strong>incepissent</strong></span> <span class='ocrx_word' id='word_1_275' title='bbox 2587 3208 2685 3274; x_wconf 86' lang='lat' dir='ltr'><strong>fu-</strong></span> 
     </span>
     <span class='ocr_line' id='line_1_29' title="bbox 307 3310 2682 3398; baseline 0 -23"><span class='ocrx_word' id='word_1_276' title='bbox 307 3317 532 3376; x_wconf 91' lang='lat' dir='ltr'><strong>turum</strong></span> <span class='ocrx_word' id='word_1_277' title='bbox 601 3316 735 3378; x_wconf 89' lang='lat' dir='ltr'><strong>erat</strong></span> <span class='ocrx_word' id='word_1_278' title='bbox 803 3316 878 3378; x_wconf 87' lang='lat' dir='ltr'><strong>ut</strong></span> <span class='ocrx_word' id='word_1_279' title='bbox 942 3311 1122 3378; x_wconf 90' lang='lat' dir='ltr'><strong>nullo</strong></span> <span class='ocrx_word' id='word_1_280' title='bbox 1189 3310 1546 3398; x_wconf 87' lang='lat' dir='ltr'><strong>spectaculo</strong></span> <span class='ocrx_word' id='word_1_281' title='bbox 1615 3312 1904 3377; x_wconf 85' lang='lat' dir='ltr'><strong>distracti</strong></span> <span class='ocrx_word' id='word_1_282' title='bbox 1959 3313 2197 3377; x_wconf 87' lang='lat' dir='ltr'><strong>arctius</strong></span> <span class='ocrx_word' id='word_1_283' title='bbox 2254 3311 2682 3397; x_wconf 87' lang='lat' dir='ltr'><strong>procederent.</strong></span> 
     </span>
     <span class='ocr_line' id='line_1_30' title="bbox 309 3414 2683 3496; baseline 0.001 -15"><span class='ocrx_word' id='word_1_284' title='bbox 309 3415 520 3496; x_wconf 81' lang='lat' dir='ltr'><strong>Quare</strong></span> <span class='ocrx_word' id='word_1_285' title='bbox 577 3416 873 3482; x_wconf 82' lang='lat' dir='ltr'><strong>Brasidas</strong></span> <span class='ocrx_word' id='word_1_286' title='bbox 934 3420 1106 3484; x_wconf 81' lang='lat' dir='ltr'><strong>exire</strong></span> <span class='ocrx_word' id='word_1_287' title='bbox 1162 3421 1447 3482; x_wconf 82' lang='lat' dir='ltr'><strong>maturat</strong></span> <span class='ocrx_word' id='word_1_288' title='bbox 1506 3416 1642 3495; x_wconf 77' lang='grc' dir='ltr'><strong><em>πρὶν</em></strong></span> <span class='ocrx_word' id='word_1_289' title='bbox 1704 3415 1930 3488; x_wconf 81' lang='grc' dir='ltr'><strong><em>αὐτοὺς</em></strong></span> <span class='ocrx_word' id='word_1_290' title='bbox 1991 3414 2370 3496; x_wconf 76' lang='grc' dir='ltr'><strong><em>ξυναχθῆναι</em></strong></span> <span class='ocrx_word' id='word_1_291' title='bbox 2416 3420 2683 3494; x_wconf 74' lang='grc' dir='ltr'><strong><em>μᾶλλον.</em></strong></span> 
     </span>
     <span class='ocr_line' id='line_1_31' title="bbox 307 3518 2686 3608; baseline 0 -22"><span class='ocrx_word' id='word_1_292' title='bbox 307 3519 483 3586; x_wconf 81' lang='lat' dir='ltr'><strong>Infra</strong></span> <span class='ocrx_word' id='word_1_293' title='bbox 536 3519 852 3608; x_wconf 80' lang='lat' dir='ltr'><strong>legimus,</strong></span> <span class='ocrx_word' id='word_1_294' title='bbox 914 3524 1059 3603; x_wconf 70' lang='grc' dir='ltr'><strong><em>ἀνὴρ</em></strong></span> <span class='ocrx_word' id='word_1_295' title='bbox 1118 3523 1354 3600; x_wconf 71' lang='grc' dir='ltr'><strong><em>ἀγαθὸς</em></strong></span> <span class='ocrx_word' id='word_1_296' title='bbox 1409 3522 1656 3599; x_wconf 79' lang='grc' dir='ltr'><strong><em>γίγνου,</em></strong></span> <span class='ocrx_word' id='word_1_297' title='bbox 1707 3521 1877 3605; x_wconf 89' lang='lat' dir='ltr'><strong>quod</strong></span> <span class='ocrx_word' id='word_1_298' title='bbox 1919 3518 2107 3606; x_wconf 88' lang='lat' dir='ltr'><strong>plane</strong></span> <span class='ocrx_word' id='word_1_299' title='bbox 2151 3520 2686 3587; x_wconf 90' lang='lat' dir='ltr'><strong>contumeliosum</strong></span> 
     </span>
     <span class='ocr_line' id='line_1_32' title="bbox 309 3624 2687 3712; baseline 0 -20"><span class='ocrx_word' id='word_1_300' title='bbox 309 3631 428 3692; x_wconf 84' lang='lat' dir='ltr'><strong>est.</strong></span> <span class='ocrx_word' id='word_1_301' title='bbox 503 3625 710 3709; x_wconf 59' lang='lat' dir='ltr'><strong>Incipe</strong></span> <span class='ocrx_word' id='word_1_302' title='bbox 767 3626 865 3692; x_wconf 79' lang='lat' dir='ltr'><strong>vir</strong></span> <span class='ocrx_word' id='word_1_303' title='bbox 924 3628 1107 3691; x_wconf 69' lang='lat' dir='ltr'><strong>bonus</strong></span> <span class='ocrx_word' id='word_1_304' title='bbox 1149 3626 1322 3710; x_wconf 81' lang='lat' dir='ltr'><strong>fieri.</strong></span> <span class='ocrx_word' id='word_1_305' title='bbox 1389 3624 1463 3690; x_wconf 92' lang='lat' dir='ltr'><strong>In</strong></span> <span class='ocrx_word' id='word_1_306' title='bbox 1525 3630 1810 3692; x_wconf 88' lang='lat' dir='ltr'><strong>mentem</strong></span> <span class='ocrx_word' id='word_1_307' title='bbox 1845 3624 2015 3689; x_wconf 83' lang='lat' dir='ltr'><strong>mihi</strong></span> <span class='ocrx_word' id='word_1_308' title='bbox 2057 3626 2235 3690; x_wconf 81' lang='lat' dir='ltr'><strong>venit</strong></span> <span class='ocrx_word' id='word_1_309' title='bbox 2279 3624 2407 3692; x_wconf 91' lang='lat' dir='ltr'><strong>loci</strong></span> <span class='ocrx_word' id='word_1_310' title='bbox 2448 3625 2687 3712; x_wconf 84' lang='lat' dir='ltr'><strong>Sopho-</strong></span> 
     </span>
     <span class='ocr_line' id='line_1_33' title="bbox 310 3726 2687 3797; baseline -0 -1"><span class='ocrx_word' id='word_1_311' title='bbox 310 3729 436 3797; x_wconf 89' lang='lat' dir='ltr'><strong>clei</strong></span> <span class='ocrx_word' id='word_1_312' title='bbox 478 3732 548 3794; x_wconf 91' lang='lat' dir='ltr'><strong>in</strong></span> <span class='ocrx_word' id='word_1_313' title='bbox 594 3728 748 3795; x_wconf 92' lang='lat' dir='ltr'><strong>Oed.</strong></span> <span class='ocrx_word' id='word_1_314' title='bbox 809 3728 889 3795; x_wconf 82' lang='lat' dir='ltr'><strong>R.</strong></span> <span class='ocrx_word' id='word_1_315' title='bbox 941 3729 1092 3796; x_wconf 84' lang='lat'><strong>696.</strong></span> <span class='ocrx_word' id='word_1_316' title='bbox 1138 3731 1254 3797; x_wconf 90' lang='lat' dir='ltr'><strong>ubi</strong></span> <span class='ocrx_word' id='word_1_317' title='bbox 1298 3732 1701 3797; x_wconf 85' lang='lat' dir='ltr'><strong>sanissimam</strong></span> <span class='ocrx_word' id='word_1_318' title='bbox 1744 3729 2084 3795; x_wconf 90' lang='lat' dir='ltr'><strong>lectionem</strong></span> <span class='ocrx_word' id='word_1_319' title='bbox 2128 3726 2285 3796; x_wconf 87' lang='lat' dir='ltr'><strong>Ood.</strong></span> <span class='ocrx_word' id='word_1_320' title='bbox 2335 3730 2687 3797; x_wconf 89' lang='lat' dir='ltr'><strong>Florentini</strong></span> 
     </span>
     <span class='ocr_line' id='line_1_34' title="bbox 306 3833 2187 3920; baseline -0.002 -19"><span class='ocrx_word' id='word_1_321' title='bbox 306 3837 600 3920; x_wconf 86' lang='lat' dir='ltr'><strong>primum</strong></span> <span class='ocrx_word' id='word_1_322' title='bbox 647 3833 990 3900; x_wconf 78' lang='lat' dir='ltr'><strong>Triclinius</strong></span> <span class='ocrx_word' id='word_1_323' title='bbox 1009 3881 1028 3913; x_wconf 96' lang='lat'><strong>,</strong></span> <span class='ocrx_word' id='word_1_324' title='bbox 1071 3835 1296 3901; x_wconf 89' lang='lat' dir='ltr'><strong>deinde</strong></span> <span class='ocrx_word' id='word_1_325' title='bbox 1331 3837 1708 3902; x_wconf 89' lang='lat' dir='ltr'><strong>recentiores</strong></span> <span class='ocrx_word' id='word_1_326' title='bbox 1751 3835 2187 3918; x_wconf 87' lang='lat' dir='ltr'><strong>corruperunt.</strong></span> 
     </span>
    </p>

    <p class='ocr_par' dir='ltr' id='par_1_4' title="bbox 721 3934 2183 4022">
     <span class='ocr_line' id='line_1_35' title="bbox 721 3934 2183 4022; baseline -0.001 -20"><span class='ocrx_word' id='word_1_327' title='bbox 721 3934 783 4012; x_wconf 77' lang='grc' dir='ltr'><strong>ὅς</strong></span> <span class='ocrx_word' id='word_1_328' title='bbox 832 3939 896 4004; x_wconf 81' lang='grc' dir='ltr'><strong>τ’</strong></span> <span class='ocrx_word' id='word_1_329' title='bbox 942 3940 1103 4018; x_wconf 71' lang='grc' dir='ltr'><strong><em>ἐμὰν</em></strong></span> <span class='ocrx_word' id='word_1_330' title='bbox 1148 3943 1275 4018; x_wconf 76' lang='grc' dir='ltr'><strong><em>γᾶν</em></strong></span> <span class='ocrx_word' id='word_1_331' title='bbox 1323 3939 1526 4022; x_wconf 75' lang='grc' dir='ltr'><strong><em>φίλαν</em></strong></span> <span class='ocrx_word' id='word_1_332' title='bbox 1573 3939 1635 4003; x_wconf 78' lang='grc' dir='ltr'><strong><em>ἐν</em></strong></span> <span class='ocrx_word' id='word_1_333' title='bbox 1677 3937 1877 4009; x_wconf 71' lang='grc' dir='ltr'><strong><em>πόνοις</em></strong></span> <span class='ocrx_word' id='word_1_334' title='bbox 1920 3936 2116 4003; x_wconf 58' lang='lat' dir='ltr'><strong>dadon</strong></span> <span class='ocrx_word' id='word_1_335' title='bbox 2143 3973 2183 3987; x_wconf 93' lang='lat'>-</span> 
     </span>
    </p>

    <p class='ocr_par' dir='ltr' id='par_1_5' title="bbox 724 4040 2050 4124">
     <span class='ocr_line' id='line_1_36' title="bbox 724 4040 2050 4124; baseline -0.002 -16"><span class='ocrx_word' id='word_1_336' title='bbox 724 4067 842 4109; x_wconf 79' lang='grc' dir='ltr'><strong><em>σαν</em></strong></span> <span class='ocrx_word' id='word_1_337' title='bbox 888 4046 1033 4110; x_wconf 83' lang='grc' dir='ltr'><strong><em>κατ’</em></strong></span> <span class='ocrx_word' id='word_1_338' title='bbox 1080 4042 1239 4124; x_wconf 77' lang='grc' dir='ltr'><strong><em>ὀρθὸν</em></strong></span> <span class='ocrx_word' id='word_1_339' title='bbox 1286 4045 1527 4124; x_wconf 75' lang='grc' dir='ltr'><strong><em>οὐρίσας</em></strong></span> <span class='ocrx_word' id='word_1_340' title='bbox 1573 4047 1763 4108; x_wconf 81' lang='grc' dir='ltr'><strong><em>τανῦν</em></strong></span> <span class='ocrx_word' id='word_1_341' title='bbox 1807 4044 1866 4107; x_wconf 83' lang='grc' dir='ltr'><strong>τ’</strong></span> <span class='ocrx_word' id='word_1_342' title='bbox 1911 4040 1985 4106; x_wconf 78' lang='grc' dir='ltr'><strong>εὗ</strong></span> <span class='ocrx_word' id='word_1_343' title='bbox 2008 4077 2050 4092; x_wconf 91' lang='grc'>-</span> 
     </span>
    </p>

    <p class='ocr_par' dir='ltr' id='par_1_6' title="bbox 722 4147 1510 4232">
     <span class='ocr_line' id='line_1_37' title="bbox 722 4147 1510 4232; baseline -0.001 -19"><span class='ocrx_word' id='word_1_344' title='bbox 722 4172 968 4228; x_wconf 72' lang='grc' dir='ltr'><strong><em>πομπος</em></strong></span> <span class='ocrx_word' id='word_1_345' title='bbox 1015 4149 1066 4214; x_wconf 80' lang='grc' dir='ltr'><strong>εἷ</strong></span> <span class='ocrx_word' id='word_1_346' title='bbox 1112 4147 1258 4232; x_wconf 72' lang='grc' dir='ltr'><strong><em>δύνᾳ</em></strong></span> <span class='ocrx_word' id='word_1_347' title='bbox 1304 4152 1510 4227; x_wconf 85' lang='grc' dir='ltr'><strong><em>γενοῦ.</em></strong></span> 
     </span>
    </p>

    <p class='ocr_par' dir='ltr' id='par_1_7' title="bbox 401 4251 2689 4339">
     <span class='ocr_line' id='line_1_38' title="bbox 401 4251 2689 4339; baseline 0 -19"><span class='ocrx_word' id='word_1_348' title='bbox 401 4253 712 4320; x_wconf 82' lang='lat' dir='ltr'><strong>Extrema</strong></span> <span class='ocrx_word' id='word_1_349' title='bbox 770 4252 1115 4320; x_wconf 79' lang='lat' dir='ltr'><strong>Triclinius</strong></span> <span class='ocrx_word' id='word_1_350' title='bbox 1177 4258 1254 4318; x_wconf 91' lang='lat' dir='ltr'><strong>ut</strong></span> <span class='ocrx_word' id='word_1_351' title='bbox 1315 4252 1635 4339; x_wconf 90' lang='lat' dir='ltr'><strong>strophico</strong></span> <span class='ocrx_word' id='word_1_352' title='bbox 1693 4252 1907 4319; x_wconf 81' lang='lat' dir='ltr'><strong>versui</strong></span> <span class='ocrx_word' id='word_1_353' title='bbox 1967 4256 2262 4338; x_wconf 88' lang='lat' dir='ltr'><strong>aequaret</strong></span> <span class='ocrx_word' id='word_1_354' title='bbox 2277 4299 2297 4331; x_wconf 95' lang='lat'><strong>,</strong></span> <span class='ocrx_word' id='word_1_355' title='bbox 2368 4253 2418 4318; x_wconf 70' lang='grc' dir='ltr'><strong>εἰ</strong></span> <span class='ocrx_word' id='word_1_356' title='bbox 2484 4251 2689 4321; x_wconf 74' lang='grc' dir='ltr'><strong><em>δύναιο</em></strong></span> 
     </span>
    </p>

    <p class='ocr_par' dir='ltr' id='par_1_8' title="bbox 311 4355 2691 4444">
     <span class='ocr_line' id='line_1_39' title="bbox 311 4355 2691 4444; baseline 0.001 -22"><span class='ocrx_word' id='word_1_357' title='bbox 311 4358 537 4437; x_wconf 67' lang='grc' dir='ltr'><strong><em>γίγνου</em></strong></span> <span class='ocrx_word' id='word_1_358' title='bbox 586 4357 843 4424; x_wconf 67' lang='lat' dir='ltr'><strong>‘soloece</strong></span> <span class='ocrx_word' id='word_1_359' title='bbox 893 4361 1164 4444; x_wconf 85' lang='lat' dir='ltr'><strong>scripsit.</strong></span> <span class='ocrx_word' id='word_1_360' title='bbox 1233 4356 1598 4424; x_wconf 88' lang='lat' dir='ltr'><strong>Dindorfius</strong></span> <span class='ocrx_word' id='word_1_361' title='bbox 1652 4355 2031 4424; x_wconf 79' lang='lat' dir='ltr'><strong>Triclinium</strong></span> <span class='ocrx_word' id='word_1_362' title='bbox 2073 4361 2326 4426; x_wconf 87' lang='lat' dir='ltr'><strong>secutus</strong></span> <span class='ocrx_word' id='word_1_363' title='bbox 2370 4362 2500 4439; x_wconf 86' lang='lat' dir='ltr'><strong>est,</strong></span> <span class='ocrx_word' id='word_1_364' title='bbox 2562 4362 2691 4426; x_wconf 87' lang='lat' dir='ltr'><strong>nisi</strong></span> 
     </span>
    </p>
   </div>
  </div>
 </body>
</html>
