2934 5050
1059 307 1458 355 comnenus
1509 309 1743 355 aarum.
2474 288 2604 352 399

228 475 375 541 facit
445 471 636 541 huius
694 482 951 540 saturae
1015 481 1508 558 argumentum,
1579 475 1844 541 Romam
1918 474 2043 541 civi
2116 469 2462 558 tranquillo
2534 477 2599 537 et

227 577 484 646 honesto
563 578 942 666 praesertim
1031 579 1297 664 pauperi
1372 578 1786 645 habitabilem
1860 597 1985 644 non
2056 595 2196 643 esso
2270 573 2598 650 iudicans,

225 690 534 749 statuerat
590 682 751 750 urbe
814 682 1039 750 relicta
1096 681 1316 750 sedem
1368 682 1566 768 ligere
1613 682 1853 749 Cumis.
1949 683 2088 763 Quo
2134 680 2400 748 emsilio
2458 679 2600 746 lau-

224 786 410 866 date,
458 795 642 873 poeta
690 789 904 874 ipsum
955 785 1355 853 Umbricium
1404 787 1762 854 introducit
1807 786 2157 855 dicentem:

912 891 1181 971 Quando
1227 891 1481 958 artibus
1532 893 1799 981 (iuquit)
1851 892 2136 959 honestis

446 993 665 1063 nullus
711 996 778 1060 in
830 993 988 1062 urbe
1036 995 1252 1075 locuS,
1306 995 1478 1063 nulla
1526 997 1958 1064 emolumenta
2012 995 2341 1068 laborum,

441 1120 549 1168 res
596 1099 782 1166 hodie
831 1102 1041 1167 minor
1087 1110 1187 1168 est
1236 1101 1420 1169 hodie
1466 1122 1661 1189 quam
1713 1102 1871 1180 fuit,
1923 1122 2117 1177 noue
2164 1120 2359 1166 sanan
2407 1118 2553 1166 cras

442 1204 695 1272 deteret
738 1207 991 1291 exiguis
1037 1206 1320 1292 aliquid,
1370 1210 1787 1294 proponimus
1835 1206 1985 1271 illuc

441 1313 540 1376 ire
598 1318 753 1376 cett.

306 1413 541 1482 Omnia
589 1414 776 1502 plana
825 1436 900 1481 ac
950 1415 1159 1481 facilia
1207 1424 1463 1500 praeter
1514 1416 1701 1482 verba
1749 1425 1934 1502 atque
1971 1413 2599 1500 eadem—aliquid,

222 1519 427 1597 unde,
504 1527 861 1607 utcumque
909 1529 1189 1587 mentem
1249 1540 1457 1587 meam
1529 1530 1834 1607 torqueo,
1895 1522 2036 1587 sani
2102 1518 2261 1585 nihil
2307 1519 2601 1605 exculpo.

217 1623 381 1705 Quid
430 1624 654 1691 enim?
712 1626 929 1691 eadem
977 1644 1183 1710 neque
1229 1624 1667 1692 Grammatico
1716 1624 1796 1691 ad
1835 1625 2052 1691 urbem
2089 1643 2297 1711 neque
2342 1631 2599 1691 senten-

219 1731 305 1795 tia
368 1728 453 1797 ad
516 1751 621 1794 res
689 1729 816 1796 ullo
882 1728 1068 1795 modo
1128 1727 1356 1796 referri
1424 1731 1601 1796 sinit.
1696 1729 1951 1797 Numae
2010 1731 2184 1797 enim
2242 1749 2346 1795 res
2417 1727 2465 1814 (ἰ
2535 1747 2595 1794 e.

216 1834 592 1910 facultates,
665 1833 983 1923 fortunae)
1050 1834 1178 1900 dici
1245 1843 1451 1921 potest
1525 1845 1640 1900 aut
1710 1835 1981 1919 cogitari
2043 1834 2322 1900 deterere
2357 1831 2602 1917 aliquid

215 1942 469 2027 eatiyiiis
521 1941 564 2007 i.
606 1959 664 2006 e.
712 1961 751 2005 a
796 1961 863 2006 ee
904 1940 1083 2025 ipsa,
1133 1932 1385 2027 quippe*
1418 1958 1585 2024 quae
1631 1941 1770 2025 ipsa
1817 1939 1902 2006 sit
1951 1937 2224 2024 exigua?

303 2044 597 2112 Dubium
662 2054 873 2110 tamen
940 2063 1064 2110 non
1116 2052 1259 2125 est,
1310 2045 1467 2130 quin
1521 2043 1886 2111 Umbricius
1934 2043 2054 2111 hoc
2098 2042 2305 2110 dicat:
2353 2042 2600 2129 quondo

215 2150 470 2235 quidem
504 2169 762 2216 resmea
786 2148 1059 2236 quotidie
1081 2148 1419 2224 decrescit,
1461 2147 1691 2213 Cumas
1715 2150 1993 2235 miqrore
2015 2147 2278 2214 decrevi.
2326 2146 2600 2214 Conieci:

347 2275 456 2322 res
510 2253 697 2321 hodie
743 2255 956 2320 minor
998 2262 1100 2320 est
1149 2252 1300 2319 here
1345 2271 1541 2338 quam
1592 2251 1752 2329 fnit,
1804 2273 1996 2329 noun
2044 2272 2236 2318 tants
2281 2271 2430 2319 cras

348 2359 609 2427 deteret
649 2358 906 2444 exiguis
952 2356 1196 2444 aliquid
1241 2366 1397 2424 cett.

304 2464 433 2534 Res
505 2464 585 2531 ad
649 2465 847 2532 vitam
924 2463 1204 2530 maxime
1266 2462 1702 2545 necessariae,
1768 2462 2016 2549 inquit,
2077 2482 2226 2531 aere
2273 2461 2597 2550 parandae

218 2569 546 2638 nolentem
595 2569 908 2636 volentem
956 2588 1061 2635 me
1106 2575 1379 2653 cogent,
1430 2576 1502 2633 ut
1546 2587 1694 2634 cras
1740 2566 1972 2634 faciam
2021 2567 2190 2654 quod
2241 2566 2428 2635 hodie
2477 2567 2597 2636 feci

216 2682 279 2741 et
323 2674 514 2750 heri,
582 2674 876 2742 videlicet
928 2682 998 2740 ut
1043 2672 1297 2740 demam
1364 2671 1607 2759 aliquid
1655 2670 1735 2738 ab
1780 2673 2034 2759 exiguis
2072 2691 2239 2759 quae
2285 2670 2444 2738 mibi
2492 2692 2598 2741 re·

214 2789 405 2848 stent.
509 2779 669 2846 Nam
718 2779 957 2845 esurire
1004 2797 1128 2843 non
1178 2776 1403 2843 didici.

1072 2881 1207 2949 Sat.
1259 2881 1379 2960 ΙΙΙ,
1436 2887 1562 2966 152
1612 2901 1749 2968 sqq.

629 2988 793 3056 alter
838 2988 1009 3055 enim
1058 2995 1372 3072 quantum
1425 2985 1491 3051 in
1542 2986 1788 3073 legione
1837 2987 2079 3053 tribuni

630 3093 992 3180 accipiunt,
1041 3092 1235 3158 donat
1280 3089 1579 3158 Calvinae
1625 3091 1722 3157 vel
1771 3091 2110 3170 Catienae,

632 3207 703 3263 ut
753 3196 949 3263 semel
996 3205 1111 3263 aut
1156 3196 1391 3263 iterum
1441 3213 1638 3281 super
1685 3195 1859 3262 illam
1908 3195 2210 3283 palpitet,
2254 3205 2321 3262 at
2368 3205 2440 3262 tu

633 3320 783 3368 cnm
832 3302 945 3367 tibi
994 3320 1229 3367 νιετιτι
1276 3299 1475 3368 facies
1521 3301 1718 3367 scorti
1767 3300 2011 3388 placet,
2063 3300 2288 3368 haeres

635 3418 699 3472 et
745 3405 1003 3472 dubitas
1049 3405 1175 3471 alta
1225 3404 1508 3472 Chionen
1557 3404 1875 3473 deducere
1922 3405 2098 3473 sella.

309 3513 834 3597 interpretantur
880 3510 1196 3598 eleqanter
1238 3511 1467 3589 vestiti,
1509 3509 1621 3576 sed
1659 3509 1835 3577 nullo
1859 3508 2048 3576 allato
2073 3510 2232 3590 loco,
2274 3529 2402 3597 quo
2425 3508 2600 3579 hunc

225 3625 686 3703 praegnantem
736 3614 1025 3682 vocabuli
1091 3634 1281 3681 usum
1328 3623 1660 3683 tueantur.
1755 3614 1883 3682 Nec
1921 3633 2238 3700 quaerens
2282 3616 2601 3694 invenies,

224 3730 295 3788 ut
340 3722 592 3809 opinor.
664 3720 1011 3807 Participio
1047 3721 1304 3787 vestitus
1341 3740 1376 3786 e
1427 3721 1686 3806 regione
1734 3721 2077 3807 opponitur
2113 3719 2352 3796 nudus,
2391 3738 2600 3807 neque

222 3833 401 3903 orat,
452 3833 527 3891 ut
585 3823 749 3892 bene
811 3833 1153 3892 senserunt
1209 3826 1632 3912 interpretes,
1697 3844 1817 3892 cur
1869 3823 2020 3890 illud
2075 3832 2255 3909 poeta
2301 3823 2602 3904 adderet,

226 3929 281 3994 ei
340 3928 608 4015 quidem
653 3931 848 4012 yestis
888 3949 1001 4015 per
1040 3949 1109 3996 se
1150 3950 1274 3996 non
1315 3940 1412 3995 est
1481 3930 1747 3996 Veneris
1787 3929 2289 3994 irritamentum.
2353 3927 2603 3996 Nudam

224 4042 483 4101 amator
536 4032 755 4100 mallet
812 4054 1002 4120 quam
1068 4034 1235 4101 male
1295 4037 1620 4111 vestitam,
1691 4032 1960 4099 fortasse
2004 4052 2198 4119 quam
2247 4033 2602 4120 eleyonter!

228 4137 321 4206 Ne
368 4137 607 4205 multa:
656 4140 914 4234 scripsit
966 4139 1317 4206 luvenalis:

687 4263 832 4309 cum
874 4245 991 4309 tihi
1038 4264 1267 4310 resrivi
1314 4244 1506 4311 facies
1556 4244 1750 4310 scorti
1794 4241 2016 4328 placet.

232 4347 325 4412 Gi.
375 4347 633 4416 Scholte
682 4369 825 4434 pag.
880 4353 991 4415 24.
