2934 5050
337 264 469 328 332
1009 282 1094 327 An
1140 280 1603 344 Ammonos&
1652 278 2040 329 rammam.

606 448 907 526 ἀγνώμων
955 472 1023 512 τε
1069 451 1326 529 φανείς,
1384 451 1488 513 καὶ
1538 450 1640 514 τὸν
1687 450 1965 529 πρότερον
2018 446 2307 525 διασύρας

702 553 1143 633 γραμματικὸν
1188 555 1529 632 ςερέσας
1578 554 1865 632 μισθὸν
1911 549 2052 616 ’ὅλου
2096 550 2279 620 ἔτεος.

427 660 502 724 In
558 660 836 724 carmine
897 658 1161 723 obscuro
1226 664 1292 723 et
1348 658 1779 725 multifariam
1839 663 2134 742 corrupto
2193 655 2472 720 diductis
2516 655 2733 721 literis

336 762 694 851 significavi
709 809 727 840 ‚
793 782 955 846 quae
1008 762 1223 827 labem
1267 766 1613 848 suscepisse
1657 764 1977 830 videntur.
2047 763 2105 827 A
2144 759 2411 844 reliquis
2452 780 2733 825 manum

337 869 621 934 abstineo
639 913 657 944 ‚
704 865 814 932 sed
860 866 979 932 hoc
1017 866 1238 933 videor
1273 869 1414 932 iure
1450 869 1619 933 mihi
1659 867 2033 934 contendere
2071 867 2359 951 primum
2396 885 2492 929 vs.
2533 868 2731 930 tertio

335 993 449 1059 pro
508 971 729 1050 τροφός
778 972 1224 1058 corrigendum
1271 991 1405 1037 esse
1448 974 1688 1052 τροφή,
1738 971 2073 1038 collective
2116 969 2363 1034 dictum
2410 968 2491 1033 de
2534 969 2726 1032 ahua-

336 1079 452 1143 nis.
520 1075 661 1141 Hos
705 1076 878 1141 enim
891 1122 910 1152 ,
960 1096 1087 1141 non
1123 1076 1411 1140 nutricem
1449 1075 1737 1162 aliquam
1778 1077 1940 1142 ferre
1976 1076 2289 1161 magistro
2326 1080 2723 1138 menstruam

336 1182 695 1247 mercedem
740 1185 987 1264 praeter
1031 1182 1123 1245 rei
1167 1187 1464 1246 naturam
1506 1183 1941 1248 demonstrant
1956 1228 1974 1258 ,
2017 1200 2177 1265 quae
2216 1181 2385 1246 insta
2420 1182 2726 1269 leguntur

338 1307 432 1352 vs.
481 1285 521 1350 9
570 1306 726 1369 sqq„
773 1285 888 1348 ubi
926 1284 1004 1349 de
1043 1305 1241 1370 puero
1277 1286 1571 1351 mercede
1609 1285 1934 1352 fraudanti
1958 1286 2351 1371 magistrum
2376 1307 2585 1353 sermo
2606 1295 2720 1352 est.

340 1391 582 1456 Deinde
619 1390 892 1455 dubium
928 1408 1054 1453 nou
1093 1393 1225 1466 est,
1252 1393 1407 1473 quin
1428 1412 1524 1457 vs.
1554 1389 1594 1456 ’7
1627 1392 1988 1474 requiratur
2020 1388 2090 1465 ἐξ
2118 1390 2332 1466 ὀλίγον
2378 1390 2720 1468 μισθοῦ.

341 1502 405 1562 et
440 1493 700 1560 tandem
744 1514 838 1558 vs.
870 1493 954 1559 12
1001 1514 1115 1579 pro
1161 1493 1416 1574 ςερέσας
1466 1515 1616 1559 cum
1662 1494 2070 1560 Boissonadio
2115 1497 2497 1580 rescriptum
2550 1517 2724 1581 opor·

340 1606 474 1667 teat
516 1597 776 1678 ςέρεσεν.
847 1597 1181 1664 Praeterea
1223 1598 1373 1664 vide
1415 1619 1496 1664 ne
1534 1602 1671 1684 ipsa
1707 1599 2049 1664 verborum
2088 1604 2412 1664 structura
2448 1600 2723 1684 postulet

342 1705 579 1784 ςέρεσεν
626 1700 933 1781 μισθοῦ
983 1698 1124 1766 ὅλου
1173 1700 1357 1775 ἔτεος.

431 1809 651 1894 Epigr.
706 1804 869 1881 169,
920 1804 960 1870 3
1005 1826 1097 1890 sq.

524 1911 659 1977 εἴθε
706 1910 768 1976 δὲ
814 1912 922 1976 σὺν
970 1920 1241 1982 Δαναοῖς
1288 1934 1372 1987 με
1417 1912 1892 1977 κατέκτανε
1939 1920 2115 1990 μῆνις
2165 1915 2396 1989 ἐκείνη,

615 2015 751 2097 πρὶν
795 2016 1081 2095 χαλεπὸς
1129 2017 1310 2093 λιμὸς
1351 2024 1807 2095 γραμματικῆς
1853 2018 2155 2081 ὀλέσει.

528 2124 667 2189 Imo
710 2141 860 2186 vero
904 2119 1197 2184 ὄλεσεν.
1270 2120 1591 2185 Planudes
1636 2122 1889 2201 ὀλέσῃ.

438 2228 657 2314 Epigr.
711 2223 859 2290 183.

532 2330 653 2395 Καὶ
698 2331 775 2394 σὺ
826 2328 1013 2409 Τύχη
1062 2328 1270 2392 λοιπὸν
1315 2329 1852 2408 μεταβαλλομένη
1903 2331 2303 2412 καταπαίζου

619 2436 774 2514 μηδὲ
820 2434 1021 2512 τύχης
1067 2441 1179 2506 ’τῆς
1227 2441 1336 2507 σῆς
1383 2432 1593 2501 ὅςας-α
1639 2434 2027 2517 φεισαμένη·

527 2541 560 2615 ἣ
609 2540 744 2621 πρὶν
790 2538 928 2614 νηὸν
971 2538 1210 2618 ἔχουσα
1256 2540 1633 2613 καπηλεύεις
1683 2542 1897 2617 μετὰ
1943 2550 2199 2622 γῆρας

619 2644 974 2726 θερμοδότις
1020 2643 1299 2723 μερόπων
1347 2648 1446 2708 νῦν
1492 2644 1978 2724 ἀναφαινομένη.

432 2749 852 2838 Epigramma
909 2750 1220 2833 scriptum
1274 2751 1344 2814 in
1388 2749 1704 2814 Fortunae
1750 2749 1972 2815 aedem
2017 2756 2342 2816 mutatam
2387 2752 2457 2815 in
2500 2771 2727 2836 caupo-

342 2875 512 2919 nam.
599 2852 725 2920 Sed
784 2854 938 2939 quid
999 2852 1124 2917 sibi
1168 2851 1330 2917 velit
1374 2853 1730 2936 cauponam}
1774 2870 1932 2919 POST
1977 2861 2325 2918 senectutem
2370 2874 2498 2919 non
2538 2854 2723 2920 intel·

342 2957 490 3044 lego
506 3004 523 3035 ,
576 2958 890 3044 siquidem
937 2960 1328 3022 senectutem
1374 2977 1547 3023 mors
1594 2960 1861 3042 excipit,
1911 2964 1976 3022 et
2020 2961 2240 3045 agitur
2282 2960 2391 3023 hic
2437 2959 2515 3024 de
2552 2962 2722 3025 viva.

343 3061 550 3141 Quare
595 3061 819 3148 procul
857 3062 1055 3127 dubio
1094 3081 1321 3127 verum
1358 3067 1455 3126 est
1495 3062 1699 3126 κατὰ
1744 3071 1968 3140 γῆρας.
2039 3063 2358 3147 Frequens
2394 3065 2725 3147 utriusque

341 3168 821 3251 praepositionis
884 3165 1167 3231 confusio
1227 3165 1335 3230 hic
1396 3169 1615 3231 minus
1674 3167 1870 3232 etiam
1915 3168 2209 3233 miranda
2254 3174 2512 3253 propter
2549 3188 2729 3253 prae·

343 3290 638 3357 gressum
684 3269 1241 3349 μεταβαλλομένη.

434 3374 655 3462 Epigr.
705 3374 859 3441 221.

346 3480 580 3560 Φρίσσω
628 3480 731 3545 ’τὸν
773 3478 1202 3560 βροτολοιγόν·
1252 3481 1279 3544 ὂ
1328 3478 1456 3559 γὰρ
1502 3481 1607 3546 καὶ
1656 3479 1861 3562 θῆρα
1913 3480 2209 3568 (leonem)
2257 3478 2559 3560 δαμαζων

435 3581 679 3663 ἄγριον,
731 3583 849 3647 οὐδ’
892 3584 1187 3661 ὀλίγων
1233 3584 1525 3667 φείσεται
1573 3585 1862 3666 ἁμερίων.
2039 3648 2063 3666 ‚

344 3685 583 3774 Lepide
647 3689 956 3772 interpres
1022 3688 1323 3754 Latinus:
1396 3713 1473 3753 ne
1524 3692 1745 3773 paucio
1803 3690 2037 3775 quidem
2085 3697 2299 3774 parcet
2356 3690 2725 3754 mor-talibus.
2782 3682 2791 3687 ’

343 3790 476 3857 Ubi
518 3792 752 3855 robusto
789 3792 952 3856 leoni
987 3791 1277 3861 homines
1315 3802 1751 3879 opponuntur,
1793 3796 1863 3860 hi
1901 3816 2027 3860 non
2054 3797 2242 3879 pauci
2265 3797 2522 3862 dicendi
2543 3804 2726 3872 sunt,

344 3895 455 3963 sed
512 3896 750 3960 debiles.
821 3895 1044 3981 Itaque
1095 3898 1319 3976 ὀλίγων
1360 3899 1641 3965 MARcus
1686 3900 2144 3965 Anemmmus
2190 3901 2427 3965 dixisse
2472 3900 2730 3965 videtur

345 4020 457 4086 pro
494 4001 773 4065 ἀσθενῶν.
822 3999 948 4065 Sed
985 4001 1247 4067 fortasse
1283 4005 1687 4087 praeferenda
1709 4002 2036 4068 Planudea
2058 4003 2252 4070 lectio
2274 4004 2401 4069 οὐδ’
2451 4008 2573 4069 aa}
2590 4027 2729 4082 γον

346 4108 391 4169 i.
440 4126 495 4169 e.
542 4105 674 4170 οὐδὲ
720 4102 1252 4183 μικρόνεοῦδέν.

437 4209 658 4294 Epigr.
708 4207 861 4273 226.

625 4313 704 4375 ΛΞ
751 4312 801 4373 δ’
846 4311 1042 4391 ἄγετε
1093 4314 1308 4393 ξανθαὶ
1359 4318 1728 4396 σιμβληίδες
1776 4316 1938 4399 ἄκρα
1986 4319 2391 4397 μέλισσαι
