2934 5050
320 262 455 333 360
1337 284 1684 334 nomos.

413 464 484 518 Β.
531 451 684 519 668.
731 454 958 534 τριχθὰ
1003 453 1064 519 δὲ
1111 451 1356 534 νῴκηθεν
1405 450 1894 535 κατιφυλοιδὸν.

328 557 689 640 ἐγέγραπτο
745 560 807 625 ἐν
850 566 978 633 τοῖς
1024 566 1319 631 παλαιοῖς
1369 568 1553 624 ΟΙκει
1576 608 1595 637 ,
1646 567 1909 636 ΟΙκεον,
1962 556 2262 632 ΟῙκηθεν,
2308 555 2476 642 quod
2520 559 2707 623 unice

324 683 553 731 verum
599 671 715 730 est.
2350 695 2357 698 ›

224 958 242 971 ,
417 872 642 943 Restat
684 878 755 941 in
795 873 1160 943 Homericis
1204 896 1408 941 unum
1452 876 1764 941 mendum
1807 895 1886 940 ex
1929 874 2151 940 eadem
2198 873 2561 939 confusione
2600 891 2709 936 nz-

326 985 507 1047 tum:
571 984 631 1048 ἐν
685 991 811 1056 τοῖς
860 985 1167 1054 Ἀττικοῖς
1216 981 1557 1061 γράμμασι
1607 982 1825 1047 littera
1873 991 1926 1045 O
1977 986 2089 1045 aut
2131 999 2245 1064 pro
2294 989 2407 1044 O‘r
2452 978 2710 1062 ponitur

326 1091 403 1151 ut
459 1088 530 1152 in
585 1095 958 1153 TOAeMO
1025 1091 1138 1154 aut
1191 1105 1304 1173 pro
1351 1093 1421 1150 Ω
1469 1092 1546 1151 ut
1590 1088 1659 1150 in
1706 1093 2162 1150 TomeMor.
2236 1080 2515 1149 Confusa
2555 1081 2710 1145 haec

326 1197 507 1270 sunt,
555 1197 631 1257 ut
673 1194 982 1277 suspicor,
1032 1194 1101 1256 in
1146 1190 1373 1278 Odyss.
1423 1203 1486 1254 λ.
1534 1188 1690 1256 298.
1737 1195 1802 1255 et
1845 1215 1912 1254 ω.
1968 1186 2121 1254 199.

605 1297 710 1361 καὶ
756 1295 967 1372 Λήδην
1011 1294 1192 1361 νεῖδον
1237 1296 1347 1370 τὴν
1393 1295 1788 1375 ΤυνδαρέΟΤ
1835 1293 2233 1375 παράκοιτιν.

603 1403 726 1483 οὐχ
771 1402 847 1475 ὥς
895 1400 1287 1480 ΤυνδωρέΟΤ
1337 1398 1515 1480 κούρη
1559 1399 1732 1464 κακὰ
1775 1399 2024 1477 μήσατο
2068 1396 2274 1479 νέργοι.

420 1503 578 1572 Erat
636 1508 705 1571 in
747 1504 931 1572 libris
977 1506 1300 1571 veteribus
1337 1512 1845 1582 ΤΤΝΔΑΡΕΟ,
1893 1504 2085 1588 idque
2128 1500 2488 1579 Τυνδάρεω
2531 1501 2713 1567 scribi

334 1608 637 1676 debuerat
652 1658 670 1689 ,
732 1616 808 1677 ut
867 1615 1225 1676 constanter
1279 1610 1358 1675 ab
1422 1610 1665 1676 Atticis
1723 1610 1927 1695 poetis
1968 1608 2342 1673 notissimus
2384 1606 2574 1672 heros
2615 1628 2714 1692 ap—

333 1713 631 1799 pellatur.
700 1714 1022 1782 Homerus
1082 1717 1280 1779 etiam
1326 1717 1395 1778 in
1439 1713 1542 1779 his
1586 1713 1810 1779 formis
1854 1734 2004 1779 cum
2052 1712 2302 1778 civibus
2348 1714 2486 1777 suis
2529 1713 2715 1778 Athe-

334 1820 661 1886 niensibus
698 1821 1032 1905 conspirat.
1081 1818 1173 1884 Ut
1210 1822 1279 1884 in
1316 1820 1537 1885 Attica
1573 1820 1932 1903 promiscue
1962 1816 2282 1889 Μενέλαος
2305 1823 2375 1882 et
2398 1815 2715 1888 Μενέλεως

333 1924 603 2004 dicitur,
663 1927 755 1990 sic
815 1928 883 1990 in
946 1923 1172 2011 Odyss.
1238 1949 1291 1988 υ.
1359 1922 1512 1988 321.
1581 1946 1656 2004 χ.
1722 1920 1875 1987 212.
1934 1918 2089 1988 327.
2137 1925 2235 1986 est
2280 1920 2715 2001 Δαμιςορῖδης

334 2031 694 2108 Ἀγέλαος,
741 2030 849 2096 sed
888 2030 968 2095 ds
1013 2030 1233 2095 eodem
1277 2051 1351 2107 χ.
1406 2026 1555 2092 131.
1604 2033 1670 2092 et
1715 2024 1868 2093 247.
1918 2026 2183 2092 dicitur:

877 2143 1004 2206 τοῖς
1053 2135 1104 2199 δ’
1155 2134 1472 2213 Ἀγέλεως
1516 2131 1901 2210 μετένειπεν.

337 2239 581 2305 similia
646 2245 796 2305 sunt
863 2239 1218 2314 Πηνέλεως,
1289 2237 1604 2313 Πηνέλεων
1678 2235 1785 2323 (Ν.
1851 2234 1988 2324 92.)
2051 2234 2368 2310 Πηνελέωο
2427 2234 2721 2306 rivam

338 2348 434 2429 (Ξ.
477 2343 657 2430 489.)
707 2349 772 2411 et
812 2356 879 2409 Β.
932 2342 1082 2410 572.
1134 2345 1546 2414 υἱός-Πετεῶο
1592 2340 1973 2414 Μενεσθεύς.
2022 2346 2088 2406 et
2132 2349 2213 2406 Δ.
2263 2337 2419 2406 327.

611 2444 734 2529 εὗρ’
781 2451 904 2514 υἱὸν
943 2455 1184 2514 Πετεῶο
1233 2448 1563 2522 Μενεσθῆα.
1610 2446 2003 2523 πλήξιππον.

425 2551 502 2618 In
544 2552 859 2629 Πηνέλεως
907 2561 1042 2620 erat
1086 2555 1299 2639 aliqua
1340 2553 1633 2619 lectionis
1670 2552 2126 2638 discrepantia:
2166 2552 2237 2615 in
2270 2549 2511 2616 multis
2541 2550 2726 2616 libris

336 2664 433 2724 est
492 2668 559 2727 Ξ.
625 2657 777 2726 489.
841 2660 1200 2737 Πηνελέωο,
1261 2663 1326 2724 et
1385 2658 1466 2723 ad
1526 2666 1608 2722 N.
1677 2656 1788 2723 92.
1840 2661 2215 2722 annotatur:
2264 2655 2723 2730 Πηνέλεωνε

338 2761 441 2829 διὰ
500 2768 608 2829 τοῦ
674 2774 728 2829 Ο
779 2765 1186 2847 ’Λρις-οφοὶνης
1233 2762 1616 2837 ΠηνέλεΟΝ.
1687 2762 1832 2827 Non
1879 2767 1977 2827 est
2020 2760 2158 2826 ulla
2203 2760 2524 2826 dubitatio
2569 2763 2727 2846 quin

339 2868 465 2933 sibi
530 2870 982 2955 Aristophanes
1047 2872 1119 2939 in
1187 2889 1260 2934 eo
1328 2870 1588 2932 nomine
1653 2866 1984 2931 scribendo
2052 2867 2445 2932 constiterit:
2507 2867 2727 2951 itaque

338 2971 639 3048 Πηνέλεος
699 2994 945 3059 quoque
1006 2977 1072 3040 et
1114 2972 1435 3049 Πηνελέωο
1483 2970 1831 3047 scribebat,
1881 2975 1946 3036 et
1987 2971 2207 3036 Attica
2251 2968 2461 3035 forma
2504 2976 2603 3035 est
2646 2970 2727 3035 ab

333 3078 702 3144 Aristarcho
745 3084 1014 3164 recepta.
1086 3078 1273 3144 Nunc
1319 3096 1568 3162 quoque
1613 3079 1665 3142 οἱ
1711 3100 1877 3155 μετα
1881 3077 2462 3157 χοιρακτηρίσαιντες
2509 3076 2727 3140 turba·

330 3188 502 3249 runt.
594 3181 751 3248 Erat
816 3191 1282 3251 neNe-Aeoc
1351 3185 1417 3246 et
1475 3190 1978 3248 ΠΕΝΕΛΕ-ΟΙΟ
2044 3185 2110 3246 et
2168 3180 2321 3245 hinc
2380 3179 2723 3247 dissensus.

334 3286 579 3353 Eadem
635 3292 822 3353 vetus
871 3289 1187 3373 scriptura
1230 3294 1407 3352 neN
1417 3295 1528 3351 ΕΛ
1537 3295 1739 3352 6010
1789 3289 2009 3373 arguit
2051 3284 2249 3351 aliam
2291 3283 2591 3351 lectionis
2633 3285 2725 3351 la-

332 3392 483 3458 bem
503 3439 522 3470 ,
586 3411 745 3477 quae
807 3394 1006 3456 etiam
1068 3393 1204 3455 sine
1261 3390 1384 3456 hoc
1443 3391 1682 3457 indicio
1730 3390 2030 3477 deprendi
2072 3392 2405 3477 potuisset.
2474 3390 2725 3475 Nempe

336 3495 447 3561 σὺν
504 3498 589 3578 τῷ
646 3498 801 3578 ἱῷτοο
860 3496 1051 3561 scribi
1099 3496 1369 3561 debebat
1414 3499 1694 3576 Πετεῷο,
1746 3494 2092 3577 Πηνελέῳοε
2141 3500 2238 3559 est
2282 3495 2462 3559 enim
2506 3497 2723 3560 termi-

334 3603 510 3667 natio
534 3638 622 3653 —
644 3625 725 3667 οιο
763 3600 1070 3687 producta
1103 3603 1314 3685 prima
1352 3601 1559 3666 vocali
1583 3601 1878 3670 οὶττικιςί.
1926 3600 2303 3665 Promiscue
2322 3597 2611 3674 Πηνέλεω
2638 3636 2721 3648 --

334 3706 646 3788 Πηνελέωο
668 3754 687 3783 ,
742 3706 950 3771 Πετεώ
977 3706 1368 3783 -’Πετεῷο,
1416 3705 1739 3785 Τυνδάρεω
1787 3711 1854 3772 et
1897 3704 2247 3785 Τυνδαρέοιο
2286 3704 2416 3769 dici
2452 3710 2719 3789 poterat.

338 3811 509 3892 Quid
544 3817 762 3877 autem
800 3809 976 3887 aliud
1010 3814 1110 3874 est
1141 3811 1448 3880 Ἀττικοῖς
1488 3809 1828 3889 γράμμασι
1867 3812 2181 3894 scriptum
2206 3816 2720 3875 neNeAeom

337 3937 531 4002 quam
572 3915 903 3995 Πηνελέωο.

426 4018 561 4088 Gur
603 4026 822 4087 autem
865 4019 1071 4085 forma
1113 4017 1449 4100 Τυνδάρεος
1492 4027 1556 4087 et
1596 4019 1939 4099 Τυνδαρέου
1965 4020 2325 4085 damnanda
2348 4017 2495 4085 est?
2558 4018 2724 4099 Quia

334 4125 558 4190 formis
617 4127 853 4191 Atticis
907 4125 1202 4190 omnibus
1264 4127 1333 4189 in
1372 4163 1459 4173 —
1507 4134 1683 4188 ene
1728 4132 1794 4191 et
1835 4163 1922 4175 --
1968 4132 2156 4189 ΕΩΝ
2203 4123 2589 4190 exeuntibus
2628 4144 2721 4188 re—

329 4229 637 4314 spondent
680 4229 919 4295 formae
962 4232 1032 4294 in
1057 4267 1142 4278 —-
1170 4238 1334 4295 AOC
1372 4234 1438 4296 et
1462 4268 1547 4279 —
1576 4237 1769 4296 ΑΩΝ
1789 4278 1807 4307 ,
1833 4228 2039 4297 veluti
2065 4228 2386 4309 Ἀμυθέων
2409 4266 2495 4279 -
2523 4231 2719 4307 'Auu-
