2934 5050
1279 310 1478 357 unu.
2486 295 2572 358 61·

391 487 758 567 expecta
849 487 990 546 aut
1039 478 1242 546 mihi
1286 479 1651 547 linteum
1701 481 2074 549 remitte.

280 583 487 665 Quid,
535 586 595 650 si
658 605 850 671 quam
903 588 1285 652 severiorem
1338 606 1605 673 poenam
1661 587 1796 672 ipse
1844 587 2132 653 Catullus
2181 588 2245 651 in
2276 585 2572 653 Thallum

201 689 494 767 intendit,
583 693 806 757 eadem
890 694 1249 757 animosum
1329 691 1644 778 puerum,
1726 694 1837 778 qui
1922 693 2206 760 disertus
2284 694 2572 780 leporum

200 817 265 862 ac
326 796 718 863 facetiarum
788 796 1095 863 illiberale
1156 817 1360 882 genus
1429 797 1681 863 iocandi
1730 797 1899 865 ferre
1951 820 2072 865 non
2125 810 2376 885 posset,
2453 799 2574 865 sra-

204 910 352 968 trem
404 902 686 988 dignum
742 901 977 968 ducere
1024 903 1242 968 dicat?
1293 902 1593 981 Crede,
1640 905 1873 990 inquit,
1913 905 2212 983 fratri,
2249 906 2390 992 qui
2436 914 2574 971 tua

200 1007 425 1073 furta
495 1017 662 1073 vite
708 1017 917 1073 lenta
960 1019 1271 1074 multari
1321 1007 1554 1075 velit.
1969 1082 1980 1095 .

278 1111 643 1179 multari
692 1113 957 1180 Vossius
1003 1134 1077 1180 ex
1131 1115 1291 1180 libro
1338 1114 1679 1191 Vaticano,
1729 1134 1918 1202 quem
1971 1118 2301 1202 antiquam
2354 1116 2576 1183 lectio·

200 1238 331 1285 nem
379 1219 555 1286 l'orte
607 1220 939 1286 rettulisse
992 1223 1199 1306 magis
1247 1239 1440 1307 quam
1496 1219 1617 1286 fide
1668 1223 2011 1289 retinuisse
2060 1221 2361 1289 arbitror.
2458 1223 2576 1288 Ro-

201 1344 337 1409 gare
416 1326 755 1412 quispiam
834 1328 1075 1413 possit,
1124 1346 1245 1392 cur
1293 1327 1506 1412 potius
1554 1327 1938 1412 vitigineum
2001 1327 2276 1408 fustem,
2347 1329 2411 1394 in
2477 1350 2576 1394 ca-

200 1433 422 1497 strensi
490 1431 1056 1499 animadversione
1119 1433 1494 1518 vulgarem,
1558 1452 1750 1518 quam
1817 1444 1929 1498 aut
1999 1434 2280 1500 ulmeum
2325 1443 2437 1501 aut
2481 1455 2577 1501 sa-

199 1534 430 1623 lignum
487 1547 608 1604 aut
660 1538 857 1604 alium
909 1541 1277 1626 quempiam
1332 1541 1395 1604 in
1449 1558 1650 1624 poena
1704 1538 1925 1603 fratris
1977 1539 2173 1605 Pollio
2212 1538 2572 1606 adhibitum

199 1663 323 1709 esse
371 1643 680 1710 voluerit.
766 1645 995 1712 Parata
1039 1647 1552 1732 responsio-est,
1604 1646 1798 1711 vitem
1853 1665 1966 1731 per
2012 1647 2323 1711 carminis
2370 1646 2573 1731 legem

200 1750 386 1815 multo
412 1748 678 1816 facilius
706 1749 930 1817 inferri
958 1753 1243 1838 potuisse
1262 1802 1278 1830 ‚
1307 1773 1500 1839 quam
1531 1760 1895 1817 ceterarum
1920 1751 2222 1817 arborum
2250 1751 2574 1819 vocabula.

275 2067 573 2136 CICERO
626 2069 706 2135 ad
759 2068 937 2134 Fam.
988 2069 1038 2135 l.
1090 2069 1209 2157 Ep.
1265 2073 1347 2150 2,
1410 2079 1463 2136 1.

280 2174 771 2241 Videbatur
859 2175 1075 2240 enim
1170 2175 1749 2242 reconciliata
1838 2172 2085 2239 nobis
2172 2174 2578 2242 voluntas

201 2297 373 2347 esse
426 2289 839 2359 senune,
888 2281 1106 2367 quod
1147 2303 1324 2349 cum
1369 2273 1764 2360 dicendo,
1828 2290 1994 2345 tum
2039 2280 2418 2367 singulis
2458 2301 2578 2368 ap·

205 2386 642 2470 pellandis
706 2386 1301 2474 rogandisque
1366 2407 1993 2477 perspexeram.
2081 2386 2164 2452 Et
2212 2396 2346 2472 post
2398 2406 2577 2452 cum

206 2500 446 2581 etpost
499 2502 670 2559 tum
722 2492 961 2560 excidit
1013 2495 1433 2582 praepositio:
1502 2504 1584 2560 ιιι
1626 2492 2022 2568 dicendo,
2070 2502 2152 2558 ιιι
2198 2492 2580 2579 singulis

208 2600 799 2686 appellandis3
891 2620 1037 2667 nam
1108 2602 1360 2668 animos
1434 2601 1769 2667 hominum
1836 2600 2155 2686 perspexit
2216 2607 2358 2664 tum
2431 2618 2577 2664 cum

211 2702 486 2787 dicebat,
545 2706 928 2793 appellabat.

289 2917 383 2984 Ad
430 2917 621 2984 Fam.
670 2917 782 2984 111.
832 2919 951 3007 Ep.
1012 2923 1128 2996 10,
1180 2924 1241 2986 5.

289 3023 852 3112 Pomptinius
909 3043 1087 3091 cum
1148 3024 1542 3090 maximis
1606 3023 1789 3090 suis
1837 3020 2096 3087 rebus
2145 3030 2501 3087 coactus
2548 3042 2582 3087 a

216 3147 322 3195 me
368 3130 920 3197 invitissimo
962 3126 2137 3205 decessisset‚-Laodiceam
2185 3129 2579 3196 revertit.

221 3232 556 3303 Deceditur
607 3235 781 3313 loco,
832 3235 911 3300 ab
958 3234 1217 3302 homine
1266 3232 1645 3301 disceditur.
1744 3232 1893 3318 Leg.
1948 3242 2430 3301 memet.

302 3445 418 3514 Ad.
468 3445 652 3513 Fam.
707 3446 780 3513 V.
830 3446 944 3533 Ep.
998 3450 1080 3526 8,
1133 3453 1193 3513 5.

305 3551 861 3632 Quamobrem
912 3554 1135 3618 satis
1196 3572 1382 3618 esse
1446 3551 1593 3618 h‘oc
1655 3560 2028 3639 tempore
2088 3551 2588 3618 arbitratus

229 3672 382 3722 snm
436 3657 585 3725 boc
634 3658 726 3724 ad
777 3666 856 3725 te
903 3658 1327 3735 scribere,
1377 3677 1527 3737 me,
1571 3658 1639 3723 si
1689 3658 1887 3744 quid
1932 3660 2112 3746 ipse
2150 3656 2590 3743 intellige·

231 3777 382 3828 rem
444 3763 742 3832 autad
806 3763 1339 3830 voluntatem
1406 3774 1546 3829 aut
1605 3763 1698 3830 ad
1742 3764 2263 3830 commodum
2310 3773 2455 3831 aut
2497 3763 2586 3830 ad

233 3869 878 3956 amplitudinem
966 3878 1190 3935 tuam
1276 3871 1771 3956 pertinere,
1870 3888 2044 3935 mea
2127 3879 2427 3957 sponte
2513 3868 2587 3935 id

234 3989 400 4039 esse
436 3974 910 4048 iacturum:
957 3976 1083 4039 sin
1136 3983 1412 4041 autem
1457 3975 1904 4063 quidpiam
1946 3983 2157 4041 anta
2206 3985 2282 4042 te
2324 3996 2588 4042 essem

237 4076 707 4146 admonitus
764 4090 908 4145 aut
977 4100 1011 4145 a
1087 4081 1295 4156 tuin,
1365 4079 1928 4154 effecturum,
2004 4089 2089 4146 ut
2161 4081 2590 4176 intellige-

237 4199 356 4248 res
436 4185 656 4251 nibil
743 4205 1006 4271 neque
1071 4194 1144 4251 te
1210 4186 1688 4270 scripsisse
1762 4204 2028 4269 neque
2088 4206 2588 4272 quemquam

241 4294 553 4356 tuorum
620 4291 953 4357 frustra
1009 4291 1099 4356 ad
1153 4311 1268 4357 me
1314 4290 1760 4358 detulisse.
1859 4290 1948 4354 Ea
2014 4299 2108 4355 est
2166 4290 2393 4356 horum
2455 4313 2588 4356 ver·

241 4388 445 4461 borum
521 4396 877 4474 sententia,
968 4407 1035 4463 ut
1115 4397 1448 4463 frustra
1535 4403 1599 4462 et
1686 4395 1780 4461 ad.
1849 4393 2286 4461 detulisse
2367 4403 2431 4459 et
2513 4394 2592 4460 ad
