2934 5050
361 290 494 355 212
1359 309 1761 355 insontum

456 484 606 565 Pag.
658 486 812 547 500.
908 478 1239 562 Quaesivit
1285 475 1629 563 aliquando
1671 476 2021 565 Dionysius
2067 475 2306 542 maior:
2363 476 2455 551 τίς
2498 477 2700 555 ἤπειρος

368 595 404 669 ἢ
455 596 632 663 νῆσος
705 579 797 675 [ἢ]
862 587 968 652 τὸν
1029 585 1233 666 ἔρις-ον
1292 584 1543 668 χαλκὸν
1601 584 1792 668 φύει;
1842 582 2164 669 Antiphon
2213 581 2564 668 respondit:
2606 581 2704 659 ἐγῶ

363 696 566 778 ἄριςον
631 690 770 761 οἶδα
818 695 922 759 τὸν
973 692 1295 767 'Aonium-w
1340 687 1408 756 οὖ
1453 690 1789 770 γεγόνασιν
1833 688 1952 778 (αἱ)
2001 688 2319 768 Ἀρμοδίου
2358 690 2460 754 καὶ
2507 690 2707 769 'Apisa-

365 803 634 884 γείτονος
681 799 924 872 εἰκόνες.
1021 796 1214 862 Dabis
1263 796 1422 863 mibi
1472 795 1604 864 illic
1656 814 2003 884 pronomen
2051 796 2370 882 expungi,
2434 793 2532 860 hic
2580 791 2709 859 arti·

366 908 586 976 culum
653 904 802 971 addi
869 911 1186 991 oportere.
1283 901 1408 968 Sed
1466 900 1625 989 quid
1692 900 2077 968 Philostrato
2138 899 2377 979 sacia,
2436 901 2538 988 qui
2583 896 2714 964 hacc

364 1017 762 1093 Ἀντιφῶντα
806 1009 1100 1091 Σωφίλου
1139 1009 1572 1088 Ῥαμνούσιον,
1616 1006 2121 1075 disertissimum
2146 1015 2468 1073 oratorem
2490 1014 2551 1074 et
2573 1002 2714 1071 'rhu-

365 1119 618 1209 cydidis
669 1118 1101 1202 magistrum,
1170 1113 1410 1181 dixisse
1461 1115 1632 1180 serio
1677 1111 1991 1190 tradidit,
2040 1132 2233 1199 quem
2285 1119 2529 1178 constat
2576 1111 2717 1175 inter

367 1246 592 1292 omnes
655 1222 924 1289 Athenis
986 1218 1247 1307 capitali
1312 1219 1632 1308 supplicio
1696 1218 1999 1287 affectum
2065 1239 2207 1286 esse
2252 1239 2425 1285 anno
2474 1224 2627 1293 411,
2666 1212 2719 1280 id

368 1340 468 1398 est
529 1342 740 1397 octavo
805 1347 975 1393 anno
1039 1333 1194 1392 ante
1255 1346 1448 1411 quam
1512 1325 1861 1414 Dionysius
1923 1344 2138 1391 rerum
2206 1326 2526 1413 potiretur
2577 1339 2722 1388 anuo
2824 1330 2827 1335 ²

371 1440 524 1503 404.
623 1435 878 1501 Poterat
927 1434 1131 1518 igitur
1183 1451 1446 1517 parcere
1495 1429 1805 1517 gravibus
1852 1431 2240 1510 sententiis,
2289 1450 2457 1517 quas
2502 1430 2560 1495 iu
2595 1444 2719 1494 eum
2826 1462 2827 1465 =

370 1551 781 1627 contorquet,
822 1538 1201 1609 Σικελιώτας
1239 1538 1353 1616 μὲν
1395 1539 1820 1620 ἐλευθεροῦντα
1865 1539 2219 1613 ’Λθηναίους
2253 1536 2319 1602 δὲ
2345 1535 2723 1615 δουλούμενα.

371 1647 590 1714 luauis
654 1647 810 1712 haec
861 1645 1216 1731 loquacitas
1260 1652 1391 1721 est,
1456 1651 1521 1708 et
1570 1644 1833 1709 omnino
1874 1641 1977 1708 bis
2026 1641 2401 1709 hominibus
2446 1641 2595 1709 nibil
2644 1646 2726 1706 est

376 1753 612 1831 leviuS,
666 1750 827 1818 nihil
874 1751 1152 1817 rutilius.
2826 1808 2827 1813 ,

461 1859 873 1927 lnaudiverat
921 1854 1168 1943 aliquid
1215 1853 1294 1920 de
1343 1855 1562 1922 nescio
1613 1875 1743 1942 quo
1790 1854 2217 1943 Antiphonte‚
2282 1874 2477 1942 quem
2525 1854 2728 1940 Diony·
2826 1854 2827 1893 ³

374 1967 512 2032 sius
559 1965 639 2031 ob
690 1964 752 2030 id
803 1963 1048 2029 dictum
1103 1960 1320 2027 necari
1367 1960 1677 2026 iussisset.
1743 1960 1914 2028 Plut.
1956 1962 2035 2028 de
2073 1960 2419 2027 Adulotore
2455 1972 2511 2027 et
2543 1958 2729 2026 Arnim
2826 1950 2827 1965 ¹

375 2092 521 2159 pag.
576 2075 665 2137 68
713 2090 776 2135 Δ.
842 2074 1043 2141 κακῶς
1093 2068 1156 2132 δὲ
1197 2065 1304 2132 καὶ
1345 2068 1656 2149 Ἀντιφῶν
1693 2067 1867 2149 παρὰ
1907 2067 2200 2149 Διονυσίῳ
2241 2066 2542 2149 ζητήσεως
2576 2065 2728 2137 οὔσης

372 2177 478 2243 καὶ
525 2177 718 2256 λόγου
763 2182 938 2246 noro-3
983 2173 1233 2252 χαλκὸς
1270 2170 1509 2253 ἅριςος,
1547 2176 1816 2247 Ἐκεῖνος
1840 2221 1859 2252 ,
1904 2169 2110 2253 εἶπεν,
2161 2171 2338 2250 §.ff-05
2378 2172 2729 2240 κατεσκεύα-

373 2308 489 2349 σαν
538 2285 840 2358 Ἀθηναῖοι
899 2280 1020 2352 τὰς
1067 2279 1388 2360 ’Λρμοδίου
1437 2279 1545 2344 καὶ
1593 2282 2076 2360 ’Λριςογείτονος
2122 2279 2361 2354 εἰκόνας
2384 2330 2403 2358 ,
2453 2299 2610 2367 quae
2647 2273 2732 2340 ille

374 2390 592 2454 statim
645 2387 723 2453 ad
776 2384 1111 2452 Oratorem
1163 2383 1390 2450 retulit
1441 2395 1684 2452 temere
1733 2386 2012 2452 miscens
2051 2385 2295 2452 omnia.
2390 2385 2464 2451 In
2514 2384 2651 2449 vitis
2687 2390 2729 2447 x

373 2494 715 2563 oratorum
765 2491 934 2581 quod
984 2490 1064 2557 de
1112 2489 1333 2557 eodem
1385 2490 1699 2558 scribitur
1751 2512 1895 2579 pag.
1947 2495 2079 2559 833
2110 2511 2168 2561 a.
2210 2493 2593 2574 πρεσβευτὴν
2626 2486 2731 2570 γὰρ

370 2601 518 2668 ὄντα
561 2602 747 2668 αὐτὸν
791 2602 875 2673 εἷς
925 2599 1324 2680 Συρακούσας
1371 2604 1645 2664 πλεῦσαι
1692 2599 1924 2665 vitium
1972 2597 2110 2665 alit.
2202 2596 2365 2664 Erat
2413 2599 2583 2666 enim
2628 2614 2734 2660 una

375 2707 559 2773 litera
607 2707 815 2772 avinius
859 2723 1053 2792 quam
1105 2705 1535 2786 πρεσβευτής,
1585 2713 1650 2770 et
1698 2703 2114 2771 scribendum
2164 2704 2586 2785 πρεσβύτην
2625 2700 2734 2783 γὰρ
2824 2767 2825 2770 ,

374 2813 558 2891 ὄντα,
615 2810 783 2900 quod
835 2810 930 2877 vel
982 2810 1336 2897 partipium
1383 2808 1534 2876 ὄντα
1579 2808 1875 2877 additum
1925 2809 2358 2882 demonstrat.

472 3025 622 3110 Pag.
673 3027 830 3091 502.
883 3023 999 3090 ὑπὸ
1045 3028 1163 3088 τῶν
1199 3022 1378 3104 ἀμφὶ
1430 3022 1871 3104 Θρασύβουλον
1914 3019 1969 3090 οἳ
2007 3029 2286 3103 κατῆγον
2322 3023 2451 3090 oza-b
2488 3026 2729 3107 Φυγῆσ
2824 3055 2825 3094 7

375 3131 479 3195 τὸν
540 3129 749 3208 δῆμον.
844 3128 982 3194 Imo
1039 3148 1190 3197 vero
1251 3128 1380 3194 ἀπὸ
1448 3136 1755 3207 Φυλῆς,
1816 3128 1987 3216 quod
2041 3149 2215 3196 nunc
2261 3128 2447 3197 video
2492 3128 2572 3196 ab
2609 3123 2731 3194 aliis
2824 3141 2825 3162 ³

378 3242 764 3319 occupatum
811 3239 875 3298 et
923 3252 960 3298 a
1009 3232 1296 3321 Kaysero
1344 3234 1410 3299 in
1460 3233 1855 3320 praefatione
1902 3234 2270 3323 probatum.

453 3443 639 3511 'Sunt
702 3444 766 3508 in
835 3441 1211 3510 Philostrati
1258 3442 1444 3513 libris
1490 3443 1613 3512 loci
1660 3444 1927 3531 quidam
1980 3457 2112 3515 tam
2155 3445 2325 3516 male
2374 3447 2630 3516 mulcati
2670 3453 2730 3509 ut

373 3549 553 3617 nulla
598 3547 986 3617 emendandi
1035 3568 1180 3636 spes
1229 3570 1568 3637 superesse
1615 3551 1932 3621 videatur.
1997 3554 2235 3623 Subest
2275 3556 2734 3624 vetusiacum.

375 3668 441 3725 et
507 3657 755 3723 lacerae
810 3654 1150 3722 verborum
1200 3655 1512 3743 reliquiae
1561 3677 1734 3724 nunc
1782 3658 2024 3748 absque
2074 3660 2202 3727 ullo
2248 3681 2445 3729 sensu
2492 3657 2728 3746 conglu-

376 3763 619 3829 tinatae
686 3770 867 3840 sunt,
932 3760 1131 3828 veluti
1198 3781 1259 3847 p.
1312 3767 1464 3829 508.
1516 3763 1545 3829 ὃ
1593 3763 1645 3828 δ’
1694 3767 1999 3849 Αἰσχίνης
2047 3768 2179 3835 οὐδὲ
2223 3774 2345 3835 τῶν
2390 3766 2726 3848 αποβεβλη·

373 3868 570 3949 μένων
618 3869 766 3934 ποτὲ
814 3867 924 3943 τὴν
972 3866 1212 3934 ἀσπίδα
1259 3867 1673 3952 ἐνθυμουμένῳ
1720 3873 1791 3938 τὸ
1838 3874 1900 3937 ἐν
1944 3873 2282 3953 Ταμύναις
2329 3874 2526 3956 ἔργον.
2584 3872 2726 3939 Haec

374 3973 710 4050 ἀδιανόητα
771 3981 924 4039 suut
989 3981 1052 4039 et
1099 3971 1418 4039 absurda:
1489 3974 1819 4061 complura
1868 3978 2254 4046 exciderunt
2299 3987 2367 4046 et
2416 3978 2572 4046 nibil
2614 3972 2724 4063 spei

377 4080 720 4165 reliquum.
816 4078 1076 4165 Aliquid
1140 4078 1412 4165 dispicio
1478 4101 1539 4167 p.
1600 4087 1752 4150 523.
1817 4087 1883 4151 οὐ
1938 4085 2065 4168 γὰρ
2105 4083 2184 4152 ἄν
2229 4111 2384 4154 ποτε
2432 4085 2615 4163 θνητὰ
2649 4104 2727 4148 νο-

373 4186 612 4266 μισθείη
675 4185 763 4251 τὰ
822 4185 1160 4266 ἀνθρώπεια
1206 4186 1338 4252 οὐδὲ
1384 4185 1651 4254 διδακτὰ
1696 4180 1741 4255 ἃ
1789 4189 2101 4271 ἐμάθομεν
2146 4193 2197 4257 εἱ
2244 4194 2461 4273 μνήμη
2506 4210 2724 4259 mero·

372 4292 647 4359 λιτεύετο
706 4292 1048 4373 ἀνθρώποις.
1144 4290 1274 4357 Hoc
1340 4310 1541 4358 unum
1608 4294 1829 4373 vidae,
1894 4298 2175 4384 requiri:
2241 4300 2296 4365 εἰ
2363 4309 2495 4367 ΜΗ
2537 4296 2723 4380 μνήμη

374 4396 910 4464 συνεπολιτεύετοε
961 4394 1208 4480 reliqua
1255 4396 1542 4482 corrigat
1589 4400 1701 4486 qui
1750 4403 2006 4487 polerit.
