2934 5050
354 313 483 376 120
1338 323 1743 370 utscstum

347 494 638 564 tudinem
670 502 932 562 secutus
977 501 1104 568 τοῖς
1136 495 1534 576 ἐπιτυχοῦσιν
1558 489 1847 570 ὀνόμασιν
1883 492 2095 560 utitur
2133 491 2245 560 ubi
2286 487 2713 559 Athenienses

346 602 544 669 certis
573 610 640 667 et
670 601 948 688 propriis
972 598 1183 667 verbis
1225 598 1614 672 utebantur,
1657 594 1854 663 veluti
1894 618 2037 685 cap.
2068 603 2172 666 37.
2224 599 2253 664 ὂ
2300 605 2589 680 Περικλῆς
2613 635 2716 648 -

347 707 526 786 νόμον
567 704 810 790 ἔγραψε
849 705 1065 785 μόνους
1111 703 1466 780 Ἀθηναίους
1507 698 1661 768 εἶναι
1701 703 1844 777 τοὺς
1879 705 1948 769 ἔκ
1972 704 2132 771 δυεῖν
2170 705 2500 780 Ἀθηναίων
2520 728 2718 784 γεγο·

348 813 527 886 νότας
552 861 572 891 ,
645 813 929 878 Atticum
1001 818 1101 877 est
1160 811 1231 875 ἔκ
1289 809 1447 876 δυοῖν
1510 809 1683 874 άτοῒν
1740 809 2118 888 γεγονότας,
2168 820 2233 876 et
2281 817 2422 897 post
2468 830 2712 897 pauca:

344 917 809 1001 ἐπράθησαν
847 915 946 984 οὖν
981 916 1237 990 άλόντες
1275 915 1467 996 ὀλίγῳ
1500 916 2026 995 πεντακισχιλίων
2063 915 2363 991 ἐλάττους
2395 916 2535 983 sine
2565 934 2717 981 con·

345 1023 657 1088 troversia
682 1023 1035 1105 ἐπράθησαν
1074 1030 1453 1107 corruptum
1478 1028 1601 1086 est.
1650 1019 1964 1106 Loquitur
2003 1019 2080 1086 de
2107 1021 2188 1086 iis
2211 1022 2324 1107 qui
2355 1020 2540 1086 malis
2561 1024 2720 1086 arti-

346 1125 556 1193 busin
583 1128 911 1195 civitatem
953 1129 1382 1214 irrepserant,
1422 1125 1661 1212 quibus
1687 1125 1907 1191 civitas
1941 1123 2235 1202 ademta,
2286 1145 2412 1191 non
2440 1126 2716 1191 libertas.

342 1232 569 1320 Itaque
628 1232 1014 1300 Plutarchus
1075 1230 1495 1309 ἀπηλάθησαν
1553 1230 1836 1308 dixerat,
1898 1230 2321 1298 Athenienses
2383 1233 2448 1296 in
2511 1251 2587 1298 ea
2645 1250 2721 1298 re

343 1339 877 1420 άπεψηφίσθησαν
925 1338 1244 1406 dicebant.
1342 1337 1572 1404 Paucis
1620 1336 2020 1423 interpositis
2081 1336 2340 1404 scribit:
2381 1339 2721 1419 συνεχώρη-

346 1467 465 1509 σαν
522 1444 1022 1528 ἀπογράψασθαι
1082 1446 1187 1512 τὸν
1233 1445 1389 1512 νόθον
1436 1444 1526 1516 εἷς
1569 1444 1711 1517 τοὺς
1760 1442 2074 1525 Φράτορας
2114 1442 2308 1522 ὄνομα
2356 1442 2600 1522 θέμενον
2641 1445 2720 1510 τὸ

348 1549 577 1628 αὑτοῦ,
642 1557 849 1637 potest
911 1551 974 1615 in
1041 1548 1141 1615 his
1206 1548 1592 1617 Plutarchus
1643 1547 1980 1614 emendate
2028 1547 2366 1634 scripsisse
2434 1550 2522 1623 εἰς
2579 1549 2723 1622 τοὺς

344 1652 699 1736 Φράτερας,
749 1654 860 1721 sed
905 1655 1388 1738 άπογράφεσθαι
1445 1656 1511 1719 in
1572 1651 1686 1720 tali
1753 1672 1826 1719 re
1873 1654 2223 1739 improprie
2267 1662 2332 1721 et
2378 1673 2718 1742 perperam

344 1756 625 1839 dicitur,
691 1759 1113 1827 Athenienses
1175 1769 1352 1829 certo
1412 1766 1478 1826 et
1545 1767 1853 1844 perpetuo
1915 1777 2037 1824 usu
2101 1757 2380 1838 εἰσάγειν
2444 1761 2532 1834 εἷς
2578 1761 2722 1833 τοὺς

341 1863 659 1947 Φράτερας
714 1863 1014 1933 dicebant
1058 1876 1120 1934 et
1170 1865 1520 1950 ἐγγράφειν
1565 1865 1652 1939 εἷς
1697 1865 1769 1929 τὸ
1813 1862 2212 1945 ληξιαρχικὸν
2258 1875 2719 1946 γραμματεῖον.

345 1968 675 2056 Exemplis
738 1971 803 2036 in
867 1992 941 2039 re
991 1973 1141 2040 trita
1191 1972 1349 2060 quid
1390 1968 1593 2060 opus?
1668 1968 1878 2035 Unum
1923 1977 2140 2035 tamen
2188 1971 2340 2056 quia
2384 1980 2517 2038 tam
2566 1971 2720 2059 lepi-

344 2072 502 2141 dum
565 2083 666 2141 est
727 2076 1071 2162 proferam.
1168 2078 1244 2145 In
1307 2074 1757 2164 Aristophanis
1815 2073 2052 2141 Avibus
2094 2095 2186 2143 vs,
2246 2079 2416 2143 1669
2464 2078 2722 2164 quaerit

343 2200 423 2246 ex
474 2178 745 2248 Hercule
804 2181 1275 2251 Pisthetaerus:

705 2286 817 2363 ἤδη
863 2290 926 2353 τ’
971 2288 1001 2353 ό
1049 2291 1256 2371 πατὴρ
1294 2288 1594 2368 εἰσήγαγ’
1641 2288 1702 2360 ἔς
1748 2287 1891 2363 τοὺς
1935 2285 2288 2371 φράτεραςς

344 2391 450 2458 cui
500 2389 640 2457 ille:

704 2498 771 2564 οὐ
815 2497 951 2577 δῆτ’
996 2499 1109 2580 ἐμέ
1154 2522 1235 2580 γε
1282 2497 1387 2564 καὶ
1434 2496 1569 2576 δῆτ’
1614 2496 1961 2582 ἐθαύμαζον
2006 2496 2237 2566 πάλαι.

436 2705 830 2774 Deficiebant
903 2707 1323 2776 Plutarchum
1392 2709 1479 2775 τά
1547 2712 1661 2775 τοῦ
1717 2712 2021 2791 Κρατεροῦ
2091 2708 2533 2791 ψηφίσματα,
2612 2707 2721 2776 ubi

343 2813 570 2879 scribit
616 2811 696 2880 de
743 2813 1009 2880 Periclis
1067 2814 1307 2881 iudicio
1371 2833 1511 2900 cap.
1569 2820 1669 2880 15.
1719 2814 2054 2899 ἐπεγράφη
2106 2815 2170 2880 δὲ
2216 2823 2295 2896 τῇ
2341 2815 2478 2896 δίκη
2521 2817 2724 2893 κατή-

344 2941 516 3002 γορος
569 2921 648 2991 ὦς
692 2921 808 3000 μὲν
854 2921 1189 3000 Ἰδομενεὺς
1235 2920 1410 2999 λέγει
1460 2919 1666 2986 Κλέων
1692 2969 1709 2999 ,
1758 2922 1835 2993 ὦς
1877 2919 1942 2986 δὲ
2005 2921 2366 3002 Θεόφραςος
2429 2921 2725 3001 Σιμμίας

349 3023 571 3109 (scrib.
624 3027 856 3106 Σιμίας
902 3046 978 3093 ex
1025 3025 1268 3115 σιμός),
1325 3027 1355 3091 ὃ
1403 3027 1465 3092 δὲ
1514 3025 1803 3099 Ποντικὸς
1864 3026 2266 3105 Ἡρακλείδης
2314 3028 2726 3108 Λακρατίδαν

347 3128 499 3215 (scr.
579 3132 1040 3219 Λακρατείδαν)
1103 3131 1666 3213 εἷρηκενἙοτῑειεεε
1731 3149 1954 3196 omnes
2016 3150 2164 3197 vera
2228 3141 2497 3198 narrant
2567 3134 2726 3219 quia

343 3232 709 3320 complures
754 3244 1163 3303 accusatores
1212 3235 1447 3322 publici
1492 3235 2091 3316 constituebantur,
2141 3256 2302 3323 quos
2370 3235 2725 3304 Athenien-

346 3357 450 3404 ses
513 3339 870 3422 συνηγόρους
950 3341 1306 3428 appellant,
1374 3340 1760 3408 Plutarchus
1831 3341 2239 3425 κατηγόρους,
2321 3349 2393 3407 ut
2459 3341 2523 3405 in
2588 3340 2730 3407 vita

350 3442 614 3511 Periclis
675 3465 816 3531 cap.
879 3450 957 3512 10
1021 3443 1089 3521 ἦν
1136 3447 1262 3530 γὰρ
1311 3443 1396 3520 εἷς
1444 3454 1563 3514 τῶν
1608 3446 2082 3528 κατηγόρων
2145 3450 2174 3515 ὅ
2237 3452 2537 3529 Περικλῆς
2601 3448 2728 3513 ὑπὸ

347 3555 452 3617 τοῦ
494 3550 685 3631 δήμου
723 3551 1227 3634 προβεβλημένος
1268 3553 1332 3618 in
1359 3551 1686 3619 Cimonem
1707 3603 1724 3631 ‚
1756 3561 1819 3619 et
1862 3561 2004 3639 post
2039 3573 2278 3640 pauca:
2327 3549 2511 3628 ἅπαξ
2531 3552 2726 3628 άνέςη

346 3657 458 3733 τὴν
498 3657 803 3738 προβολὴν
841 3656 1284 3741 άφοσιούμενος
1333 3658 1437 3724 καὶ
1486 3665 1606 3725 τῶν
1652 3657 2110 3739 κατηγόρων
2154 3657 2435 3742 ἐλάχιςα
2472 3658 2580 3723 τὸν
2619 3658 2729 3725 xl-

345 3785 524 3841 μωνα
580 3765 868 3841 λυπήσας
928 3765 1312 3847 ἀνεχώρησεν
1358 3762 1444 3832 cf.
1502 3762 1823 3832 Plutarch.
1870 3763 1941 3829 in
1985 3762 2249 3832 Cimone
2293 3783 2435 3851 cap.
2488 3767 2593 3832 14.

444 3970 598 4039 Sine
627 3972 757 4039 ulla
796 3975 1230 4042 controversia
1269 3976 1339 4041 ἐκ
1374 3982 1486 4051 τῆς
1527 3978 1633 4040 τοῦ
1669 3979 1972 4058 Κρατεροῦ
2014 3983 2404 4056 Συναγωγῆς
2438 3973 2730 4064 descrip-

350 4085 493 4145 tum
543 4086 641 4145 est
687 4079 756 4145 τὸ
794 4080 1107 4162 ψήφισμα
1143 4081 1215 4147 τὸ
1249 4080 1352 4147 ἐπὶ
1403 4078 1775 4159 Θεοπόμπου
1823 4078 2120 4164 ἄρχοντος
2160 4083 2267 4165 ἐφ’
2302 4076 2372 4147 οὗ
2418 4081 2472 4146 οἱ
2503 4104 2732 4164 τετρα·

353 4183 540 4251 κόσιοι
602 4185 1032 4259 κατελύθησαν
1100 4184 1335 4276 (Olym.
1399 4185 1585 4252 xcu.
1650 4190 1711 4251 2.
1761 4189 1881 4268 kh}
1940 4205 1976 4251 a
2033 4184 2217 4275 Chr.)
2262 4187 2401 4252 καθ’
2446 4182 2475 4251 ὃ
2525 4184 2733 4263 ἔδοξεν

352 4291 661 4375 Ἀντιφῶν
706 4291 1009 4373 κριθῆναι,
1059 4289 1230 4379 apud
1280 4290 1697 4357 Plutarchum
1735 4291 1798 4356 in
1843 4292 2071 4359 vitisx
2127 4290 2472 4359 Oratorum
2498 4310 2561 4378 p.
2588 4295 2729 4359 833

350 4403 429 4465 E.
485 4396 868 4464 Plutarchus
915 4416 994 4467 ex
1041 4396 1313 4464 Caecilio
1361 4395 1639 4463 Rhetore
1684 4394 1872 4464 affert
1921 4397 1975 4487 (ὃ
2023 4398 2337 4471 Καικίλιος
2385 4397 2731 4481 παρατίθε-
