2934 5050
1135 305 1194 351 u«
1242 303 1637 353 nestonoauu.
2434 283 2562 355 517

217 473 400 556 ὅσπερ
441 475 593 541 ἀπὸ
635 477 741 541 τοῦ
785 473 958 540 κατὰ
1001 474 1088 539 τὰ
1125 470 1309 554 σέρνα
1353 477 1466 546 τῆς
1511 469 1682 553 κόρης
1729 464 1934 552 ἱμέρου
1983 465 2565 552 κατευναζομένους.

219 577 434 647 Itidem
495 579 721 646 vitiose
761 576 1010 645 editum
1068 597 1129 664 p.
1171 580 1326 644 524.
1378 579 1460 642 16
1507 574 1648 653 ὀξὺς
1694 575 1823 658 γὰρ
1868 574 1899 640 ὅ
1945 575 2086 656 ἐρῶν
2124 578 2416 658 Φωρασαι
2459 572 2565 639 τὸν

215 684 356 751 ἐπὸ
395 689 510 750 τῶν
552 682 692 750 ἴσων
747 683 953 750 παθῶν
1013 679 1483 764 κεκρατημένον.
1572 678 1736 760 Quia
1782 679 1943 746 satis
1991 687 2213 746 notum
2261 688 2360 746 est
2406 678 2567 745 istas

215 789 701 875 praepositiones
760 786 989 854 crebro
1051 784 1397 864 confundi,
1461 803 1585 851 non
1652 783 1892 851 multos
1951 782 2127 851 locos
2172 781 2438 851 afferam
2490 791 2565 855 ut

212 891 454 980 probem
492 912 622 980 qna
657 891 738 959 de
772 912 845 959 re
877 910 1066 958 nemo
1090 889 1382 969 dubitat,
1431 888 1543 955 sed
1570 890 1731 956 satis
1775 888 1903 956 erit
1950 908 2151 955 unum
2197 909 2276 959 ex
2323 889 2567 956 Aristo·

214 995 403 1084 phane
446 999 676 1064 vitium
724 996 1026 1065 eximere.
1100 996 1448 1062 Annotavit
1497 992 1907 1082 Phrynichus
1939 994 2005 1063 in
2048 994 2319 1062 Bekkeri
2359 994 2564 1063 Anec-

209 1100 365 1169 dotis
406 1122 466 1190 p.
517 1108 632 1171 67.
693 1107 812 1169 52:
879 1103 1254 1184 ὑποφωνεῖν,
1319 1099 1414 1165 sic
1478 1100 1651 1165 enim
1697 1097 2110 1167 scribendum
2159 1107 2258 1166 est
2296 1107 2564 1173 auctore

205 1205 420 1274 Coheto
462 1208 530 1273 in
581 1207 780 1274 variis
817 1204 1229 1274 Lectionibus
1276 1223 1334 1290 p.
1382 1208 1511 1271 138
1534 1254 1553 1282 ,
1603 1205 1975 1287 ὑποφωνεῖν·
2036 1206 2108 1271 τὸ
2153 1202 2561 1291 ἄγοροὶζοντός

207 1333 347 1386 τινος
387 1311 535 1393 ὄψον
575 1309 776 1395 ἕτερον
818 1321 897 1396 τῇ
941 1320 1095 1394 τιμῇ
1145 1309 1627 1392 ὑπερβάλλοντα
1689 1309 1983 1376 ὠνεῖσθαι.
2075 1309 2148 1376 In
2198 1309 2392 1377 unico
2443 1309 2560 1376 Go-

206 1415 333 1484 dice
376 1427 472 1485 est
538 1417 881 1500 ὑποψόνην,
944 1413 1055 1483 sed
1122 1415 1524 1498 ὑπεροψωνεῖν
1585 1414 1853 1481 Bekkeri
1898 1424 1999 1482 est
2043 1413 2513 1498 παραδίορθωσις
2534 1463 2554 1493 .

205 1538 338 1589 nam
384 1521 798 1612 Phrynichus
843 1521 1106 1608 respicit
1152 1518 1603 1606 Aristophanis
1647 1538 1724 1586 ex
1776 1518 2299 1588 Acharnensihus
2341 1518 2556 1587 locum

205 1643 259 1692 v.
300 1630 425 1694 842
471 1628 597 1694 οὐδ’
641 1624 836 1700 ἄλλος
882 1627 1198 1708 ἀνθρώπων
1236 1626 1565 1707 ὑποψωνῶν
1609 1647 1680 1691 σε
1714 1631 1997 1703 πημανεῖ
2025 1647 2108 1690 τι.
2201 1622 2560 1693 Scholiasta

201 1727 340 1799 illud
385 1733 718 1814 ὑποψωνῶν
759 1729 931 1799 haud
966 1728 1131 1797 male
1169 1729 1664 1816 interpretatur:
1711 1730 1812 1795 ἐπ’
1841 1727 2077 1814 ὃψωνία
2109 1733 2462 1810 κακουργῶν
2489 1735 2560 1796 et

198 1837 513 1917 προστιθεὶς
560 1847 638 1921 τῇ
684 1837 940 1921 δψωνία·
986 1835 1102 1901 εἶσὶ
1148 1834 1276 1916 γὰρ
1319 1833 1539 1900 πολλοὶ
1582 1833 1685 1900 διὰ
1732 1837 1959 1917 μικρᾶς
2003 1833 2341 1916 προσθήκης
2385 1831 2559 1900 ὠνού-

195 1963 364 2019 μενοι.
430 1940 677 2010 Eodem
725 1940 914 2008 modo
957 1938 1127 2026 apud
1175 1937 1691 2026 Theophrastum
1730 1945 2087 2025 usurpatur
2123 1938 2556 2022 ὑποπρίασθαι.

195 2047 549 2115 ’τπιινεῒται
593 2046 706 2134 qni
753 2047 819 2111 in
868 2044 1005 2111 l'oro
1049 2051 1359 2112 emtorem
1414 2041 1666 2111 deludit
1710 2043 1997 2111 hiantem
2043 2052 2124 2128 τῇ·
2168 2053 2323 2129 τιμῇ
2370 2043 2550 2125 ὑπερ·

191 2149 405 2229 βαλών.
497 2151 837 2219 Nostrates
896 2156 1176 2216 utuntur
1231 2147 1429 2215 simili
1491 2148 1844 2235 composito
1917 2146 2113 2216 verbo
2167 2147 2247 2217 de
2314 2167 2392 2214 eo
2433 2147 2549 2234 qui

191 2254 435 2323 eandem
485 2255 784 2323 fraudem
825 2256 892 2321 in
927 2252 1383 2321 conductorem
1423 2250 1685 2320 adhibet
1708 2260 1773 2320 et
1812 2251 2275 2340 Aristophanes
2317 2250 2542 2321 eodem

191 2358 358 2425 modo
403 2380 568 2427 usus
611 2368 711 2427 est
757 2358 948 2427 verbo
993 2360 1229 2425 ὑποθεῖν
1278 2359 1338 2423 in
1382 2356 1752 2445 Equitihus.
1824 2358 2079 2443 Inspice
2134 2358 2262 2423 iam
2298 2356 2542 2423 Aristo-

189 2460 396 2548 phanis
460 2466 719 2545 Ranas,
793 2484 889 2533 vs,
960 2467 1152 2531 1227.
1249 2463 1593 2549 Postquam
1661 2460 2013 2552 Aeschylus
2082 2465 2342 2550 saepius
2402 2461 2533 2531 iam

189 2570 448 2638 occinuit
509 2590 706 2637 suum
760 2569 1039 2647 ληκύθιον
1091 2567 1447 2644 ἀπώλεσεν,
1496 2567 1783 2635 Bacchus
1827 2566 1908 2634 ad
1959 2566 2334 2654 Euripidem
2380 2587 2534 2637 con·

188 2691 388 2742 versus
429 2675 475 2744 ὦ
528 2672 802 2754 δαιμόνιε
825 2725 843 2754 ,
896 2673 1140 2762 inquit,

573 2778 618 2846 ὦ
663 2781 924 2861 δαιμόνι’
968 2780 1226 2861 &nepem
1271 2778 1631 2859 ἀποπρίω
1684 2779 1794 2854 τὴν
1839 2780 2129 2856 λήκυθον,

570 2884 670 2952 ἵνα
716 2888 804 2964 μὴ
851 2885 1173 2965 διακναίσῃ
1216 2886 1358 2958 τοὺς
1403 2882 1738 2963 προλόγους
1785 2886 1973 2962 ἡμῶν.

186 2985 398 3057 Nullihi
434 2997 649 3057 exstat
687 2990 1106 3072 αποπρίασθαι
1147 2998 1212 3056 et
1253 2995 1582 3075 praestare
1615 2987 1916 3054 existimo
1957 2988 2300 3070 ὑποπρΙω.
2358 2987 2538 3071 Quae

184 3105 528 3180 &luuntur
574 3096 669 3162 sic
717 3094 1203 3162 constituerim:

1611 3200 1732 3264 Εὐ.
1777 3199 1849 3264 τὸ
1893 3199 1994 3274 τίς

573 3306 696 3385 ἐγὼ
742 3306 1049 3386 πρίωμαις
1099 3315 1217 3371 Δι.
1269 3306 1338 3380 νὴ
1385 3305 1490 3369 Δί’
1534 3303 1644 3370 ἐὰν
1690 3302 1835 3387 πίθῃ
1880 3308 1949 3383 γ’
1995 3305 2151 3383 ἐμοί.
2228 3343 2237 3352 ·

259 3407 475 3478 Nullae
527 3410 1029 3497 praepositiones
1067 3408 1130 3475 in
1182 3406 1504 3474 Heliodori
1548 3406 1893 3474 Codicihus
1931 3407 2091 3474 mihi
2135 3407 2540 3497 frequentius

184 3512 463 3582 confusae
510 3535 653 3582 esse
689 3515 993 3581 videntur
1016 3533 1209 3600 quam
1246 3514 1331 3586 εἷς
1362 3520 1428 3580 et
1453 3513 1632 3594 πρός·
1664 3512 1819 3580 ·fieri
1848 3513 2060 3579 tamen
2088 3520 2298 3600 potest
2323 3523 2395 3582 ut
2428 3514 2537 3582 hic

185 3613 302 3683 illic
337 3620 566 3686 vitium
595 3620 800 3706 ipsius
836 3620 1176 3706 scriptoris
1213 3620 1328 3695 sit,
1377 3637 1501 3684 non
1528 3617 1965 3683 librariorum.
2029 3617 2137 3684 Sic
2165 3626 2390 3686 notum
2436 3628 2538 3687 est

185 3716 415 3790 forense
456 3723 725 3791 verbum
773 3723 1372 3803 εἰσαγγέλλειν.
1470 3721 1593 3788 Sed
1635 3743 1857 3788 nomeu
1911 3721 2160 3809 deferre
2206 3746 2539 3806 προσαγ-

185 3824 503 3906 γέλλειν
548 3838 649 3895 est
695 3849 757 3916 p.
801 3833 956 3895 233.
1005 3832 1091 3894 29
1139 3835 1205 3894 et
1251 3831 1403 3894 295.
1453 3832 1559 3893 53.
1659 3825 1939 3893 Facilius
1980 3825 2113 3893 sero
2156 3846 2220 3913 p.
2249 3831 2405 3895 236.
2444 3832 2533 3897 24

183 3930 330 4007 αὐτὴ
373 3934 483 4012 μέν
522 3957 616 3999 σοι
649 3942 1115 4016 προσαγγεῖλαι
1152 3934 1556 4009 κατ-ὤκνησα,
1603 3931 1755 4018 quia
1792 3929 2178 4018 simpliciter
2222 3933 2536 4001 nunciare

186 4032 521 4119 siguificat,
572 4039 666 4104 uti
713 4046 778 4106 et
827 4059 891 4126 p.
935 4042 1086 4105 282.
1137 4042 1251 4111 47;
1299 4035 1408 4103 sed
1451 4056 1582 4103 non
1622 4033 1778 4102 mihi
1822 4034 2173 4121 persuadeo
2208 4037 2531 4109 sinceram

185 4154 314 4205 eam
359 4139 691 4209 lectionem
740 4162 800 4230 p.
840 4148 992 4211 343.
1044 4147 1080 4208 7
1131 4143 1270 4208 τίνα
1316 4143 1481 4220 ὑμῶν
1527 4139 1809 4219 ὀνόματα
1854 4141 1976 4221 κρῆ
2023 4142 2530 4223 προσαγγέλ-

188 4253 369 4312 λειν.
457 4248 528 4313 1η
579 4246 724 4315 aula
773 4249 946 4334 regia
991 4246 1409 4326 εἶσαγγελεὺς
1447 4253 1546 4311 est
1594 4245 1706 4330 qui
1744 4243 2176 4324 εἰσαγγέλλει.
2271 4247 2537 4317 Praeter

190 4346 500 4432 scriptoris
525 4359 803 4420 mentem
837 4371 896 4438 p.
918 4355 1069 4422 263.
1105 4355 1183 4416 18
1212 4351 1496 4417 invenio:
1549 4351 1933 4432 ἐπανῄειν
1968 4351 2149 4433 πρὸς
2184 4352 2297 4426 τὴν
2319 4351 2569 4428 πόλιν,-
