2934 5050
1225 257 1573 309 nonaxon.
2458 235 2594 305 207

202 449 278 490 τε
330 426 692 505 Δνεισήνορα
716 476 734 506 ,
786 431 852 493 et
893 431 1104 514 prima
1143 432 1211 492 in
1256 427 1458 501 ἆδῐεές
1502 427 1696 516 longa
1742 434 1839 494 est
1886 438 1958 494 Φ.
2010 426 2161 494 481.
2212 428 2357 495 κύον
2399 424 2601 498 bareis

203 537 272 598 et
317 558 387 599 τ.
435 530 545 599 91.

300 636 416 705 Sic
476 640 682 726 igitur
746 637 940 705 δείδια
1002 645 1228 705 natum
1273 645 1371 707 est
1412 644 1480 707 et
1524 640 1785 707 δείδοικα
1811 688 1828 716 ,
1893 660 2121 726 nempe
2168 662 2247 706 ex
2297 638 2489 706 δέδνια
2540 645 2606 706 et

206 743 519 819 δέδεοικα,
583 747 675 811 sio
732 745 969 820 θεουδής
1034 767 1113 812 ex
1171 746 1427 822 θεοδνεῆς
1475 767 1590 833 pro
1635 743 1829 820 ὅσιος,
1901 747 2196 826 εὐσεβής,
2277 746 2603 825 θεοσεβής,

206 849 628 929 δεισιδαίμων.

297 954 380 1021 In
444 960 623 1023 tanta
683 956 1037 1042 frequentia
1093 956 1381 1025 locorum
1398 1007 1416 1037 ,
1482 959 1597 1024 ubi
1658 960 1953 1043 antiquae
2007 957 2268 1048 linguae
2313 962 2453 1039 tam
2497 978 2603 1025 ex-

207 1082 436 1148 pressa
479 1068 545 1129 et
589 1066 762 1129 certa
805 1064 1084 1151 vestigia
1127 1069 1431 1151 apparent
1448 1111 1467 1142 ‚
1514 1084 1640 1131 non
1682 1064 2018 1131 miraberis
2056 1084 2190 1131 esse
2234 1061 2405 1129 locos
2449 1083 2602 1148 pau-

207 1168 392 1235 culos
407 1216 426 1246 ‚
465 1171 536 1234 in
576 1168 810 1254 quibus
844 1166 1041 1255 longa
1071 1169 1205 1237 dies
1242 1175 1308 1236 et
1331 1173 1691 1237 communis
1712 1172 2006 1237 omnium
2027 1169 2289 1257 linguae
2310 1173 2602 1235 vetustae

206 1276 550 1361 ignoratio>
593 1271 1051 1340 vocabulorum
1113 1280 1405 1342 veterum
1460 1275 1736 1343 formam
1782 1277 1979 1343 variis
2022 1274 2233 1343 modis
2280 1272 2599 1352 ἠφάνισεν.

211 1379 392 1459 Quae
454 1382 739 1446 carmina
797 1399 911 1464 per
968 1379 1209 1447 multas
1270 1386 1510 1448 aetates
1576 1381 1922 1449 volitarunt
1946 1456 1957 1465 ,
1981 1403 2095 1468 per
2151 1400 2262 1447 ora
2313 1381 2603 1446 virorum

209 1484 410 1573 longo
471 1489 616 1571 post
675 1485 1014 1553 intervallo
1060 1506 1137 1552 ex
1183 1489 1580 1555 cantantium
1626 1508 1732 1553 ore
1777 1493 2040 1573 excepta
2082 1486 2287 1555 literis
2332 1484 2604 1551 describi

215 1596 441 1677 coepta
484 1596 635 1657 sunt
652 1640 669 1667 ,
732 1597 1070 1677 postquam
1132 1591 1467 1679 digamma
1480 1641 1498 1671 ‚
1565 1597 1742 1658 sexta
1796 1592 2121 1679 alphabeti
2164 1590 2353 1657 litera
2370 1638 2388 1668 ,
2434 1590 2605 1676 apud

213 1695 397 1764 Iones
443 1702 513 1763 et
554 1698 804 1765 Atticos
848 1696 1036 1784 plane
1072 1699 1142 1763 in
1182 1697 1666 1767 desuetudinem
1706 1698 1947 1765 abierat
1984 1697 2607 1782 describentibusque

214 1822 474 1886 prorsus
512 1807 648 1869 erat
683 1804 1003 1892 ignotum.
1066 1802 1287 1889 Itaque
1324 1825 1438 1889 pro
1480 1802 1707 1870 ἔηαδεν
1754 1803 2149 1872 scribebatur
2191 1801 2407 1869 εὔαδεν
2426 1850 2442 1878 ,
2489 1820 2604 1886 pro

217 1905 629 1983 καπάξαντες
695 1918 760 1975 et
820 1907 1145 1986 καπάξαις
1193 1909 1503 1977 dederunt
1550 1906 1941 1987 καυάξαντες
1989 1913 2054 1975 et
2099 1905 2442 1987 καυάξαις,
2490 1926 2606 1992 pro

219 2015 542 2094 άπέρυσαν
587 2016 929 2082 exarabant
975 2015 1277 2098 αὐέρυσαν
1325 2021 1390 2081 et
1428 2017 1684 2096 αὐΐαχοι
1727 2035 1842 2102 pro
1879 2014 2152 2093 άνείαχοι
2173 2063 2192 2089 ,
2241 2012 2606 2098 similiaque

219 2121 333 2185 ubi
378 2144 408 2187 r
454 2125 594 2187 erat
652 2123 1077 2209 geminatum.
1171 2119 1461 2208 Simplex
1508 2126 1726 2191 autem
1769 2143 1798 2186 ι·
1840 2121 2059 2187 omitti
2103 2117 2345 2187 solebat
2392 2123 2457 2183 et
2501 2138 2605 2204 pe-

225 2227 398 2291 nitus
443 2227 584 2291 sine
625 2228 901 2314 vestigio
947 2229 1224 2295 interire.
2032 2220 2033 2223 '

311 2329 541 2417 Itaque
587 2332 738 2416 quia
779 2335 1020 2417 passim
1065 2332 1252 2400 litera
1297 2352 1641 2401 consonans
1680 2331 1999 2401 exciderat
2036 2331 2318 2397 carmina
2351 2332 2611 2395 vetusta

227 2434 429 2502 literis
496 2442 752 2503 exarata
794 2436 983 2523 plena
1026 2442 1205 2504 erant
1252 2440 1567 2504 rimarum
1612 2458 1956 2525 versusque
2001 2438 2213 2503 canori
2259 2440 2325 2502 et
2372 2437 2611 2501 eximia

231 2549 359 2610 arte
403 2545 744 2630 compositi
788 2547 1029 2630 passim
1073 2543 1462 2611 intolerabili
1506 2543 1692 2610 hiatu
1727 2544 2103 2609 fatiscebant
2118 2590 2136 2622 ,
2184 2542 2424 2609 veluti:

500 2646 610 2715 ὧδέ
657 2652 772 2733 σφ’
820 2650 1177 2733 ἐγκέφαλος
1223 2647 1514 2730 χαμάδις
1561 2647 1673 2730 ῥέοι
1719 2651 1796 2721 ὥς
1845 2644 1973 2714 ὅδε-Ξ
2020 2646 2199 2720 Οἶνος

503 2754 761 2821 κάτθαν’
800 2751 970 2834 ’ὁμῶς
1015 2754 1052 2820 δ’
1093 2757 1155 2821 τ’
1205 2755 1429 2836 aze-prbe
1475 2754 1621 2835 ἀνὴρ
1669 2753 1705 2820 ὅ
1740 2778 1812 2820 τε
1859 2764 2084 2819 πολλΛ
2130 2752 2414 2834 Ἐοργῶς.

501 2863 580 2933 ὥς
625 2861 690 2926 δὲ
737 2861 889 2927 λέων
935 2862 996 2925 ἐν
1037 2861 1219 2940 βουσὶ
1271 2862 1439 2942 θορὼν
1486 2859 1556 2937 ἐξ
1576 2856 1858 2941 αὖχέυΛ
1899 2856 2084 2939 ’'Al-²30.

503 2964 640 3033 ἔνθα
685 2968 799 3046 μὲν
847 2966 1156 3032 ἐκπεσέειν
1201 2967 1300 3032 ὀΐω
1349 2965 1520 3031 κατά
1568 2965 1616 3030 θ’
1665 2962 1941 3046 ἅρματΑ
1977 2962 2217 3041 ''A-‘ioca‘

318 3070 379 3136 Ν
381 3092 462 3138 on
510 3077 606 3138 est
650 3075 856 3161 igitur
891 3073 1261 3138 mirandum
1298 3070 1640 3157 rhapsodos
1676 3077 1742 3138 et
1780 3076 2063 3138 cantores
2101 3074 2359 3138 centum
2400 3068 2611 3136 modis

235 3174 578 3243 molestum
621 3179 877 3245 hiatum
923 3181 1153 3246 sarcire
1197 3183 1451 3243 conatos
1464 3225 1481 3255 ,
1532 3178 1647 3263 qui
1687 3181 1799 3241 aut
1835 3176 2251 3258 inferciebant
2283 3173 2611 3241 literulam

238 3282 443 3360 ςοιβῆς
493 3283 662 3360 δίκην
710 3287 853 3365 πρὸς
901 3284 972 3348 τὸ
1021 3284 1280 3365 κεχηνὸς
1327 3287 1434 3347 τοῦ
1482 3283 1704 3365 ῥυθμοῦ
1749 3280 1956 3348 veluti
2002 3284 2061 3347 τ’
2108 3286 2222 3347 aut
2264 3284 2331 3361 γ’
2380 3286 2493 3347 aut
2532 3282 2609 3356 κ’,

242 3392 347 3451 aut
388 3388 651 3456 voculas
696 3393 863 3456 inter
908 3411 974 3456 se
1018 3390 1469 3475 permutabant
1511 3408 1626 3474 pro
1670 3386 1735 3454 δέ
1783 3392 1896 3452 aut
1940 3412 2008 3453 τε
2058 3386 2185 3467 γάρ
2226 3386 2612 3452 substituen-

243 3496 332 3556 tes
347 3539 364 3570 ‚
427 3500 542 3560 aut
602 3496 796 3561 verba
855 3496 1345 3582 transponebant
1402 3493 1610 3561 veluti
1669 3496 1861 3558 πᾶσιν
1909 3492 2040 3570 ἐμοὶ
2089 3493 2151 3557 δὲ
2199 3490 2451 3570 μάλιςα
2498 3511 2612 3577 pro

245 3601 394 3663 πᾶσι
450 3599 701 3679 mama
750 3602 804 3667 δ’
852 3600 989 3680 ἐμοί
1004 3650 1022 3676 ,
1093 3602 1475 3685 omninoque
1533 3598 1862 3666 lenissima
1918 3597 2222 3687 vulgatae
2266 3599 2615 3683 scripturae

246 3707 591 3772 mutatione
649 3709 932 3773 numeris
992 3711 1057 3775 et
1115 3707 1375 3772 auribus
1429 3703 1859 3772 consulebant.
1952 3703 2195 3770 Eodem
2252 3702 2443 3769 modo
2488 3722 2614 3789 quo

248 3805 342 3873 illi
398 3815 684 3877 vetustas
744 3812 982 3878 formas
1026 3812 1445 3879 obscurabant
1459 3858 1477 3889 ,
1541 3815 1833 3876 nostrum
1879 3815 1976 3875 est
2023 3808 2275 3876 easdem
2320 3829 2615 3875 revocare

250 3913 313 3976 in
347 3913 557 3982 lucem
574 3964 593 3995 ‚
650 3937 775 3983 non
821 3939 933 4004 per
973 3921 1112 3985 vim
1157 3912 1517 4006 grassantes
1561 3914 1799 3981 urendo
1846 3914 2235 4000 secandoque
2279 3919 2346 3980 et
2390 3913 2613 3980 audaci

252 4019 722 4105 transpositione
782 4030 893 4088 aut
955 4026 1337 4090 correctione
1397 4020 1682 4089 violenta
1697 4069 1715 4100 ,
1781 4022 1888 4087 sed
1949 4021 2279 4088 lenissima
2320 4019 2615 4086 literulae

255 4120 572 4194 inflexione
632 4134 745 4192 aut
806 4133 1169 4195 omissione.
1262 4127 1600 4215 Optimum
1643 4126 1818 4192 factu
1862 4132 1958 4192 est
2000 4127 2172 4192 locos
2214 4130 2437 4211 poetae
2482 4145 2615 4192 om-

254 4246 355 4292 nes
370 4275 386 4306 ,
445 4233 559 4298 ubi
599 4217 908 4300 ‘vetustae
965 4234 1206 4301 formae
1266 4234 1636 4302 obliteratae
1697 4237 1876 4310 sunt,
1941 4232 2060 4297 sub
2106 4251 2233 4298 uno
2280 4236 2616 4318 conspectu

258 4347 467 4411 ponere
503 4339 921 4424 omnibusque
963 4340 1305 4427 diligenter
1347 4338 1755 4406 consideratis
1789 4340 2201 4424 expensisque
2224 4340 2317 4406 ita
2356 4336 2617 4425 linguae
