2934 5050
977 293 1064 341 n>
1109 290 1420 339 rua-roms
1469 287 1775 338 eone-mr.
2441 270 2566 337 121

200 475 319 535 iore
372 465 487 533 illa
543 464 672 531 diei
685 510 703 543 ,
765 483 892 529 non
950 462 1028 529 de
1072 469 1203 526 arte
1246 459 1513 525 oratoria
1530 506 1548 537 ‚
1614 452 1969 524 luculenter
2014 459 2448 526 demonstrant
2494 481 2571 527 ea

202 592 354 659 quae
396 574 768 656 sequuntur:
815 566 932 636 ὥςε
978 565 1307 647 Φαίνεσθαι
1353 571 1482 638 τοῖς
1529 565 1637 629 οὐκ
1682 561 1862 629 εἰδόσι
1901 566 2152 641 μᾶλλον
2190 564 2407 630 εἰδέναι
2450 570 2569 629 τῶν

201 676 451 743 εἰδότων.
517 672 740 761 Itaque
785 674 1034 738 αὖτΟΝ
1078 672 1426 755 requiritur
1469 674 1537 735 et
1573 668 1676 733 καὶ
1715 669 1749 742 ἦ
1782 667 2053 749 ῥητορική
2098 668 2273 735 ultro
2311 668 2569 735 excidit.

283 884 440 971 Pag.
490 881 642 948 460.
691 900 755 947 D.
804 880 985 958 κάγὼ
1048 878 1230 944 ἐθέλω
1289 884 1406 944 τῶν
1456 877 1944 956 ὡμολογημένων
2008 875 2094 964 [εἴ
2149 878 2215 942 τί
2259 901 2348 943 σοι
2410 878 2579 944 δοκεῖ

200 989 284 1068 μὴ
326 994 530 1061 καλῶς
575 982 1035 1073 ὥμολογῆσθαι]
1079 980 1406 1049 οὶναθέσθαι
1452 979 1525 1061 δ’,
1573 1007 1634 1048 τι
1681 982 1760 1049 ἂν
1806 983 1883 1048 σὺ
1926 982 2147 1065 βούλῃ.
2240 983 2354 1048 Bis
2392 982 2570 1048 idem

202 1095 428 1160 dicitur
510 1097 762 1178 praeter
839 1089 1127 1156 Platonis
1203 1088 1726 1154 consuetudinem
1807 1108 2269 1173 supervacanea
2350 1086 2573 1153 sedulo

201 1201 474 1265 vitantis.
557 1197 696 1277 -Pro
756 1192 793 1260 δ’
804 1244 822 1274 ,
892 1217 954 1260 τι
999 1193 1076 1258 ἂν
1138 1192 1214 1258 σὺ
1276 1192 1477 1276 βούλῃ
1519 1197 1769 1278 poterat
1822 1194 2126 1258 substitui
2170 1193 2393 1259 eadem
2439 1212 2582 1257 ma-

201 1308 377 1369 nente
419 1303 768 1367 sententia:
817 1295 855 1365 ὅ
865 1349 882 1372 .
929 1323 989 1364 τι
1035 1296 1115 1364 ἄν
1151 1321 1242 1365 σοι
1290 1298 1431 1381 δοκῇ
1454 1346 1474 1376 ,
1537 1302 1603 1364 et
1645 1300 1737 1363 sie
1780 1298 2120 1364 manifesto
2165 1297 2402 1385 frigida
2448 1297 2573 1362 διτ-

203 1406 452 1486 τολογία
505 1407 821 1492 arguitur.

286 1614 442 1703 Pag.
493 1613 648 1680 460.
696 1631 760 1678 D.
805 1611 1096 1684 ὡσαύτως
1143 1611 1198 1675 δ’
1241 1608 1426 1683 οὕτως
1473 1608 1590 1675 κᾶν
1623 1613 1653 1676 ὁ
1690 1612 1878 1693 ῥήτωρ
1915 1620 1993 1694 τῇ
2035 1615 2308 1696 ῥητορικῇ
2346 1613 2570 1687 ἀδίκως

207 1727 428 1800 χρῆται
486 1718 579 1797 ,αη
637 1719 723 1799 τῷ
769 1715 1083 1794 διδάξαντι
1131 1713 1477 1801 ἐγκαλεῖν]
1575 1715 2033 1802 Reponendum
2079 1719 2350 1785 arbitror
2392 1722 2472 1792 ὥς
2516 1719 2574 1785 δ’

208 1826 400 1898 αὔτως
471 1827 786 1909 expuneto
852 1819 1062 1893 οὕτως.
1153 1820 1338 1887 Nihil
1396 1821 1571 1886 enim
1630 1842 1854 1887 causae
1911 1825 2009 1888 est
2065 1841 2179 1888 cur
2237 1824 2340 1888 τὸν
2385 1825 2576 1891 αὑτὸν

207 1928 428 2015 τρόπονς
458 1934 832 1993 ΤΟΤΤΟΝ
880 1925 1147 1993 dicatur.

290 2137 446 2226 Pag.
496 2136 652 2203 460.
699 2156 759 2202 B.
807 2141 909 2202 νῦν
954 2135 1018 2201 δέ
1063 2138 1133 2214 γ’
1177 2138 1253 2201 ‘0
1301 2143 1595 2200 ATTOC
1659 2143 1950 2201 OTTOC
2009 2135 2307 2218 Φαίνεται
2370 2138 2428 2222 [ὃ
2483 2140 2578 2219 fin·

208 2244 453 2326 τορικός]
500 2243 611 2307 οὐκ
656 2240 736 2307 ἄν
779 2240 922 2306 ποτ’
973 2237 1318 2328 ἀδικήσας]
1382 2239 1638 2325 Repone
1681 2242 1750 2305 in
1794 2242 2123 2328 margine,
2170 2243 2343 2309 unde
2383 2245 2581 2330 irrep·

210 2351 321 2427 sit,
367 2349 398 2413 ὅ
442 2344 744 2429 ῥητορικός
762 2395 781 2423 ,
829 2346 998 2431 quod
1045 2351 1110 2412 et
1159 2348 1373 2429 inepte
1433 2345 1715 2410 abundat
1770 2350 1916 2431 post
1960 2346 1988 2411 ὅ
2035 2345 2223 2420 αὐτὸς
2288 2342 2457 2420 οὗτος
2517 2354 2585 2414 et

211 2454 401 2519 auena
444 2453 596 2520 sede
642 2451 1023 2518 collocatum
1067 2455 1182 2516 est.
1275 2449 1433 2515 Erat
1475 2451 1545 2514 in
1588 2452 1847 2536 antiquo
1892 2449 2092 2516 libro:

610 2558 640 2623 ὅ
688 2557 874 2631 αὐτὸς
923 2553 1091 2629 οὗτος
1135 2555 1431 2638 Φαίνεται
1570 2568 1598 2617 ὁ
1632 2565 1917 2638 ῥητορικός

617 2663 724 2728 οὐκ
770 2660 846 2728 ἄν
891 2664 1031 2727 ποτ’
1078 2660 1400 2735 ἀδικήσας.

290 2873 446 2962 Pag.
496 2872 656 2938 461.
704 2891 761 2939 o.
819 2874 971 2938 ἀλλ’
1037 2872 1123 2945 εἷς
1186 2870 1272 2936 τα
1331 2872 1569 2934 τοιαῦτ’
1632 2867 1813 2947 ἄγειν
1873 2870 2076 2943 πολλὴ
2137 2871 2429 2951 ἀγροικία
2493 2872 2584 2942 ἒςὶ

213 2976 371 3060 [τοὺς
417 2978 699 3062 λόγους]
776 2976 933 3058 Quis
975 2996 1102 3041 non
1137 2977 1359 3042 statim
1400 2974 1766 3042 admonitus
1803 2976 2033 3041 sentiet
2069 2995 2264 3060 quam
2301 2976 2583 3043 alienum

211 3078 413 3149 loeum
454 3084 789 3150 obtineant
830 3082 1026 3148 verba
1068 3079 1209 3153 τοὺς
1256 3077 1525 3157 Myon?
1613 3080 1704 3145 At
1748 3084 1821 3144 tu
1869 3078 2216 3145 molestum
2262 3080 2584 3148 emblema

211 3187 470 3273 expelle,
519 3189 642 3253 ubi
684 3187 921 3254 videris
964 3185 1301 3252 Platonem
1342 3186 1412 3249 in
1452 3183 1573 3249 tali
1614 3205 1682 3249 re
1726 3205 1852 3250 non
1899 3183 2081 3264 ἄγειν
2124 3187 2268 3258 τοὺς
2313 3186 2537 3265 λόγους
2561 3237 2580 3267 ,

211 3292 312 3357 sed
353 3292 537 3372 ἄγειν
582 3292 792 3359 solum
833 3312 1062 3378 ponere
1107 3289 1325 3356 solere.
1394 3288 1709 3375 Exempla
1743 3289 1899 3355 haee
1936 3291 2119 3356 vide:
2166 3311 2316 3377 pag.
2344 3290 2497 3358 461.
2525 3310 2581 3357 ο.

214 3396 392 3471 αὐτὸς
450 3396 629 3478 ἄγων
692 3396 792 3462 ἐπὶ
841 3396 1081 3462 τοιαῦτ’
1128 3395 1517 3476 ἐρωτήματα.
1565 3415 1628 3479 p.
1680 3391 1829 3459 482.
1879 3413 1937 3460 Β.
1988 3396 2069 3468 εἷς
2118 3398 2365 3472 τοιαῦτ’,
2401 3394 2583 3475 ἄγεις

213 3502 466 3583 Φορτικα
533 3502 641 3567 καὶ
713 3498 1097 3581 δημηγορικοὶ
1160 3505 1226 3565 et
1282 3520 1431 3587 pag.
1484 3497 1634 3564 489.
1685 3517 1743 3565 Β.
1808 3497 1910 3565 ἐπὶ
1973 3500 2079 3566 τὸν
2141 3497 2318 3579 νόμον
2377 3499 2578 3579 ἄγων.

211 3603 377 3672 Idem
444 3607 758 3676 mendum
824 3605 1059 3671 insidet
1123 3624 1270 3691 pag.
1337 3601 1490 3668 494.
1538 3622 1597 3670 Β.
1661 3604 1770 3668 οὐκ
1845 3604 2128 3685 αἰσχύνει
2200 3607 2286 3678 εἷς
2345 3609 2581 3672 τοιαῦτ’

211 3707 380 3787 ἄγειν
402 3760 421 3789 ,
469 3708 514 3777 ὦ
567 3712 929 3792 Σώκρατες,
991 3709 1160 3794 [τοὺς
1216 3706 1514 3793 λόγους];
1580 3708 1705 3773 Fae
1763 3708 1904 3779 τοὺς
1953 3706 2174 3787 λόγους
2224 3712 2582 3797 genuinum

212 3832 368 3893 esse,
415 3819 562 3903 quis
605 3815 724 3882 illa
766 3816 911 3881 sede
953 3810 1362 3880 collocasset?

293 4025 572 4116 Egregie
614 4027 900 4093 restituit
943 4025 1166 4091 Editor
1207 4023 1424 4090 locum
1467 4044 1615 4111 pag.
1666 4022 1817 4089 462.
1867 4042 1930 4089 D.
1971 4026 2085 4091 ubi
2123 4025 2321 4113 vulgo
2360 4028 2451 4092 sic
2492 4026 2582 4093 le-

214 4131 414 4214 gitur:
464 4140 615 4197 ΣΩ.
666 4130 795 4211 ἐροῦ
836 4135 938 4195 νῦν
972 4154 1058 4206 με
1088 4128 1377 4210 ὀψοποιία
1419 4126 1548 4202 ἥτις
1587 4151 1690 4206 μοι
1732 4129 1898 4193 δοκεῖ
1927 4130 2122 4212 τέχνη
2158 4126 2311 4196 εἶναι
2352 4141 2574 4198 ΠΩΛ.

216 4231 396 4309 ἐρωτῶ
458 4232 551 4310 δή.
616 4235 709 4307 τίς
775 4235 967 4314 τέχνη
1025 4233 1351 4312 &pon-otim
1427 4241 1579 4297 ΣΩ..
1644 4233 1934 4311 οὐδεμία,
2005 4232 2045 4298 ὦ
2086 4242 2288 4303 Πῶλε.
2355 4245 2574 4303 ΠΩΛ.

217 4336 381 4403 ἀλλὰ
428 4342 494 4405 τί
513 4368 532 4416 ;
599 4339 773 4421 Φοίθι.
841 4348 990 4406 ΣΩ.
1056 4338 1222 4421 φημὶ
1281 4338 1376 4411 δή.
1430 4339 1717 4420 ἐμπειρία
1763 4363 1876 4413 τις.
1928 4350 2145 4408 ΠΩΛ.
2197 4342 2352 4418 τίνος
2400 4341 2579 4425 φάθι.
