2934 5050
1018 325 1325 372 nucinum
1374 326 1451 373 er
1498 326 1800 374 tuomum.
2459 311 2586 373 277

241 491 401 561 Brix.
481 493 665 561 affert
741 494 969 563 Bacch.
1031 498 1193 562 618:
1282 494 1625 560 »inimicos
1691 510 1885 580 quam
1948 494 2192 559 amicos
2252 503 2587 580 aequomst

238 597 373 666 med
424 597 718 667 babere”.
812 601 979 670 Rnd.
1028 601 1140 668 111.
1192 606 1257 667 5.
1309 603 1430 665 22:
1493 608 1850 666 »certumst
1900 598 2123 664 moriri
2172 588 2366 684 quam
2417 597 2591 665 hunc

235 704 360 789 pati
418 706 696 790 grassari
759 705 1048 773 lenonem
1098 707 1164 770 in
1216 706 1382 771 me”.
1453 705 1538 770 Et
1583 705 1677 771 sic
1730 704 1948 770 Livius
1995 703 2107 769 ΙΙΙ.
2162 707 2288 768 40:
2346 704 2589 770 »oratio

233 807 349 876 fnit
395 811 689 896 precibus
735 832 930 898 quam
980 812 1192 897 iurgio
1239 810 1542 876 similis''.
1595 809 1648 876 1.
1701 814 1807 875 25.
1866 815 1979 875 15:
2033 807 2344 874 »Romani
2399 809 2592 876 Hora·

230 915 385 979 tium
450 916 777 1002 accipiunt
823 937 899 983 eo
947 919 1188 982 maiore
1235 934 1382 982 cum
1432 914 1709 999 gaudio,
1776 932 1903 1001 quo
1952 933 2146 1000 prope
2192 922 2437 980 metum
2488 934 2594 980 res

228 1017 473 1085 fuerat”
522 1020 750 1088 xxm.
800 1027 906 1089 45.
966 1028 1084 1088 15:
1140 1021 1465 1108 »ipsorum
1517 1038 1712 1106 quam
1764 1017 2145 1084 Hannibalis
2194 1017 2586 1086 interesse''.

228 1122 486 1210 Saepius
549 1127 643 1192 sic
705 1127 989 1193 Tacitus.
1091 1125 1262 1191 Velle
1321 1144 1435 1210 pro
1484 1124 1675 1190 malle
1722 1124 1855 1189 Liv.
1906 1123 2098 1190 XXV.
2154 1128 2266 1190 29.
2319 1128 2398 1189 6:
2454 1123 2589 1190 »sa-

224 1248 438 1297 maene
483 1229 662 1297 credi
709 1230 907 1310 velis„
956 1240 1195 1316 quanta
1248 1229 1400 1296 urbs
1445 1249 1484 1295 a
1534 1239 1596 1296 te
1643 1238 1829 1317 capta
1881 1230 1999 1306 sit,
2064 1249 2258 1316 quain
2313 1232 2587 1316 posteris

223 1352 465 1421 quoque
510 1355 653 1402 eam
704 1335 1072 1422 spectaculo
1117 1334 1326 1401 esse''.

305 1438 590 1506 xxvm
621 1448 679 1506 1.
730 1440 1054 1508 maleficus
1091 1438 1354 1528 quidam
1396 1439 1691 1505 tradetur
1737 1438 1938 1506 iudici
1988 1438 2183 1526 Lupo.
2257 1440 2412 1508 Inde
2459 1441 2588 1507 col·

219 1540 238 1606 l
317 1546 526 1611 nium:

242 1562 310 1631 η
364 1669 529 1716 »non
581 1650 859 1717 aderit”.
913 1668 996 1701 ω’-
1037 1652 1269 1733 διρχαιῒς
1319 1647 1642 1715 hominem
1692 1658 1758 1716 et
1804 1650 2133 1730 στοιχείοις
2183 1650 2374 1717 simul

407 1755 712 1842 privabit.
1395 1766 1430 1797 0

295 1860 696 1948 Responsum
761 1868 935 1927 recte
998 1879 1066 1926 se
1114 1858 1410 1937 habebit,
1459 1860 1515 1924 si
1564 1867 1900 1946 propterea
1955 1858 2123 1946 quod
2172 1860 2319 1945 quis
2367 1861 2431 1925 in
2486 1862 2578 1927 iu·

213 1962 368 2032 dicio
426 1987 496 2033 se
561 1984 688 2030 non
748 1967 955 2042 sistit,
1016 1966 1249 2053 capitis
1310 1962 1826 2030 deminutionem
1900 1965 2242 2030 maximam
2309 1967 2575 2051 patitur.

214 2068 323 2136 Sed
394 2079 660 2159 propter
728 2070 1037 2137 delictum
1106 2070 1299 2136 alicui
1364 2073 1535 2156 aqua
1593 2079 1657 2135 et
1721 2071 1854 2153 igni
1924 2069 2377 2148 interdicitur,
2444 2071 2578 2136 sive

212 2173 403 2256 adsit,
471 2177 726 2242 sive-in
772 2175 1034 2241 exilium
1101 2176 1227 2240 iam
1281 2183 1508 2261 sponte
1557 2172 1883 2261 protectus
1945 2175 2050 2239 sit.
2147 2174 2370 2261 ltaque
2417 2174 2575 2243 haec

210 2297 323 2344 non
371 2281 532 2348 bene
579 2279 928 2366 quadrant.
1005 2281 1344 2366 Propterea
1394 2278 1805 2345 scribendum
1852 2281 2222 2366 suspicatus
2261 2300 2406 2346 sum
2449 2303 2571 2346 non

208 2383 480 2449 derit:
522 2386 764 2464 deerit,
830 2393 901 2451 ut
967 2384 1124 2450 haec
1184 2384 1374 2450 verba
1434 2382 1641 2450 eidem
1694 2402 2001 2470 personae
2054 2386 2562 2466 continuentur3

209 2506 316 2557 non
363 2489 571 2558 deerit
615 2491 833 2577 Lupus
871 2489 1327 2575 exspectationi
1370 2497 1599 2555 motae.
1674 2488 1847 2555 Meae
1890 2490 2122 2556 rationi
2169 2489 2336 2558 favet
2372 2511 2564 2581 asyn-

207 2592 400 2663 deton.
451 2596 798 2683 Pergiturt

809 2701 944 2787 igni
992 2721 1142 2767 cuin
1188 2710 1252 2767 et
1299 2720 1464 2787 aqua
1514 2698 1937 2766 interdixerit.

208 2801 356 2872 llaec
406 2814 479 2874 ut
530 2808 889 2892 iungantur
948 2804 1390 2891 superioribus
1450 2804 1678 2871 suadet
1738 2815 2097 2890 temporum
2149 2807 2567 2873 consecutio:

208 2910 543 2995 -privabit‚
594 2931 745 2977 cum
795 2909 1274 2977 interdixerit'’.
1348 2911 1428 2976 Et
1476 2909 1959 2977 desiderabam:
2016 2913 2149 2997 igni
2198 2931 2347 2977 cum
2394 2911 2455 2978 ei
2498 2919 2565 2978 et

206 3018 426 3100 aqua.”
523 3014 890 3103 Respondet
935 3015 1133 3081 alter:

427 3123 612 3190 »Duo
661 3120 849 3187 babet
897 3128 1225 3203 στοιχεῖα,
1272 3119 1554 3187 adiuerit
1599 3123 1814 3188 anima
1864 3123 1927 3188 in
1980 3142 2280 3209 corpore;

471 3234 564 3307 γῆ
611 3245 883 3313 corpus,
934 3227 1215 3293 animast
1253 3227 1576 3305 πνεῦμω”.
1627 3265 1712 3278 -
1763 3227 2274 3295 »Posterioribus

471 3331 847 3414 στοιχείοις,
896 3331 1018 3397 etsi
1065 3330 1133 3396 id
1176 3330 1341 3397 male
1391 3331 1553 3409 erit,
1604 3329 1881 3418 privabit
1932 3334 2216 3398 tamen”.

285 3432 387 3501 Sic
450 3434 870 3503 scribendum
944 3455 1061 3522 pro
1125 3458 1183 3502 a.
1255 3445 1315 3500 ee
1385 3457 1487 3514 c.,
1550 3459 1665 3501 στ.
1738 3438 1795 3501 si
1859 3437 1931 3501 id
1998 3436 2312 3502 maluerit.
2408 3437 2563 3504 Sen-

208 3540 417 3607 tentia:
490 3539 711 3607 Nibilo
759 3541 975 3607 minus
1023 3540 1149 3606 duo
1194 3540 1513 3607 elementa
1559 3539 1817 3608 babebit
1884 3540 2249 3620 maleficae,
2323 3549 2562 3607 terram

209 3649 262 3708 et
315 3665 548 3713 aerem.
651 3647 762 3724 At,
827 3648 1038 3733 inquit
1097 3645 1295 3725 alter,
1365 3646 1584 3732 Lupus
1651 3644 1753 3712 his
1821 3666 2074 3732 quoque
2142 3643 2290 3713 e‘um
2359 3648 2565 3733 priva·

211 3743 329 3825 bit,
392 3751 693 3836 quamvis
761 3752 1150 3818 recalcitret.
1245 3751 1366 3817 M.:
1443 3751 1566 3816 duo
1628 3750 1812 3818 habet
1872 3776 1984 3818 στ.
2049 3752 2367 3838 superiori
2423 3771 2570 3838 per-

212 3867 386 3921 sonae
455 3856 835 3932 continuat,
925 3865 1095 3923 tum:
1178 3856 1261 3921 ad
1330 3865 1581 3942 superat
1661 3857 1873 3923 anima
1945 3869 2003 3921 et
2072 3877 2343 3942 corpore.
2440 3856 2565 3924 Sed

211 3956 404 4024 minor
462 3967 565 4026 est
624 3979 780 4027 sane
843 3962 1117 4027 mutatio
1179 3961 1237 4026 si
1294 3962 1362 4026 in
1422 3980 1540 4047 pro
1597 3970 1686 4038 et,
1749 3981 1941 4047 quam
2008 3961 2063 4026 si
2132 3969 2381 4048 superat
2450 3981 2567 4048 pro

211 4061 390 4144 suerit
454 4063 924 4141 substituatur,
997 4073 1060 4131 et
1121 4064 1452 4132 commoda
1515 4074 1614 4132 est
1676 4067 2026 4139 sententia:
2086 4074 2309 4132 contra
2361 4067 2426 4131 in
2474 4067 2560 4135 Μ.

209 4159 466 4234 lectione
527 4170 803 4235 mutatio
862 4169 1131 4236 subiecti
1198 4169 1407 4259 (habet
1468 4190 1561 4236 sc.
1621 4169 1879 4255 Lupus;
1947 4182 2198 4255 superat
2258 4192 2348 4238 sc.
2424 4191 2561 4238 ma-

211 4262 442 4361 leficus)
513 4293 638 4340 non
702 4271 1048 4341 admodum
1108 4276 1365 4361 elegans
1437 4284 1559 4343 est.
1660 4276 1729 4340 ln
1801 4283 2123 4362 postremo
2191 4296 2380 4342 versu
2449 4297 2564 4361 ap-

218 4378 341 4441 tum
400 4387 494 4444 est
559 4381 672 4446 etsi
733 4389 993 4468 propter
1054 4393 1282 4450 tamen.
1383 4383 1548 4448 Tum
1615 4381 1914 4469 languida
1978 4390 2127 4448 sunt
2191 4384 2255 4447 in
2306 4380 2563 4465 vulgata
