2934 5050
1137 298 1562 349 raon-tonum.
2464 283 2548 346 95

168 473 375 534 autem
441 485 519 532 ea
585 467 1071 555 magnitudine,
1137 477 1210 536 ut
1263 471 1375 537 tali
1426 468 1613 537 modo
1662 467 1887 535 referri
1940 478 2186 557 posset,
2248 486 2373 534 non
2420 468 2544 534 nisi

170 570 426 639 deorum
471 574 873 642 marinorum
914 573 1157 659 effigies
1196 574 1532 642 habebam.
1597 573 2027 656 Quamobrem
2074 594 2287 641 veram
2325 573 2544 641 lectio·

172 698 301 745 nem
343 698 490 744 esse
532 682 828 767 suspicor
865 681 1130 749 caudam
1171 681 1415 748 Glauci.
1468 682 1680 748 Testis
1714 680 1871 747 mihi
1908 679 2379 767 quodammodo
2404 679 2544 747 Vel·

173 782 321 851 {eius
380 793 529 863 est,
590 786 704 872 qui
769 786 897 874 (11,
960 789 1074 878 83)
1125 786 1389 863 scribit,
1449 786 1757 853 Plancum
1809 787 1873 852 in
1926 787 2220 852 convivio
2265 785 2543 872 quodam

173 889 402 956 nudum
476 899 801 978 caputque
872 891 1245 959 redimitum
1311 892 1632 958 arundine
1696 903 1759 960 et
1832 890 2102 959 caudam
2182 888 2542 957 trahentem

172 992 471 1062 Glaucum
547 995 837 1064 saltasse.
933 996 1026 1066 Cf.
1093 997 1279 1065 Nerei
1341 996 1586 1085 effigies
1637 996 1806 1086 apud
1875 997 2270 1073 Panol'kam‚
2327 994 2547 1061 Musee

170 1100 394 1179 Btacas,
459 1101 596 1170 tab.
647 1106 757 1169 20.

254 1206 569 1296 Deinceps
634 1207 791 1275 haec
839 1207 1177 1295 leguntur:
1224 1210 1318 1276 ita
1363 1210 1474 1275 isti
1520 1229 1709 1275 naam
1757 1207 2137 1295 eandemque
2182 1207 2551 1274 sententiam

174 1312 551 1380 multimodis
599 1315 880 1402 faciunt,
928 1315 1261 1391 ventilant.
1310 1325 1707 1383 commutant.

251 1428 317 1484 In
375 1419 730 1509 disfaciant
795 1419 1008 1484 nescio
1069 1441 1150 1486 an
1214 1420 1599 1507 dispandunt
1664 1421 1892 1498 lateat,
1956 1417 2127 1506 quod
2175 1427 2352 1486 certe
2398 1436 2546 1484 cum

174 1519 277 1589 loci
322 1527 653 1592 sententia
705 1525 875 1592 haud
926 1528 1141 1614 inepte
1189 1546 1549 1613 congruere
1593 1525 1870 1594 videtur.

252 1628 341 1695 Ad
389 1632 643 1699 anticos
694 1630 759 1711 1,
818 1641 893 1711 1,
947 1652 1005 1718 p.
1062 1637 1209 1698 173.
1305 1631 1627 1698 Paulatim
1673 1632 1941 1720 denique
1984 1632 2102 1697 iste
2155 1630 2226 1720 [i.
2277 1648 2333 1696 e.
2376 1648 2551 1693 coni-

178 1733 535 1827 mendandi]
608 1751 745 1803 mos
798 1758 1174 1825 proqressus
1234 1748 1364 1818 est,
1430 1747 1498 1803 nt
1544 1739 1734 1805 etiam
1781 1760 1918 1815 eos,
1978 1738 2090 1825 qui
2117 1785 2133 1802 .
2165 1785 2181 1802 .
2211 1784 2268 1802 ..
2317 1734 2551 1801 iudicio

174 1839 574 1928 disceptarent
598 1892 617 1922 ,
678 1864 801 1908 aaa
866 1852 1074 1909 tamen
1119 1843 1403 1932 improba
1450 1864 1555 1910 res
1602 1843 1918 1910 videretur
1961 1841 2275 1929 iudicibus
2302 1888 2551 1908 ......

179 1948 616 2015 commendare.

252 2052 422 2121 Inter
469 2054 745 2142 deniqne
789 2062 850 2121 et
900 2055 1018 2121 iste
1066 2053 1479 2124 intercidisse
1529 2053 1786 2121 videtur
1833 2075 1925 2121 eo.

254 2158 587 2248 Principia
649 2159 997 2236 historiae.
1062 2182 1119 2246 p.
1191 2164 1342 2228 207.
1438 2161 1698 2227 Primus
1759 2160 1893 2248 ipse
1952 2161 2019 2226 in
2073 2159 2327 2248 aymine
2383 2159 2555 2224 haud

182 2266 403 2352 saepius
467 2287 633 2354 equo
696 2266 839 2333 velti
899 2288 1088 2354 quam
1148 2266 1415 2354 pedibus
1475 2268 1733 2357 fatisci:
1796 2277 1924 2333 tam
1989 2265 2180 2332 solem
2245 2264 2553 2331 torridum

182 2372 351 2456 facile
396 2393 601 2460 quam
645 2372 816 2439 diem
860 2394 1148 2439 serenum
1193 2377 1405 2462 serre:
1444 2374 1776 2461 pulverem
1821 2375 2170 2460 consertum
2203 2392 2323 2457 pro
2362 2371 2554 2437 nebu-

183 2475 250 2544 tis
284 2480 442 2566 pati.

260 2586 479 2675 Inepte
533 2584 657 2652 hoc
706 2583 879 2652 laudi
928 2585 1125 2654 datur
1172 2586 1410 2665 Lucio,
1457 2585 1625 2672 quod
1676 2585 1869 2652 solem
1916 2584 2221 2652 torridum
2277 2593 2408 2650 tam
2459 2581 2555 2649 ia-

184 2688 285 2758 eite
328 2692 477 2758 tulit
529 2710 731 2779 quam
779 2689 948 2758 diem
1002 2711 1330 2759 serenum.
1432 2690 1591 2758 Nam
1638 2711 1839 2779 quum
1888 2691 2011 2758 nisi
2054 2690 2158 2757 die
2198 2709 2426 2755 sereno
2462 2688 2554 2754 sol

188 2804 407 2866 torrere
472 2817 608 2864 non
675 2797 907 2875 soleat,
975 2801 1089 2885 qui
1153 2797 1353 2865 solem
1423 2805 1773 2865 torrentem
1837 2797 1997 2875 sert,
2046 2807 2109 2865 et
2160 2796 2285 2864 fert
2332 2796 2558 2882 opinor

189 2899 331 2970 diem
380 2923 717 2972 serenum.
813 2905 935 2971 Pro
990 2904 1184 2970 solem
1234 2902 1545 2970 torridum
1592 2904 1840 2971 scribas
1888 2903 2076 2969 velim
2129 2902 2375 2970 caelum
2422 2912 2559 2966 tur·

194 3007 374 3077 &idum
441 3012 484 3078 i.
554 3030 617 3077 e.
686 3010 872 3077 triste
931 3020 991 3077 et
1059 3008 1341 3076 nubibus
1402 3009 1844 3077 obscuratum.
1939 3007 2030 3074 Cf.
2091 3007 2257 3074 Ptin.
2312 3008 2426 3095 Ep.
2476 3012 2560 3085 8,

197 3118 291 3183 17:
334 3116 586 3184 immite
629 3126 688 3183 et
734 3115 1056 3183 turbidum
1103 3117 1391 3195 caelum,-
1443 3115 1608 3182 Pliu.
1659 3114 1734 3182 N.
1788 3115 1859 3182 Η.
1913 3120 2030 3191 ιι,
2085 3118 2200 3192 10,
2258 3119 2370 3181 10:
2420 3123 2557 3179 tur·

194 3219 304 3288 bidi
341 3224 496 3290 dies.

273 3327 512 3397 Laudes
556 3327 998 3415 neglegentiae
1040 3347 1100 3414 p.
1141 3331 1292 3394 2115.
1342 3326 1662 3394 Adversus
1698 3326 2022 3415 diliqentis
2049 3377 2065 3394 .
2096 3378 2111 3394 .
2141 3376 2158 3393 .
2199 3337 2260 3394 et
2298 3326 2560 3393 circnm-

198 3444 406 3519 tpeetos
455 3445 516 3503 et
568 3435 947 3502 exsultantis
991 3432 1210 3522 apibus
1251 3433 1514 3520 fraudes
1560 3443 1620 3499 et
1666 3434 1980 3521 captiones
2028 3444 2087 3500 et
2133 3431 2402 3499 insidiae
2442 3453 2561 3519 pa·

199 3549 413 3607 rantur.
1434 3600 1441 3607 .

276 3642 479 3713 Malim
530 3646 980 3724 constsltautis,
1038 3643 1208 3731 qnod
1258 3643 1378 3710 ioci
1429 3644 1636 3710 tenori
1683 3643 2233 3711 accommodatius
2281 3639 2556 3708 videtur.

278 3748 362 3817 De
405 3751 569 3820 bello
619 3751 912 3839 parthico
961 3771 1020 3838 p.
1072 3754 1223 3817 221.
1320 3749 1451 3816 Fac
1497 3749 1857 3817 memineris
1903 3760 1961 3816 et
2010 3771 2149 3816 cum
2198 3748 2411 3814 animo
2456 3758 2562 3814 tua

206 3855 445 3942 cogites,
518 3859 591 3924 G.
660 3856 989 3925 Caesarem
1046 3856 1433 3923 atrocissimo
1490 3854 1651 3922 bello
1709 3855 1949 3922 Gallico
1995 3877 2139 3923 cnm
2184 3854 2315 3921 alia
2363 3855 2563 3921 multa

208 3960 522 4044 militaria,
591 3974 726 4029 tum
790 3962 978 4030 etiam
1039 3961 1196 4028 duos
1255 3961 1334 4028 de
1392 3960 1702 4047 Analoyia
1749 3960 1942 4027 libros
1987 3961 2564 4047 scrupulosissimus

210 4066 544 4152 scripsisse:
603 4069 768 4135 iuter
811 4068 934 4135 tela
982 4067 1253 4134 volantia
1297 4066 1376 4133 de
1419 4066 1776 4132 nominibus
1820 4065 2250 4146 declinandis,
2299 4065 2377 4134 de
2426 4087 2564 4132 ver-

212 4166 404 4238 borum
447 4175 934 4261 aspirationibus
978 4183 1038 4240 et
1082 4172 1426 4239 rationibus
1469 4172 1635 4237 inter
1680 4171 1941 4238 classica
1989 4182 2048 4238 et
2092 4173 2292 4241 tubas.

290 4276 596 4346 Docemur
663 4279 781 4346 hoc
842 4278 1014 4356 loco,
1075 4279 1409 4345 Caesarem
1463 4277 1625 4344 bello
1672 4275 1913 4344 Gallico
1959 4284 2023 4344 et
2071 4276 2274 4344 multa
2322 4278 2563 4363 scripta

217 4379 497 4451 militaria
559 4395 624 4452 et
685 4384 847 4451 duos
907 4382 987 4451 de
1053 4383 1357 4469 Analogia
1425 4381 1624 4449 libros
1688 4382 2047 4470 scripsisse.
2141 4382 2392 4470 Scripta
2458 4381 2563 4448 illa
