2934 5050
428 267 560 331 240
1218 284 1527 331 nucitum
1576 284 1652 331 nr
1695 284 2004 333 ructans.

425 473 575 522 cum
648 450 916 540 reliquis
975 452 1122 520 Mss.
1186 453 1259 521 Ι..
1324 452 1524 522 XXX.
1575 458 1615 519 3
1664 452 1938 543 reliquia
1985 472 2155 521 corr.
2204 455 2270 520 in
2321 471 2526 521 veram
2566 450 2752 519 lectio-

426 579 571 628 nem
632 559 872 627 relicto.
966 559 1039 627 In
1098 559 1566 628 assimilatione
1628 560 2178 649 praepositionum
2238 580 2391 640 cum
2448 559 2605 626 Harl.
2645 556 2757 625 lere

424 667 761 751 convenit,
820 666 933 753 qui
981 665 1282 734 similiter
1327 666 1555 732 scribit
1601 666 1994 754 imprudens,
2040 667 2381 753 improbae,
2406 664 2755 735 commandu-

424 782 636 853 colus,
677 772 925 849 illuvie,
971 773 1358 859 impuratus,
1407 773 1684 858 impuno.
1738 772 1931 845 Plura
1977 771 2214 840 addere
2261 770 2655 860 supersedeoz
2690 788 2755 836 ex

423 879 616 946 dictis
673 877 1048 967 apparebit,
1110 879 1544 946 correctiones
1604 898 1729 944 non
1796 878 2041 944 librarii
2109 877 2326 945 deberi
2387 877 2628 964 ingenio
2666 871 2757 941 sed

423 994 673 1053 sumtas
733 1003 875 1051 esse
927 1004 964 1051 e
1027 983 1246 1052 codice
1310 984 1653 1051 Harleiano
1715 984 1934 1051 simili.
2029 983 2348 1072 Equidem
2414 983 2550 1051 illas
2587 980 2759 1049 lactas

422 1112 563 1161 esse
610 1091 743 1158 dixi
785 1110 983 1157 manu
1024 1091 1261 1178 prima;
1307 1089 1911 1177 Zangermeisterus
1952 1089 2115 1165 duas
2152 1110 2293 1158 esse
2327 1109 2558 1157 manus
2576 1105 2757 1156 emen·

423 1197 703 1264 (latrices
747 1205 968 1285 putat,
1022 1216 1299 1283 quarum
1354 1196 1531 1283 prior
1571 1197 1657 1262 sit
1703 1196 1926 1263 eadem
1976 1215 2139 1284 quae
2186 1196 2475 1264 codicem
2524 1194 2759 1280 scripse·

423 1304 544 1378 rit;
584 1302 853 1369 alteram
906 1320 1167 1368 manum
1218 1303 1590 1390 antiquam,
1624 1323 1783 1389 quae
1822 1325 1944 1369 non
1983 1302 2253 1369 mullum
2277 1312 2478 1369 aetate
2500 1301 2781 1394 distaret,-

418 1407 677 1497 difficile
722 1428 904 1494 saepe
947 1429 986 1473 a
1028 1408 1239 1493 priore
1301 1429 1483 1497 posse
1543 1408 1815 1475 discerni
1883 1408 2067 1474 dixit.
2181 1408 2315 1475 Iam
2386 1407 2532 1474 vide
2592 1422 2761 1493 qnan-

422 1513 632 1580 tillum
681 1513 766 1578 sit
815 1511 1165 1580 discrimen
1214 1522 1277 1580 et
1316 1533 1513 1600 quam
1558 1522 1732 1581 recte
1772 1513 2116 1582 Muellerus
2159 1534 2368 1581 meam
2409 1511 2759 1582 sententiam

421 1640 544 1687 »ex
614 1619 789 1685 omni
859 1628 1042 1707 parte
1112 1619 1573 1686 falsissiman1”
1644 1619 1898 1687 dixerit.
1997 1619 2063 1685 Si
2130 1621 2340 1708 prima
2413 1639 2455 1688 a
2517 1615 2761 1685 secunda

422 1746 618 1793 manu
665 1745 854 1813 saepe
904 1727 1009 1792 vix
1055 1725 1371 1814 distingui
1421 1735 1668 1814 potest,
1718 1727 1772 1793 si
1816 1745 2007 1814 porro
2050 1733 2327 1813 utraque
2363 1733 2614 1793 vetusta
2651 1728 2762 1796 ost.

418 1836 471 1900 si
537 1831 808 1900 subinde
873 1833 1308 1899 correctiones
1371 1833 1435 1898 in
1500 1831 2041 1918 Zangermeisteri
2112 1830 2458 1899 collatione
2523 1831 2763 1897 omissae

418 1949 572 2006 sunt
614 1938 720 2029 (cl'.
773 1947 1026 2025 praeter
1049 1936 1238 2004 allata
1287 1938 1427 2005 XV.
1482 1942 1598 2018 26,
1663 1937 1798 2005 Non
1853 1943 2008 2004 544.
2066 1942 2190 2017 27,
2239 1937 2350 2004 ubi
2399 1939 2604 2026 prima
2646 1952 2764 2000 ma-

420 2066 543 2113 nus
591 2045 781 2111 habet
826 2054 988 2111 lerse
1030 2066 1146 2121 ex,
1197 2063 1366 2110 corr.
1419 2053 1585 2111 tersa
1632 2066 1742 2122 ex,
1800 2042 1970 2131 quod
2019 2043 2098 2110 Μ.
2125 2044 2421 2110 omnium
2450 2040 2764 2109 codd.esse

419 2151 614 2228 dicit,
681 2149 875 2217 XXX.
943 2153 1026 2216 72
1091 2148 1160 2216 1..
1211 2147 1402 2216 habet
1447 2169 1486 2215 a
1536 2169 1631 2237 pr.
1678 2169 1764 2216 m.
1812 2151 2145 2227 metitum,
2193 2149 2277 2217 Μ.
2328 2148 2761 2215 correctionem

419 2258 674 2323 metitur
725 2275 840 2343 pro
880 2264 1097 2321 textus
1141 2254 1412 2322 lectione
1449 2253 1711 2340 affert),
1761 2256 1817 2322 si
1856 2253 2132 2342 denique
2171 2254 2387 2342 prima
2424 2261 2490 2321 et
2512 2248 2763 2321 secunda

419 2382 651 2431 manus
701 2381 824 2427 non
877 2369 1184 2448 perpetuo
1233 2362 1295 2428 in
1337 2361 1677 2429 collatione
1728 2360 2227 2448 distinguuntur
2296 2365 2413 2447 (m.
2455 2365 2496 2427 Ξ
2533 2382 2617 2424 =
2651 2376 2762 2424 ma·

413 2489 536 2538 nus
592 2468 802 2535 omnis
847 2468 1271 2547 correctoriS,
1315 2488 1404 2536 m.
1453 2468 1762 2556 1=ipsa
1808 2466 1952 2534 cod.
2002 2466 2252 2555 lectio),
2298 2464 2551 2534 nullum
2597 2481 2761 2534 usum

410 2575 530 2643 hoc
577 2575 655 2643 de
703 2572 952 2640 duabus
1000 2572 1301 2642 manibus
1349 2574 1682 2642 inventum
1735 2581 2046 2662 praestat.
2146 2573 2436 2640 Tertiam
2488 2588 2761 2645 manum,

410 2702 574 2771 quae
624 2681 1207 2767 interpunctionem
1260 2679 1544 2758 addidit,
1594 2700 1767 2747 nnnc
1816 2699 1942 2746 non
1992 2699 2174 2748 curo.

499 2789 635 2856 Non
694 2807 855 2874 nego
915 2795 1126 2853 tamen
1194 2784 1333 2853 fieri
1397 2787 1723 2875 potuisse,
1786 2795 1861 2852 ut
1908 2786 2345 2854 correctiones
2393 2783 2633 2873 aliquot
2672 2799 2764 2846 or-

412 2893 864 2983 thographicas
921 2892 1231 2959 librarius
1273 2913 1391 2959 suo
1439 2902 1648 2961 marte
1697 2890 1955 2969 tecet-313
2003 2911 2245 2979 neque,
2301 2891 2358 2957 si
2408 2890 2475 2957 in
2526 2885 2761 2975 reliquis

410 3000 546 3069 MS.
599 2997 938 3067 cuiusdam
987 2999 1441 3065 auctoritatem
1493 3007 1757 3065 secutus
1804 3005 1938 3076 est,
1988 2997 2136 3063 inde
2182 2995 2353 3064 effici
2394 2995 2618 3075 velim,
2646 3009 2761 3060 cor·

409 3108 727 3173 rectiones
772 3103 890 3171 hoc
933 3104 1071 3191 ipso
1119 3114 1469 3192 praestare.
1568 3102 1783 3170 Veluti
1834 3103 2058 3171 XXVI.
2110 3108 2236 3183 65,
2284 3123 2348 3170 v.
2400 3107 2517 3170 81:

677 3210 912 3295 aggere
961 3210 1028 3275 in
1080 3208 1382 3277 iacidndo
1435 3209 1493 3277 si
1541 3217 1728 3297 qnost
1775 3206 1985 3276 vineis
2031 3205 2198 3276 actis
2243 3228 2444 3298 opuS,

407 3313 580 3383 Leid.
648 3335 706 3403 p.
758 3318 911 3381 258.
962 3318 1045 3380 25
1109 3336 1230 3402 quo
1294 3324 1385 3381 est
1450 3315 1751 3402 praebet,
1821 3315 1984 3383 male
2054 3335 2091 3381 a
2141 3315 2426 3383 secunda
2478 3332 2662 3383 manu
2702 3312 2755 3376 in

407 3421 572 3509 quod
612 3426 1046 3487 estmutatum
1073 3470 1092 3499 ,
1139 3421 1259 3487 etsi
1308 3418 1481 3486 Harl.
1530 3429 1596 3487 et
1636 3421 1780 3487 Par.
1820 3420 2058 3486 similia
2088 3420 2325 3488 babent
2349 3417 2756 3510 (qnid,quod).

408 3529 663 3617 Sprevit
719 3527 892 3594 illam
958 3526 1188 3593 bonam
1251 3524 1591 3594 lectionem
1655 3526 1777 3606 M„
1839 3526 2242 3594 substituens
2289 3546 2367 3594 ex
2415 3530 2757 3594 coniectura

404 3636 927 3723 siqueis—opust.
980 3630 1078 3698 Ad
1119 3652 1284 3719 quae
1324 3641 1621 3701 annotat:
1675 3632 1894 3700 »vides
1935 3652 2130 3721 qnam
2158 3634 2525 3721 pertinaces
2546 3629 2755 3699 fuerint

407 3739 653 3806 librarii
719 3738 994 3807 tollenda
1043 3737 1440 3826 diphthongo
1488 3740 1580 3817 ei,
1640 3748 1740 3806 ter
1800 3738 2041 3828 [tribus
2088 3739 2277 3806 Nonii
2326 3737 2518 3828 locis]
2566 3739 2624 3804 in
2668 3752 2755 3800 eo·

406 3844 549 3912 dem
600 3844 792 3911 verbo
838 3845 953 3934 qni
997 3843 1519 3921 obscuraverint;
1568 3864 1717 3913 nam
1773 3847 2137 3933 antiquitus
2183 3844 2425 3933 ubique
2476 3841 2752 3912 traditum

409 3949 619 4017 suerat
655 3932 862 4038 siquis
908 3950 1044 4018 sive
1081 3931 1348 4040 siquisss’
1441 3950 1778 4033 Fortasse,
1828 3951 1884 4017 si
1932 3952 2013 4019 Μ.
2061 3952 2413 4019 coniectura
2459 3970 2605 4018 vera
2642 3953 2755 4013 est:

408 4065 474 4122 at
519 4055 637 4123 boc
685 4057 895 4143 ipsum
948 4055 1523 4125 demonstrandum
1568 4065 1738 4125 erat.
1838 4055 1962 4124 Sed
2012 4055 2171 4124 nibil
2221 4065 2324 4125 est
2362 4056 2533 4144 quod
2574 4069 2755 4140 repre·

407 4160 651 4228 hemtas
696 4161 763 4227 in
810 4161 1054 4228 verbis:
1105 4165 1157 4229 si
1206 4164 1272 4230 in
1315 4183 1549 4250 aggere
1588 4161 1805 4250 aliquo
1849 4163 2141 4230 iaciendo
2180 4164 2387 4230 vineis
2427 4162 2588 4231 actis
2618 4173 2756 4245 opus

406 4277 523 4335 est.
589 4264 773 4347 Quod
822 4286 881 4353 p.
930 4271 1083 4335 243.
1132 4273 1214 4335 51
1265 4270 1322 4336 si
1370 4290 1524 4357 quos
1569 4279 1637 4334 tu
1684 4269 1846 4336 vinis
1890 4270 2211 4358 scriptum
2253 4276 2463 4337 exstat
2512 4268 2591 4358 (si
2625 4280 2756 4354 qum

404 4374 599 4441 etiam
665 4371 888 4459 Torn.)
939 4371 1108 4462 nihil
1143 4373 1393 4443 confert
1438 4372 1521 4440 ad
1566 4375 1743 4462 queis
1788 4373 2298 4452 defendendum:
2348 4396 2395 4442 u
2440 4375 2606 4444 enim
2650 4368 2755 4437 du·

407 4479 717 4569 plicatum
768 4476 935 4546 male
980 4486 1111 4546 est:
1163 4480 1219 4546 si
1267 4490 1447 4567 quest
1492 4480 1761 4548 uuineis.
