2934 5050
356 282 490 346 248
1151 295 1458 342 nummu
1509 295 1583 342 ετ
1630 294 1945 343 amunta.

351 476 562 536 teram
618 464 664 531 d
717 485 852 531 non
915 465 1278 552 suppressit
1338 474 1404 533 et
1465 485 1583 552 per
1636 464 2171 533 assimilationem
2217 461 2489 530 abbitere
2528 458 2690 528 scribi

349 593 538 662 posse
597 569 1012 660 significavit.
1094 569 1317 658 Neque
1379 570 1460 637 ab
1517 570 1635 638 bac
1697 590 1925 639 norma
1972 570 2184 638 abisse
2230 569 2541 636 Lucilium
2584 587 2701 635 cre·

348 679 656 748 diderim.
725 677 886 744 Nam
934 678 1244 763 oyen-nis,
1281 677 1540 756 redere,
1589 697 1757 764 quae
1801 678 1865 773 ei
1914 677 2145 745 tribuit
2192 676 2292 756 ll,
2342 696 2458 765 pro
2503 697 2700 762 oqyan·

348 787 494 865 uis,
541 783 804 852 reddere
851 803 975 850 non
1023 782 1352 871 probanda
1400 783 1705 851 videntur
1750 794 2018 872 propter
2054 783 2506 851 auctoritatem
2543 779 2707 848 libro·

350 911 503 960 rum
550 890 802 960 duobus
848 891 1008 958 locis
1054 892 1401 978 corruptis.
1455 891 1641 957 Prior
1685 899 1788 958 est
1835 890 1976 958 VII.
2025 893 2113 957 29

1373 996 1598 1063 eodem

907 1111 1094 1191 pacto
1141 1100 1186 1169 li
1235 1104 1509 1190 ogannil

353 1209 464 1278 Sic
511 1210 628 1287 nt.;
672 1208 786 1278 sed
832 1209 1084 1277 Nonius
1130 1213 1286 1276 450.
1340 1213 1458 1286 10,
1511 1207 1591 1275 de
1638 1207 1833 1276 verbo
1877 1209 2144 1298 qounire
2186 1227 2421 1296 agens:
2472 1205 2707 1276 »eodem

346 1316 596 1405 pactolo
639 1316 912 1404 qenai?
959 1314 1060 1383 vel
1098 1325 1284 1402 pacto
1329 1315 1619 1403 loquantis
1640 1364 1660 1395 ,
1716 1315 1764 1383 i.
1814 1334 1871 1383 e.

1358 1419 1585 1488 eodem

904 1535 1089 1615 pacto
1134 1526 1243 1594 olli
1290 1527 1637 1614 ogganniS.

447 1633 611 1702 Nam
671 1632 994 1701 Lucilium
1064 1632 1189 1701 olle
1251 1653 1374 1700 non
1429 1652 1811 1720 usurpasse,
1858 1652 2008 1700 cum
2056 1633 2239 1701 ellim
2289 1634 2421 1702 inc.
2477 1638 2595 1701 1152
2636 1651 2717 1700 se·

359 1739 647 1809 cundum
713 1739 794 1806 Μ.
857 1740 1308 1826 usurpaverit,
1371 1748 1440 1807 et
1506 1739 1835 1826 Vergilius
1895 1738 2048 1819 olli,
2114 1760 2269 1807 sane
2314 1739 2718 1809 demonstrari

360 1869 486 1916 non
540 1855 770 1937 potest.
865 1845 1045 1913 Alter
1090 1845 1271 1912 locus
1323 1855 1422 1913 est
1473 1845 1703 1912 XXIX.
1754 1851 1879 1911 85:
1930 1846 2258 1933 »primum
2313 1845 2551 1937 Chrysi
2592 1865 2718 1915 cum

361 1964 553 2041 negat
613 1974 683 2020 se
744 1962 1008 2039 gnatam
1068 2000 1086 2019 .
1129 2001 1147 2019 .
1193 2000 1212 2018 .
1258 1951 1559 2030 redet-0⁹⁹,
1608 1960 1683 2019 ut
1734 1971 1913 2018 nunc
1952 1949 2113 2019 haec
2160 1962 2317 2018 sunt
2364 1953 2718 2030 emendata,

360 2059 474 2127 sed
536 2058 706 2147 apud
762 2057 921 2124 Non.
977 2062 1127 2124 171.
1178 2062 1215 2123 4
1265 2056 1506 2143 legitur
1554 2057 1872 2144 »primam
1922 2058 2234 2125 crisicum
2284 2068 2485 2146 negat
2528 2061 2719 2147 sigua-

364 2175 496 2232 tam
588 2165 866 2244 redire”,
940 2162 1113 2230 Leid.
1184 2171 1249 2229 et
1320 2162 1501 2230 Harl.
1571 2163 1811 2230 redere.
1921 2162 2098 2245 Quae
2178 2170 2538 2234 auctoritas
2615 2183 2718 2232 nou

361 2274 521 2338 satis
590 2272 808 2356 gravis
878 2288 1019 2336 esse
1089 2267 1347 2334 videtur
1420 2278 1493 2336 ut
1559 2268 1808 2336 Lucilio
1880 2280 2106 2336 contra
2179 2272 2497 2340 rationem
2569 2272 2717 2339 illam

363 2377 638 2444 formam
688 2375 1155 2442 adscribamus.
1250 2373 1546 2441 Scribere
1600 2374 1808 2462 potnit
1856 2383 1971 2441 aut
2016 2376 2321 2465 obqaunis
2367 2387 2485 2446 aut
2517 2400 2719 2467 oqyan·

361 2484 496 2562 nis,
548 2502 671 2550 non
718 2502 870 2550 vero
909 2481 1190 2571 oqannn's.
1274 2481 1347 2547 In
1396 2501 1595 2570 ayqer
1642 2479 1845 2572 (σφω’)
1901 2478 2088 2550 facile
2133 2503 2283 2551 eum
2334 2485 2721 2574 compositio·

362 2591 466 2657 nis
527 2590 694 2656 ratio
764 2589 874 2676 (ad
916 2588 1090 2677 yero)
1142 2585 1365 2674 sugere
1415 2588 1647 2673 potuit.
1740 2586 1910 2653 Alibi
1955 2598 2331 2658 constanter
2380 2594 2721 2660 invenimus

358 2695 621 2763 reddere
666 2697 818 2762 item
879 2715 1236 2782 suqqerere.
1331 2694 1631 2761 Ceterum
1682 2696 1830 2780 quis
1877 2695 2188 2782 spondeat
2229 2696 2296 2763 in
2334 2697 2722 2786 praepositio·

364 2801 558 2869 nibus
617 2800 1053 2869 assimilandis
1117 2820 1371 2888 semper
1417 2798 1542 2866 sibi
1591 2798 1913 2866 Lucilium
1961 2801 2373 2870 constitisse?
2437 2805 2653 2872 Alutus
2690 2820 2720 2868 a

361 2908 556 2977 verbo
622 2911 823 2997 affero
893 2905 1176 2973 scribere
1249 2926 1374 2971 non
1443 2905 1687 2992 potuit,
1750 2905 1862 2973 sed
1922 2926 2074 2974 eum
2141 2903 2401 2997 semper
2460 2911 2718 2984 adimus,

365 3034 718 3102 numquam
785 3033 939 3081 vero
997 3012 1236 3079 allatus
1297 3010 1552 3078 dedisse
1614 3019 1729 3077 aut
1786 3019 2011 3078 contra
2077 3033 2334 3101 semper
2387 3016 2618 3082 allatus
2666 3021 2719 3080 et

364 3121 587 3188 simm.
656 3118 1037 3207 praetulisse
1100 3138 1222 3184 non
1286 3127 1464 3185 certe
1526 3125 1800 3183 constat.
1902 3117 2031 3185 Nos
2088 3123 2503 3206 grammatici
2562 3117 2720 3189 facile

367 3223 696 3293 credimus
738 3223 896 3291 alios
936 3243 1189 3311 quoque
1232 3224 1297 3291 iu
1342 3225 1532 3291 istius
1571 3221 1746 3290 modi
1787 3223 2087 3291 minutiis
2109 3225 2527 3295 observandis
2551 3227 2722 3294 fuisse

366 3330 741 3417 diligentes,
786 3338 854 3396 at
904 3328 1133 3396 Lucilii
1181 3330 1374 3397 verba
1428 3349 1594 3395 »nou
1643 3336 1744 3396 est
1790 3327 1962 3415 quod
2008 3349 2283 3416 quaeras
2328 3341 2523 3421 atque
2564 3331 2720 3400 labo·

366 3437 516 3507 res”
558 3443 624 3503 et
673 3434 1126 3514 »inultumst’',
1165 3455 1330 3523 quae
1373 3434 1725 3503 iocularem
1764 3434 2089 3522 quandam
2133 3436 2375 3507 babent
2400 3439 2721 3512 levitatem.

367 3544 767 3612 contrarium
816 3523 892 3608 uf
936 3550 1303 3608 statuamus
1350 3540 1649 3609 suadent.

461 3648 820 3736 llecipienti
884 3655 1102 3714 autem
1150 3660 1346 3735 ἄρον,
1396 3649 1571 3715 colus
1621 3670 1745 3716 non
1792 3661 1934 3720 erat
1979 3652 2047 3718 iu
2095 3650 2198 3719 bis
2244 3647 2720 3726 subsistendum,

371 3755 427 3823 Y
489 3763 632 3843 post
691 3753 1009 3820 Lucilium
1071 3751 1335 3820 demum
1403 3763 1786 3842 usurpatum
1856 3759 2172 3825 novimus,
2273 3756 2408 3825 lam
2475 3775 2616 3824 vero
2664 3753 2720 3818 in

376 3860 600 3929 multis
662 3859 927 3928 Graecis
989 3857 1316 3925 vocabulis
1363 3858 1675 3927 librorum
1727 3864 2131 3953 corruptelae
2177 3883 2304 3929 non
2352 3863 2435 3930 ab
2482 3860 2650 3931 initio
2684 3877 2718 3946 y

376 3967 685 4054 scriptam
763 3963 959 4032 luisse
1022 3963 1276 4033 docent.
1376 3964 1561 4032 Cotus
1625 3967 1798 4038 XVI.
1865 3975 1903 4037 7
1971 3988 2196 4037 omnes
2256 3968 2553 4057 probant.
2636 3961 2716 4032 Cf.

379 4092 571 4162 porro
630 4071 737 4138 IX.
802 4076 879 4137 71
952 4071 1292 4137 calamides
1348 4095 1432 4130 =
1476 4072 1872 4162 chlamydes,
1922 4066 2147 4143 XXIX.
2196 4080 2283 4142 83
2333 4075 2613 4143 aristeum
2653 4088 2722 4128 z:

375 4178 593 4267 chrysi
628 4198 806 4256 cum,
856 4177 1090 4245 XXIX.
1138 4182 1224 4246 85
1272 4180 1592 4266 qemnasio
1619 4182 1703 4265 ¹),
1747 4182 2039 4250 xxvut.
2085 4187 2171 4251 40
2210 4180 2458 4250 Mamas
2487 4204 2566 4240 =
2599 4196 2719 4266 cyo-
2828 4211 2829 4220 2

381 4449 400 4461 ,
451 4406 500 4473 Ι)
533 4397 610 4452 Cf.
644 4399 963 4468 yema'nastica
1001 4402 1183 4454 Bamb.
1220 4407 1334 4456 486.
1375 4408 1468 4464 31,
1506 4402 1655 4456 Ribb.
1691 4405 1837 4460 Com.
1872 4408 1935 4459 ad
1971 4405 2133 4459 Nitor.
2171 4411 2251 4458 58.
