2934 5050
980 319 1369 370 rnuomcm
1414 322 1491 370 ει·
1535 321 1787 370 omnen.
2491 310 2571 372 151

691 486 895 571 αὐτὰρ
941 490 1098 570 ἐγὼν
1142 488 1385 568 Ἰθάκην
1429 492 2029 573 ἐσελεύσομαι,

202 599 261 658 et
302 587 530 680 Odyss.
582 603 651 661 Ρ.
700 599 786 661 52

687 703 892 783 αὐτὰρ
937 702 1096 781 ἐγὼν
1143 703 1374 785 ἀγορὴν
1420 702 2008 784 ἐσελεύσομαι.

278 804 645 871 Annotatur
712 807 803 873 ad'
846 818 926 873 A.
976 811 1084 874 88.
1133 810 1456 892 γράφεται
1504 809 1607 874 καὶ
1654 810 1842 891 χωρὶς
1891 814 1999 877 τοῦ
2049 820 2105 876 Δ
2154 806 2395 886 Ἰθάκην
2439 810 2573 876 ἐσε-

199 910 484 990 λεύσομαι
511 962 530 989 ,
574 921 641 978 et
690 912 791 980 ad.
842 924 908 980 P.
949 917 1032 979 52
1075 914 1302 995 ἀγορὴν
1337 914 1780 994 ἕσελεύσομαιε
1831 915 2240 1001 Ἀριςοφοὶνης
2283 915 2571 983 ἐλεύσο-

197 1039 341 1093 μαι.
436 1019 653 1104 Atque
724 1018 843 1086 hoc
915 1018 1173 1106 quidem
1243 1019 1586 1086 manifesto
1652 1021 2031 1088 mendosum
2095 1029 2214 1089 est.
2314 1020 2570 1107 Ambigi

197 1119 449 1188 fortasse
509 1126 724 1210 potuit
780 1135 998 1192 utrum
1049 1127 1280 1207 οὶγορην
1326 1146 1405 1192 an
1455 1128 1797 1209 ἀγορήνδε,
1846 1127 2088 1206 Ἰθάκην
2135 1148 2214 1193 an
2264 1127 2572 1202 Ἰθάκηνδε

198 1230 391 1294 verior
435 1240 607 1297 esset
659 1232 1022 1319 scriptura,
1071 1232 1182 1298 sed
1231 1231 1504 1318 simplex
1549 1233 1884 1313 ἐλεύσομαι
1927 1234 2172 1300 nullum
2213 1231 2318 1298 hic
2356 1232 2568 1298 iocum

198 1331 389 1401 babet.
487 1335 816 1423 Equidem
881 1336 1034 1404 olim
1101 1338 1472 1425 suspicatus
1520 1358 1664 1405 sum
1719 1348 1996 1407 veterem
2047 1359 2124 1407 ae
2175 1359 2387 1407 veram
2437 1337 2568 1405 lec·

199 1441 413 1508 tionem
464 1462 612 1509 esse
657 1442 826 1509 hanc

635 1551 840 1632 αὐτὰρ
889 1551 1046 1629 ἐγὼν
1084 1549 1327 1625 Ἰθάκην
1367 1549 1893 1631 ἐπιείσομαι,

193 1660 246 1718 et

632 1761 836 1842 αὐτὰρ
881 1762 1040 1841 ἐγὼν
1084 1762 1314 1844 ἀγορὴν
1358 1762 1886 1843 ἐπιείσομαι,

195 1872 255 1931 ut
296 1874 469 1934 recte
519 1866 838 1933 scribitur
892 1865 1125 1957 odyss.
1179 1879 1256 1934 Ο.
1307 1873 1437 1935 1504

631 1974 835 2055 αὐτὰρ
881 1974 1036 2054 ἐγὼν
1081 1974 1310 2055 ἀγροὺς
1358 1973 1752 2053 ἐπιείσομαι,

192 2084 247 2143 et
282 2074 523 2169 odyss,
580 2090 666 2148 Ψ.
723 2084 853 2146 559

443 2188 605 2253 ἀλλ’
653 2188 782 2265 ἤτοι
829 2187 946 2265 μὲν
991 2186 1114 2266 ἐγὼ
1160 2185 1582 2267 πολυδένδρεον
1625 2184 1814 2267 ἀγρὸν
1861 2181 2171 2263 ἔπειμι.

266 2289 397 2372 Qua
449 2293 709 2359 ratione
757 2292 968 2378 perire
1010 2291 1292 2379 potuerit
1331 2292 1597 2378 antiqua
1636 2292 1828 2357 lectio
1866 2300 2172 2378 apparet,
2219 2308 2339 2357 cur
2377 2290 2563 2358 ἐπιεί-

190 2420 356 2476 σομαι
418 2398 507 2464 sit
568 2394 1057 2484 praeferendum
1107 2397 1343 2464 dicam.
1440 2397 1823 2464 Rectissime
1866 2396 2110 2463 dicitur
2148 2393 2372 2465 οἶκόνδε
2412 2396 2561 2465 ἐσιέ-

190 2527 271 2571 ναι
310 2512 375 2571 et
419 2505 674 2592 optime
723 2502 912 2571 habet
963 2503 1139 2571 locus
1189 2504 1252 2571 in
1298 2503 1480 2572 Iliad.
1531 2513 1602 2570 Z.
1655 2507 1784 2570 565

630 2612 909 2693 καὶγὰρ
955 2612 1110 2690 ἐγὼν
1156 2609 1366 2678 οἶκόνδ’
1415 2609 2021 2690 ἐσελεύσομαι,

192 2714 285 2781 sed
345 2726 420 2783 ut
485 2719 686 2799 ἀγρὸν
744 2719 967 2784 ἐσιέναι
1021 2716 1120 2783 vel
1166 2717 1422 2799 ἀγρόνδε
1472 2716 1822 2783 absurdum
1870 2723 2007 2792 est,
2066 2714 2160 2781 sic
2208 2734 2288 2782 ne
2335 2715 2564 2798 ἀγορὴν

191 2820 387 2888 ἐσιέναι
455 2821 725 2910 quidem
795 2823 1066 2909 probum
1132 2833 1231 2890 est
1296 2843 1506 2909 neque
1568 2822 1811 2898 Ἰθάκην
1872 2821 2140 2898 ἐσιέναις
2208 2829 2280 2887 ut
2337 2820 2563 2888 Latine

188 2926 327 2993 inire
377 2933 639 3016 sorum,
690 2938 803 2993 aut
861 2932 925 2993 ιἰι
973 2932 1187 3015 sorum
1234 2930 1495 2995 introire
1543 2948 1667 2994 non
1720 2928 1994 3004 dicitur,
2041 2925 2151 2991 sed
2199 2926 2294 2992 ire
2339 2925 2423 2991 ad
2466 2930 2561 3013 so·

191 3052 352 3113 rum,
404 3044 469 3101 et
519 3032 849 3100 aliudest
888 3035 957 3099 in
1004 3033 1288 3100 Ithacam
1334 3035 1434 3100 ire
1478 3043 1541 3101 et
1588 3034 1875 3100 Ithacam
1920 3032 2214 3111 introire,
2264 3031 2433 3118 quod
2482 3031 2562 3099 de

191 3137 400 3206 infesto
445 3140 745 3207 exercitu
794 3149 969 3206 recte
1009 3141 1305 3226 ponitur,
1354 3140 1433 3206 de
1477 3142 1798 3216 Minerva,
1845 3158 2012 3225 quae
2050 3157 2118 3204 se
2160 3138 2223 3203 in
2268 3136 2554 3204 Ithacam

190 3242 407 3312 ituram
475 3246 679 3323 dicit,
753 3265 878 3311 non
948 3247 1122 3311 item.
1218 3245 1629 3333 Expellamus
1694 3246 1899 3331 igitur
1965 3243 2303 3331 utrobique
2371 3252 2558 3312 vetus

192 3348 829 3439 interpretamentum
891 3361 956 3417 et
1004 3352 1335 3438 antiquam
1385 3361 1451 3418 et
1499 3372 1720 3418 sanam
1771 3350 2112 3418 lectionem
2167 3350 2364 3417 veluti
2413 3351 2557 3418 iure

191 3458 558 3540 postliminii
605 3460 671 3523 in
720 3458 934 3524 sedem
989 3458 1330 3544 pristinam
1378 3459 1824 3525 restituamus,

271 3665 860 3748 Quaemadmodum
915 3669 978 3733 in
1029 3666 1214 3735 libris
1260 3667 1408 3734 Mss.
1460 3666 1768 3734 vocabula
1816 3666 2130 3755 quaedam
2178 3667 2556 3751 μυριόλεκτα

194 3773 573 3860 compendiis
630 3774 1046 3849 scribuntur,
1108 3775 1203 3840 sic
1272 3774 1529 3840 Homeri
1596 3794 1826 3840 nomen
1889 3783 1954 3842 et
2017 3773 2376 3841 Aristarchi
2441 3774 2550 3842 ha·

197 3872 327 3943 bent
416 3879 894 3964 compendium.
997 3879 1273 3961 Ὅμηρος
1358 3881 1671 3946 scribitur
1752 3875 1836 3958 ὅμ
1913 3879 2099 3945 litera
2166 3905 2197 3962 ρ
2271 3878 2547 3947 mediam

196 4004 238 4056 ιι
288 3994 583 4064 secante,
651 3984 819 4050 unde
879 3986 1116 4072 passim
1184 3985 1343 4065 ὅμως
1408 3984 1649 4070 legitur
1697 4006 1811 4071 pro
1854 3981 2093 4067 ὅμηρος.
2192 3985 2552 4053 Aristarchi

200 4105 407 4156 nomen
457 4091 769 4157 scribitur
814 4091 916 4172 ἆρί
954 4093 1390 4177 suprascripta
1437 4088 1623 4155 litera
1667 4112 1752 4170 χ,
1812 4092 1980 4158 unde
2028 4089 2217 4157 multi
2266 4093 2550 4179 suscepti

196 4210 449 4263 errores.
546 4197 641 4263 Ad
692 4194 920 4286 Odyss.
970 4206 1017 4262 1.
1072 4201 1195 4275 73,
1246 4206 1310 4262 et
1357 4195 1509 4261 aiibi
1560 4198 1851 4282 saepiuS,
1900 4197 2078 4278 ἄρίων
2118 4218 2232 4284 pro
2269 4199 2552 4280 Ἀρίςαρ.

196 4319 299 4377 χος
343 4301 706 4369 Marcianus
753 4301 1031 4368 exbibet.
1107 4301 1262 4367 Vide
1306 4311 1521 4368 autem
1575 4299 1734 4366 mihi
1775 4303 2124 4367 immanem
2167 4303 2414 4369 scribae
2453 4324 2564 4371 er«

200 4421 399 4472 rorem
448 4408 523 4474 ad
581 4407 765 4474 Iliad.
817 4418 895 4473 T.
947 4413 1074 4475 365
1120 4409 1518 4474 Ἀθετοῢνται
1564 4406 1730 4487 ςίχοι
1776 4405 2091 4488 τέσσαρες.
2139 4443 2230 4458 -
2275 4408 2304 4473 ὃ
2342 4409 2405 4474 δὲ
2448 4419 2551 4476 Σι·
