2934 5050
1103 307 1489 356 raimmeics
1535 309 1610 355 ιτ
1653 309 1909 358 caium.
2607 288 2694 354 99

292 469 475 556 Ergo
519 482 902 559 supererant
945 475 1143 542 etiam
1190 486 1329 544 tum
1380 486 1444 545 et
1492 476 1767 544 aliorum
1819 486 1882 544 et
1934 478 2035 568 (ut
2085 477 2251 545 infra
2299 474 2690 566 videbimus)

296 575 571 646 Periclis
591 579 991 663 ψηφίσματα
1027 582 1228 670 ipsius
1253 604 1443 650 manu
1468 584 1721 670 scripta.
1780 583 1949 651 Haec
1972 585 2188 653 omnia
2219 581 2390 674 Sylla
2420 582 2689 652 Romam

293 683 589 752 abstulit.
689 685 1074 753 Plutarchus
1136 688 1200 754 in
1268 690 1398 755 vita
1461 688 1678 779 Syllae
1741 709 1879 775 cap.
1932 694 2017 757 26
2076 689 2250 780 Sylla
2311 687 2391 755 ah
2440 689 2693 778 Epheso

296 791 585 859 Athenas
640 811 973 870 reversus,
1039 794 1286 880 inquit.
1326 797 1578 875 μυηθεὶς
1619 793 1853 873 ἐξεῖλεν
1889 796 2090 879 ἑαυτῷ
2126 798 2239 871 τὴν
2274 797 2690 862 Ἀπελλικῶν·

293 924 399 974 τος
445 902 555 966 τοῦ
610 899 803 974 Τηΐου
862 898 1301 979 βιβλιοθήκην,
1363 910 1431 970 et
1497 901 1729 969 Strabo
1773 902 1926 970 xltt
1990 924 2054 990 p.
2092 905 2245 969 609.
2293 901 2468 975 εὐθὺς
2513 901 2687 981 μετὰ

294 1009 407 1083 τὴν
475 1008 969 1077 Ἀπελλικῶντος
1027 1007 1323 1083 τελευτὴν
1386 1006 1648 1081 Σύλλας
1712 1003 1812 1091 ἦρε
1872 1010 1984 1086 τὴν
2047 1008 2539 1082 Ἀπελλικῶντος
2584 1008 2684 1087 βα·

293 1113 628 1194 βλιοθήκην
677 1112 731 1200 (ὁ
777 1109 929 1200 del.)
992 1112 1111 1185 τὰς
1177 1113 1441 1191 Ἀθήνας
1486 1114 1660 1182 ἑλών.
1760 1114 1845 1181 Et
1891 1112 2124 1181 Strabo
2184 1121 2249 1180 et
2301 1111 2687 1180 Plutarchus

294 1219 524 1287 multis
586 1225 853 1283 narrant
932 1216 1129 1284 libros
1194 1219 1559 1286 Aristotelis
1617 1228 1684 1286 et
1733 1217 2155 1308 Theophrasti
2205 1227 2348 1286 tum
2399 1218 2685 1306 primum

294 1325 539 1392 Romae
588 1325 652 1390 in
702 1322 911 1390 lucem
950 1322 1160 1391 editos
1201 1322 1309 1390 sed
1352 1323 1604 1393 mendis
1628 1325 2082 1413 erroribusque
2108 1325 2350 1391 obsitos
2387 1324 2681 1391 socordia

292 1433 685 1500 scribarum.
780 1429 1059 1516 Antiqua
1106 1432 1509 1514 ψηφίσματα
1559 1451 1748 1498 nemo
1795 1430 2058 1518 posthac
2106 1439 2572 1498 commemorat
2618 1440 2685 1499 et

292 1538 471 1607 haud
518 1538 612 1604 ita
660 1535 864 1603 multo
900 1544 1043 1623 post
1084 1533 1365 1603 flammis
1411 1544 1476 1603 et
1538 1536 1869 1615 incendio,
1919 1546 1990 1604 ut
2029 1535 2365 1625 plerosque
2410 1537 2477 1603 iu
2528 1535 2687 1605 urhe

296 1647 500 1713 Roma
548 1642 745 1711 libros
772 1693 789 1722 ,
839 1640 1135 1708 absumta
1181 1661 1324 1709 esse
1369 1641 1678 1710 credibile
1722 1651 1843 1710 est.

384 1750 523 1819 Non
574 1758 790 1816 tameo
839 1747 1053 1814 omnia
1092 1746 1388 1815 funditus
1427 1749 1783 1836 perierunt.
1854 1746 2170 1818 Canentis
2206 1749 2382 1817 enim
2446 1747 2683 1836 aliquis

293 1859 471 1936 sive,
538 1865 610 1923 ut
672 1853 1026 1922 Meiuekius
1088 1851 1438 1920 Niebuhrio
1486 1852 1797 1926 credidit.
1865 1853 2147 1921 »Crateri
2204 1853 2559 1922 Macedonis
2604 1875 2686 1920 ex

294 1964 492 2030 Phila
541 1961 752 2049 filius,
801 1960 1102 2045 Antigoni
1146 1959 1317 2048 reqis
1362 1963 1567 2047 frater
1609 1960 1959 2037 uterinus”,
2006 1959 2175 2037 sive,
2231 1969 2300 2027 ut
2336 1957 2497 2025 mihi
2537 1958 2684 2046 qui-

292 2071 443 2138 dem
475 2068 682 2136 multo
720 2069 853 2133 veri
877 2065 1159 2132 similius
1195 2065 1451 2132 videtur
1474 2085 1651 2143 esse,
1698 2065 2111 2153 antiquarius
2134 2066 2370 2153 aliquis
2392 2063 2682 2133 eiusdem

294 2177 583 2243 nominis
630 2193 835 2261 neque
889 2172 1068 2258 regio
1098 2190 1336 2257 genere
1378 2179 1563 2238 ortus
1604 2179 1670 2238 et
1708 2178 1918 2238 aetate
1958 2169 2288 2258 aliquanto
2330 2170 2687 2249 recentior,

288 2284 381 2350 τὰ
428 2288 549 2349 τῶν
594 2286 878 2347 παλαιῶν
923 2278 1313 2363 αὐτόγραφα
1359 2278 1763 2361 ψηφίσματα
1809 2280 1879 2344 ἐκ
1922 2281 2032 2344 τοῦ
2093 2274 2391 2360 Μητρῴου
2437 2275 2685 2344 descri-

294 2396 403 2475 pta
453 2396 519 2454 et
564 2384 1032 2454 commentario
1093 2383 1452 2458 illustrata.
1521 2384 1584 2451 in
1650 2404 1779 2472 quo
1827 2381 2049 2452 multis
2100 2383 2572 2453 Historicorum
2620 2391 2685 2451 et

292 2493 705 2561 Comicorum
769 2499 1058 2559 veterum
1131 2490 1519 2559 testimoniis
1579 2509 1738 2557 usus
1799 2496 1931 2566 est,
1993 2486 2196 2561 edidit
2243 2492 2308 2559 in
2357 2487 2569 2561 lucem
2617 2498 2683 2558 et

297 2598 585 2665 modeste
624 2596 1063 2681 Ψηφισμάτων
1087 2596 1475 2679 Συναγωγήν
1518 2595 1869 2684 inscripsit.
1943 2596 2124 2663 Fecit
2146 2614 2377 2683 operae
2402 2595 2681 2683 pretium

294 2704 657 2772 Meinekius
700 2723 902 2790 quum
954 2704 1017 2770 in
1070 2704 1401 2789 Epimetro
1432 2700 1513 2768 ad
1540 2699 1940 2790 Stephanum
1989 2703 2419 2791 Byzantinum
2461 2721 2523 2790 p.
2552 2704 2682 2770 714

294 2831 436 2898 sqq.
496 2809 743 2875 Crateri
800 2807 1160 2895 fragmenta
1232 2807 1518 2895 undique
1584 2807 1850 2875 collecta
1911 2816 1978 2875 et
2024 2807 2250 2875 ordine
2300 2806 2573 2895 digessit
2617 2815 2686 2875 et

295 2915 601 3004 perdocta
665 2915 1078 2981 annotatione
1146 2915 1477 2985 enarravit
1536 2914 1971 3001 correxitque.
2082 2913 2154 2983 ln
2204 2912 2440 3000 quihus
2481 2932 2686 3000 quum

295 3022 457 3090 mibi
505 3031 573 3088 et
620 3019 746 3087 alia
794 3018 1109 3107 quaedam
1171 3018 1359 3106 paulo
1419 3019 1650 3088 melius
1697 3018 2152 3089 constituenda
2201 3039 2342 3087 esse
2394 3017 2684 3091 videren-

292 3138 407 3196 tur
448 3137 516 3195 et
583 3124 965 3213 corrigenda
1034 3124 1375 3204 nonnulla,
1438 3146 1604 3214 quae
1667 3126 2023 3197 nteiuekius
2070 3122 2480 3194 inemendata
2529 3125 2686 3193 reli·

295 3236 586 3322 quisset,
633 3244 696 3300 et
765 3232 1144 3319 praesertim
1192 3230 1438 3299 Crateri
1491 3232 1854 3318 fragmenta
1904 3232 2225 3319 insignem
2288 3231 2349 3299 in
2421 3229 2682 3303 modum

296 3338 593 3427 augenda
617 3359 756 3406 esse
794 3348 858 3406 et
883 3336 1328 3425 locupletanda
1355 3358 1432 3405 ex
1461 3337 1589 3405 illis
1615 3338 1771 3405 locis
1813 3338 1917 3409 ubi
1946 3338 2088 3405 sine
2107 3338 2394 3406 auctoris
2427 3339 2685 3406 nomine

300 3447 382 3514 ita
422 3445 713 3515 latebant
751 3454 822 3510 ut
874 3453 1088 3511 tamen
1138 3444 1209 3509 ἐκ
1247 3450 1359 3518 τῆς
1385 3451 1690 3528 Κρατεροῦ
1716 3453 2104 3526 Συναγωγῆς
2129 3464 2272 3513 esse
2309 3445 2469 3513 satis
2493 3463 2685 3533 appa·

298 3562 507 3630 reret,
547 3550 791 3640 placuit
830 3549 1129 3617 Meinekii
1169 3550 1482 3617 Erinnae
1523 3549 1694 3619 bunc
1729 3551 1928 3618 veluti
1954 3550 2289 3620 cumulum
2315 3560 2381 3620 et
2403 3551 2683 3621 alterum

298 3659 703 3748 Epimetrum
750 3655 1053 3724 adiicere.

386 3868 852 3957 Harpocration
926 3889 987 3935 v,
1058 3866 1209 3935 Ὀτι
1280 3868 1688 3950 διαμαρτάνει
1761 3867 2152 3945 Δημοσθένης
2229 3869 2292 3935 δν
2356 3870 2441 3952 τῷ
2511 3869 2684 3937 κατὰ

297 3977 573 4056 Νεαίρας
637 3973 841 4054 λέγων
903 3978 1241 4048 Πλαταιᾶς
1299 3973 1668 4056 γεγράφθαι
1726 3974 1787 4040 ἐν
1849 3984 1928 4057 τῇ
1992 3976 2249 4058 Ποικίλῃ
2305 3982 2445 4060 ςοᾷ.
2494 3976 2685 4052 οὐδεὶς

295 4080 424 4162 γὰρ
488 4085 672 4147 τοῦτο
733 4078 963 4162 εἴρηκεν
1023 4077 1222 4161 ὥσπερ
1276 4081 1410 4147 οὐδὲ
1472 4078 1773 4163 Κρατερὸς
1835 4081 1895 4146 ἐν
1956 4090 2034 4163 τῇ
2090 4087 2207 4146 τῶν
2251 4081 2688 4164 ψηφισμάτων

298 4196 664 4270 συναγωγῇ,
756 4184 1092 4255 manifesto
1157 4185 1535 4251 mendosum
1609 4192 1709 4251 est
1777 4181 1974 4267 ὥσπερ
2042 4186 2212 4262 οὐδὲ.
2280 4186 2466 4272 quasi
2533 4205 2683 4252 vero

299 4311 558 4358 necesse
603 4300 773 4359 esset
812 4290 892 4359 de
939 4311 1012 4359 ea
1062 4311 1131 4358 re
1178 4291 1515 4378 scripsisse
1562 4292 1898 4358 Craterum
1948 4300 2063 4360 aut
2129 4289 2190 4359 iil
2243 4292 2414 4359 inter
2458 4310 2684 4359 omnes

303 4404 655 4471 constaret.
748 4396 918 4481 Quid
982 4397 1230 4467 multa?
1321 4395 1585 4484 Corrige
1642 4394 1835 4469 οὐδεὶς
1894 4396 2025 4480 γὰρ
2081 4401 2259 4464 τοῦτο
2320 4395 2549 4480 εἴρηκεν
2607 4398 2686 4468 ὥς
