2934 5050
1001 282 1386 331 rannonoenu
1424 283 1501 331 nr
1537 283 1792 331 cal-rice.
2506 265 2584 327 31

197 445 635 535 Inspiciamus
682 467 858 515 nunc
922 449 1272 518 Aristonici
1326 451 1658 539 reliquias,
1755 450 1848 518 Ad
1893 461 1972 519 E.
2021 456 2150 519 891
2207 459 2588 518 annotatur:

195 557 224 618 ὀ
268 553 597 635 ais-splenos
659 551 754 621 ’ὅτι
818 556 1088 621 ἐντεῦθεν
1147 559 1587 635 μετενήνεκται
1637 558 1696 623 ἐν
1752 566 1831 640 τῇ
1892 557 2097 639 πρώτῃ
2152 556 2433 642 ῥαψῳδίᾳ
2489 557 2592 624 ἐπὶ

198 659 298 725 τὸν
350 659 503 740 πρὸς
553 659 661 726 τὸν
706 660 1026 743 ’Λχιλλέα
1074 662 1187 729 ὑπὸ
1232 664 1701 743 Ἀγαμέμνονος
1747 661 1953 742 λόγον.
2049 661 2306 750 Optime
2356 662 2591 729 habent

198 766 453 844 omnia,
521 775 587 831 et
651 767 764 853 qni
827 767 1184 834 Aristarchi
1268 770 1655 835 sententiam
1732 777 1995 836 noverat
2081 777 2327 854 poterat
2399 768 2588 836 talem

198 871 681 938 annotationem
734 874 950 938 animo
989 874 1382 960 praecipere.
1473 874 1696 962 ltaque
1744 876 1936 940 etiam
1981 874 2147 961 quod
2199 873 2279 940 ad
2322 883 2405 941 A.
2466 878 2587 941 177

200 985 587 1044 annotatum
636 979 998 1064 reperietur
1064 980 1281 1046 animo
1329 980 1608 1066 praecipi
1662 988 1723 1044 et
1787 977 2258 1067 quodammodo
2308 978 2590 1065 praedici

200 1084 481 1172 poterit:
550 1103 777 1170 nempe
826 1083 944 1149 hoc
993 1093 1107 1149 aut
1154 1084 1395 1171 aliquid
1457 1084 1562 1151 his
1620 1085 1861 1151 simile:
1928 1085 2149 1165 ὀβελὸς
2205 1086 2349 1163 μετ’
2394 1086 2594 1166 ais-ept-

201 1213 344 1256 σκου
388 1184 484 1254 ὅτι
535 1190 800 1255 ἐνταῦθα
848 1191 1054 1264 κακῶς
1100 1190 1476 1270 μετάκειται
1525 1192 1593 1257 ἐκ
1641 1199 1752 1267 τῆς
1799 1201 1846 1255 Ε
1887 1190 2223 1273 ῥαψῳδίας.
2322 1188 2455 1255 lant
2498 1188 2594 1253 in-

202 1295 562 1383 spiciamus
601 1293 899 1361 Codicem
950 1295 1265 1361 Venetum
1323 1305 1391 1362 ut
1427 1314 1619 1383 quam
1673 1305 1847 1362 recte
1887 1295 2358 1368 coniecerimus
2404 1314 2593 1381 appa·

204 1408 388 1481 reat,
441 1400 616 1466 αἰεὶ
663 1399 818 1483 γάρ
864 1425 985 1467 τοι
1033 1400 1237 1485 ἔριςε
1291 1402 1607 1483 ἆςερίσκος
1647 1396 1739 1466 ὅτι
1789 1403 2056 1468 ἐνταῦθα
2101 1400 2272 1483 ὀρθῶς
2320 1402 2593 1482 εἴρηται,

207 1507 267 1571 ἐν
309 1506 376 1573 δὲ
417 1517 497 1590 τῇ
548 1507 883 1592 Ὀδυσσείᾳ
930 1508 1020 1574 οὔ.
1115 1505 1526 1574 Manifestum
1577 1515 1675 1572 est
1721 1505 1874 1573 haec
1915 1526 2051 1573 esse
2098 1504 2414 1591 flagitiose
2454 1526 2593 1572 cor·

208 1621 401 1699 rupta
447 1620 513 1680 et
564 1633 681 1680 nec
731 1621 1010 1690 terram,
1075 1612 1244 1700 quod
1303 1613 1530 1691 aiunt,
1583 1632 1698 1678 nec
1745 1611 1992 1680 coelum
2046 1619 2332 1697 tangere.
2430 1608 2596 1690 Quia

210 1715 459 1805 liquido
523 1725 778 1783 constat
823 1717 977 1804 quid
1028 1719 1115 1785 sit
1166 1718 1245 1784 ab
1302 1718 1668 1784 Aristonico
1714 1716 2125 1791 adnotatum.
2189 1715 2591 1784 emendatam

211 1824 610 1910 scripturam
663 1843 779 1889 nec
829 1843 1063 1910 magno
1119 1843 1308 1911 opere
1371 1823 1817 1890 desideramus
1864 1833 1929 1889 et
1978 1822 2148 1889 sacili
2215 1823 2472 1908 negotio
2519 1843 2598 1889 ex

214 1930 544 2016 corruptis
591 1927 885 2015 reliquiis
945 1928 1244 2015 colligere
1292 1937 1356 1996 et
1403 1928 1702 2016 supplere
1752 1948 2127 2015 possumus:
2193 1927 2413 2006 ὀβελὸς
2455 1931 2598 2006 μετ’

216 2036 542 2116 ἆςερίσκου
614 2031 706 2101 ὅτι
772 2036 1036 2101 ἐνταῦθα
1086 2041 1290 2108 κακῶς
1353 2034 1586 2116 εἴρηται
1599 2084 1619 2114 ,
1681 2035 1743 2099 ἐν
1789 2034 1851 2101 δὲ
1913 2042 1992 2117 τῇ
2060 2043 2109 2099 Ε
2161 2033 2445 2119 ῥαψῳδίᾳ
2491 2028 2595 2101 εὖ.

216 2138 566 2207 Emendari
619 2137 776 2207 haec
832 2150 1180 2227 potuerunt
1229 2141 1380 2227 quia
1428 2139 1688 2207 aliunde
1749 2148 1928 2206 certa
1976 2138 2446 2206 emendationis
2492 2136 2598 2204 ad·

219 2245 506 2310 iumenta
565 2244 1032 2331 suppetebant,
1097 2245 1207 2313 sed
1268 2245 1392 2312 alia
1455 2255 1609 2312 sunt
1674 2245 1742 2312 in
1807 2243 2082 2314 Scholiis
2146 2244 2409 2310 Venetis
2473 2263 2600 2309 non

218 2351 436 2416 minus
482 2347 662 2416 foede
706 2360 770 2417 et
823 2351 1140 2438 flagitiose
1187 2361 1492 2439 corrupta
1542 2359 1607 2418 et
1663 2350 2082 2438 interpolata,
2143 2348 2379 2435 quibus
2429 2347 2601 2415 nulla

221 2454 476 2522 aliunde
523 2454 631 2522 lux
680 2455 986 2546 affulget,
1036 2456 1454 2545 quamobrem
1524 2457 1806 2526 aeternis
1867 2464 2241 2544 prementur
2287 2454 2603 2534 tenebriS‚

222 2561 526 2638 ἇνηκέςως
586 2561 800 2647 ἔχουσι
865 2585 981 2630 nec
1044 2564 1172 2630 ulla
1232 2561 1544 2651 speranda
1613 2561 1808 2629 salus.
1905 2562 2028 2632 Sed
2088 2564 2142 2628 si
2204 2561 2461 2648 quando
2525 2581 2602 2628 ex

221 2665 382 2733 libro
434 2676 566 2733 tam
620 2670 853 2736 vitioso
896 2669 1137 2758 aliquid
1200 2669 1474 2735 monstri
1539 2668 1903 2756 proferetur
1963 2671 2129 2751 νᾶφε
2176 2667 2281 2734 καὶ
2338 2666 2605 2747 abuma-⁹

221 2774 488 2843 ὥτιςεῖν.
585 2774 939 2843 Veniamus
1000 2777 1127 2842 iam
1186 2774 1265 2842 ad
1322 2775 1667 2842 Aristonici
1721 2774 2242 2860 praefationem‚·
2277 2771 2427 2840 ὅταν
2473 2773 2527 2839 δ’
2576 2774 2606 2839 ὃ

222 2879 682 2960 Ἀγαμέμνων,
732 2881 986 2968 inquit,
1035 2882 1194 2965 λέγῃ
1245 2882 1388 2963 πρὸς
1434 2882 1539 2948 τὸν
1584 2879 1906 2962 Ἀχιλλέα

492 2985 616 3052 αἰεὶ
657 2986 785 3068 γάρ
831 3011 921 3055 τοι
970 2986 1085 3070 ἔρις
1126 3011 1198 3053 τε
1243 2989 1402 3071 φίλη
1450 2986 1717 3068 πόλεμοί
1760 3010 1831 3052 τε
1879 2983 2098 3068 μάχαι
2145 3008 2249 3051 τε.

222 3090 495 3158 ἐνταῦθα
542 3094 872 3169 tiberio-Oa!
911 3101 1069 3177 φησι
1107 3094 1295 3175 χάριν
1334 3099 1440 3160 τοῦ
1488 3092 1801 3172 βασιλέως
1841 3091 2194 3175 ὀφείλοντος
2239 3091 2292 3157 εἶ
2340 3089 2604 3166 τοιοῦτός

225 3196 350 3266 ἕσιν
410 3199 473 3263 ἐν
536 3199 789 3282 πολέμῳ
846 3201 875 3265 ὀ
939 3202 1082 3265 κατ’
1147 3199 1490 3281 ἐπικουρίαν
1557 3197 1745 3275 ἥκων.
1816 3195 2019 3278 διόπερ
2079 3197 2181 3264 ἐπὶ
2244 3203 2436 3263 ΜΕΝ
2500 3201 2608 3263 τοῦ

209 3303 562 3382 λεγομένου
614 3305 717 3369 ὑπ’
764 3305 1237 3386 Ἀγαμέμνονος
1285 3305 1504 3384 ὀβελὸς
1553 3304 2002 3387 παρακείσεται
2058 3303 2162 3369 καὶ
2216 3302 2370 3385 ’πρὸς
2415 3301 2610 3385 τούτῳ

231 3409 546 3490 ἆςερίσκος
569 3460 585 3476 .
663 3409 841 3487 δηλοῖ
879 3411 944 3477 δὲ
1000 3415 1179 3477 τοῦτο
1226 3406 1374 3477 ὅπου
1427 3409 1507 3476 ἂν
1553 3408 1588 3493 ᾖ
1636 3408 1911 3488 κείμενος
1970 3409 2080 3474 σὺν
2125 3410 2210 3490 τῷ
2272 3409 2472 3489 ὀβελῷ
2519 3403 2609 3474 ὅτι

230 3517 500 3598 Ὀμήρου
537 3514 655 3595 μέν
694 3517 815 3592 ἔςι,
861 3516 1124 3600 φαύλως
1160 3517 1213 3582 δ’
1255 3517 1521 3582 ἐνταῦθα
1559 3522 1782 3581 κεῖται.
1879 3512 2088 3580 Etiam
2137 3533 2239 3581 me
2286 3514 2610 3579 indicente

236 3621 683 3709 unusquisque
744 3620 986 3687 videbit
1032 3621 1190 3689 haec
1239 3621 1543 3687 lacunosa
1589 3640 1731 3688 esse
1776 3628 1841 3687 et
1908 3618 2087 3685 hiare
2142 3619 2403 3685 omissis
2452 3637 2610 3682 non-

236 3726 427 3792 nullis
476 3746 642 3813 quae
698 3725 777 3793 ad
827 3728 1213 3793 sententiam
1276 3727 1634 3792 necessaria
1685 3727 1817 3790 sint
1865 3732 1930 3790 et
1987 3743 2064 3789 ex
2113 3724 2423 3811 oppositis
2485 3742 2609 3789 non

238 3831 438 3899 multo
486 3830 707 3898 labore
753 3830 1160 3918 colligantur.
1257 3831 1485 3898 Verbis
1550 3830 1652 3897 ἐπὶ
1712 3839 1901 3897 ΜΕΝ
1963 3834 2070 3896 τοῦ
2116 3827 2449 3909 λεγομένου
2510 3828 2613 3893 ὑπ’

237 3937 704 4018 Ἀγαμέμνονος
752 3937 974 4018 ὀβελὸς
1027 3939 1477 4020 παρακείσεται
1537 3937 1642 4002 καὶ
1689 3937 1835 4018 πρὸς
1884 3935 2075 4018 τούτῳ
2138 3934 2451 4016 οὶςερίσκος
2502 3953 2615 3999 ne·

238 4044 515 4110 cessario
566 4042 1036 4130 respondebant
1094 4043 1195 4110 ἕπὶ
1258 4050 1552 4112 Aea&
1607 4041 1721 4108 ὑπὸ
1779 4041 1926 4114 Διὸς
1983 4041 2303 4122 εἰρημένων
2365 4038 2542 4124 μόνος
2587 4040 2615 4104 ὀ

239 4149 580 4233 οἱςερίσκος.
677 4149 811 4215 lam
865 4159 933 4214 tu
984 4147 1161 4214 vides
1205 4167 1324 4214 cur
1371 4147 1479 4215 illa
1533 4145 2014 4213 interciderint:
2063 4145 2312 4211 scribae
2360 4144 2527 4211 oculi
2577 4164 2613 4211 a

239 4254 451 4340 priore
496 4254 816 4336 οἱςερίσκος
856 4253 933 4321 ad
977 4255 1302 4342 posterius
1338 4252 1726 4319 aberrarunt
1765 4261 1830 4318 et
1869 4253 1962 4318 sic
2002 4251 2339 4339 perierunt
2385 4248 2615 4316 media.

244 4358 487 4426 Similis
552 4358 786 4425 lacuna
849 4367 947 4427 est
1014 4360 1081 4428 in
1143 4360 1223 4426 iis
1283 4379 1448 4445 quae
1511 4356 1909 4446 praecedunt
1953 4366 2017 4425 et
2067 4357 2135 4421 in
2186 4355 2267 4422 iis
2313 4373 2479 4442 quac
2524 4376 2619 4422 sc·
