2934 5050
323 295 406 358 48
1310 305 1712 352 nisenam

318 487 468 545 cent
536 477 897 565 glossarum
974 479 1393 564 interpretem
1464 482 1681 542 tacent
1749 472 1975 552 λέξεων
2040 471 2428 539 conditore&
2538 467 2702 535 Leve

318 594 571 652 tantum
638 584 982 671 vestigium
1050 592 1149 650 est
1212 585 1276 648 in
1348 580 1603 648 Seliolio
1664 582 1915 648 Codicis
1987 580 2212 647 Veneti
2277 591 2321 645 B
2384 575 2464 644 ad
2515 575 2700 642 Iliad.

317 702 368 759 1.
418 695 545 758 527

1685 792 2030 876 πολεμίζων

316 901 572 983 άνδράσι
629 911 1243 971 ΜΛΡΝΛΜΕΝΟΟ
1305 901 1494 982 ὀάρων
1550 897 1728 965 ἕνεκα
1787 898 2146 984 σφετεράων
2170 949 2186 965 .
2250 900 2361 965 »οὐ
2407 898 2536 978 γάρ
2583 896 2707 975 ἐγὼ

314 1009 532 1090 Τρώων
586 1006 738 1074 ἕνεκ’
801 1009 1057 1085 ἤλυθον”
1125 1005 1333 1089 (iliad.
1396 1017 1478 1072 Α.
1538 1006 1729 1094 152),
1778 1007 2029 1092 inquit,
2093 1005 2271 1071 ἀλλὰ
2318 1005 2420 1071 διὰ
2465 1003 2537 1069 τὸ
2585 1001 2707 1081 γύ-

315 1138 474 1180 ναιον
512 1116 620 1180 τοῦ
661 1115 1022 1180 Μενελάου.
1070 1117 1250 1179 τοῦτο
1289 1113 1414 1191 γὰρ
1456 1112 1633 1187 δηλοῖ
1666 1112 1735 1176 τὸ
1780 1110 2009 1192 »ὀάρων
2051 1108 2235 1177 ἕνεκα
2278 1108 2706 1193 σφετεράων.”

316 1219 511 1301 Quasi
578 1240 727 1286 vero
788 1240 863 1285 ea
930 1219 1123 1286 verba
1190 1217 1362 1283 aliuil
1430 1216 1585 1303 quid
1641 1217 2008 1302 significare
2054 1215 2301 1303 possint
2350 1234 2543 1301 quam
2593 1235 2711 1301 pro

317 1326 622 1392 uxoribus
684 1347 837 1392 suis,
938 1324 1060 1391 Sed
1108 1323 1259 1390 audi
1308 1323 1462 1411 quid
1514 1321 1737 1389 addat:
1789 1328 1823 1399 ἢ
1873 1329 2224 1404 τολμηρῶς,
2272 1322 2466 1404 φησι,
2517 1334 2712 1385 πολε-

314 1439 445 1512 μῶν
500 1432 647 1511 πρὸς
695 1429 915 1512 ἄνδρας
968 1431 1115 1512 ὑπὲρ
1164 1430 1397 1497 παίδων
1445 1430 1551 1496 καὶ
1601 1436 1905 1509 γυναικῶν
1951 1427 2373 1511 ῥιψοκινδύνως
2421 1432 2711 1506 άγωνι-

318 1537 394 1619 ζο
410 1538 724 1618 μένους.
797 1537 926 1603 Hoc
969 1556 1190 1601 verum
1235 1545 1299 1602 et
1340 1556 1570 1602 sanum
1616 1544 1749 1609 est,
1799 1535 1909 1602 sed
1950 1535 2060 1621 qui
2105 1535 2194 1601 ita
2237 1537 2714 1618 interpretatur

326 1663 476 1711 eum
526 1642 939 1710 manifestum
989 1652 1082 1709 est
1135 1642 1302 1709 hanc
1348 1645 1740 1728 scripturam
1790 1640 1870 1706 ob
1917 1641 2137 1706 oeulos
2186 1637 2455 1705 habere:

2038 1746 2385 1829 πολεμίζων

529 1854 781 1937 άνδράσι
830 1863 1480 1924 MAPNAlvteNolc
1525 1851 1710 1934 ὀάρων
1757 1849 1937 1919 ἕνεκα
1984 1853 2378 1935 σφετεράων,

320 1980 597 2048 namque
638 1960 754 2027 hoc
779 1970 877 2028 est
902 1968 1187 2040 πολεμῶν
1210 1962 1355 2042 πρὸς
1382 1960 1604 2043 ἄνδρας
1630 1959 2048 2041 ῥιψοκινδύνως
2090 1961 2324 2038 άγωνι
2345 1954 2710 2038 ζομένους

320 2067 468 2148 ὑπὲρ
528 2069 762 2134 παίδων
823 2068 929 2133 καὶ
994 2073 1315 2147 γυναικῶν.
1414 2066 1564 2132 Plus
1625 2065 1816 2132 etiam
1862 2064 2052 2130 habet
2093 2062 2395 2151 ponderis
2434 2064 2706 2149 antiqua

322 2174 651 2238 annotatio
691 2171 770 2237 ad
813 2171 995 2237 iliad.
1037 2183 1115 2238 Σ.
1153 2177 1303 2237 265.

589 2279 764 2344 άλλοὶ
813 2278 948 2358 περὶ
997 2276 1247 2350 πτόλιός
1293 2302 1366 2344 τε
1413 2278 1785 2357 μαχήσεται
1837 2275 1938 2352 ἠδὲ
1986 2282 2313 2355 γυναικῶν.

321 2389 499 2450 τοῦτο
546 2384 911 2464 σημειωτέον
957 2384 1102 2465 πρὸς
1148 2382 1255 2448 τό·
1307 2381 1491 2471 (ttiad
1545 2391 1619 2447 E.
1675 2384 1829 2470 486)

683 2490 830 2583 τύνη
878 2491 930 2556 δ’
977 2487 1207 2566 ἕςηκας
1256 2489 1421 2572 άτοὶρ
1465 2488 1588 2554 οὐδ’
1634 2486 1879 2554 ἄλλοισι
1930 2489 2200 2562 κελεύεις

679 2606 920 2663 λαοῖσιν
963 2596 1225 2675 μενέμεν
1272 2595 1376 2661 καὶ
1425 2594 1808 2674 άμυνέμεναι
1855 2595 2119 2676 ὤρεσσιν.

319 2702 423 2768 καὶ

864 2806 1052 2890 ὀάρων
1098 2805 1276 2874 ἕνεκα
1322 2806 1703 2889 σφετεράων.

320 2908 412 2980 ὅτι
460 2914 648 2979 κάκεῒ
686 2913 1022 2992 γυναιξὶ
1067 2915 1241 2995 λέγει
1282 2914 1560 2995 καθάπερ
1603 2913 1808 2980 ἐνθάδε
1846 2917 2032 2995 ῥητῶς
2070 2909 2478 2991 ἐξηγούμενος
2514 2913 2710 2979 ἐκεῖνο

318 3018 516 3099 λέγει.
610 3018 898 3106 Namque
961 3041 1183 3087 omnes
1232 3020 1297 3086 hi
1351 3021 1466 3085 loei
1522 3019 1601 3085 ad
1653 3021 1962 3085 Troianos
2012 3018 2337 3105 pertinent
2377 3039 2495 3102 pro
2542 3039 2711 3084 uxo-

316 3125 492 3192 ribus
571 3127 703 3192 suis
780 3126 1184 3193 dimicantes,
1304 3127 1639 3192 Praeterea
1720 3145 1910 3212 quani
1986 3143 2175 3209 saepe
2246 3121 2490 3188 sactum
2562 3144 2711 3192 esse

318 3229 611 3296 videmus
668 3240 738 3296 ut
786 3231 1365 3317 interpretamenta
1415 3234 1478 3296 iu
1531 3234 1766 3297 veteris
1809 3239 1869 3297 et
1924 3231 2282 3316 exquisitae
2328 3227 2578 3313 glossae
2621 3230 2710 3295 lo-

317 3355 469 3401 cum
528 3336 1012 3424 subrepserint,
1079 3338 1268 3403 euius
1315 3339 1410 3402 rei
1464 3338 1587 3402 nisi
1637 3337 1905 3421 antiqua
1957 3335 2207 3402 Scholia
2255 3333 2562 3401 fecissent
2610 3338 2709 3401 in-

318 3440 591 3517 dicium,
659 3442 841 3529 quiS‚
910 3462 1176 3528 quaeso,
1247 3442 1434 3510 talem
1500 3441 1790 3508 fraudem
1853 3440 2106 3508 odorari
2154 3450 2214 3508 et
2265 3460 2540 3526 arguere
2590 3461 2708 3528 po—

319 3547 591 3614 tuisset?
693 3546 964 3634 Vulgata
1014 3547 1203 3614 lectio
1243 3558 1380 3614 erat
1431 3550 1494 3615 in
1545 3547 1725 3614 Iliad.
1778 3557 1850 3614 Φ.
1894 3552 2025 3614 455

497 3658 675 3722 ςεῦτο
722 3655 775 3720 δ’
820 3652 920 3733 ὅγ’
966 3654 1333 3735 ἀμφοτέρων
1378 3653 1778 3736 άποκοψέμεν
1823 3655 2023 3721 οὔατα
2068 3653 2262 3720 καλά.

407 3757 564 3839 Quis
627 3760 692 3825 in
758 3757 870 3824 tali
931 3778 1119 3825 versu
1185 3762 1412 3828 vitium
1478 3761 1571 3826 vel
1626 3760 1912 3826 fraudem
1970 3760 2094 3825 ullo
2144 3758 2332 3826 modo
2377 3761 2700 3847 suspicari

319 3865 662 3952 potuisset,
729 3868 851 3931 nisi
918 3875 1170 3953 reperta
1238 3877 1405 3933 esset
1456 3865 1811 3933 Aristarchi
1860 3868 2226 3933 annotatio:
2277 3869 2311 3944 ἡ
2367 3867 2558 3941 διπλῆ
2606 3864 2700 3934 ὅτι

315 4010 406 4022 -
452 3979 929 4054 καταχρηςικῶς
977 3974 1191 4039 άπολ
1212 3974 1355 4055 εψέ
1371 3997 1520 4051 μεν
1565 3974 1704 4038 άντὶ
1751 3977 1859 4039 τοῦ
1908 3972 2277 4052 ἀποκόψειν,
2329 3973 2497 4041 unde
2547 3974 2699 4040 Poe-

318 4088 419 4146 tae
468 4078 723 4145 tandem
776 4078 1098 4145 redditum
1149 4091 1247 4145 est
1296 4098 1523 4144 suum:

591 4189 770 4254 ςεῦτο
817 4186 870 4251 δ’
917 4183 1015 4265 ὅγ’
1059 4185 1424 4267 άμφοτέρων
1470 4184 1876 4267 άπολεψέμεν
1921 4183 2123 4251 οὔατα
2170 4184 2383 4252 καλά.

409 4290 613 4371 Quam
673 4291 1117 4378 significanter
1172 4302 1238 4358 et
1292 4299 1617 4375 γραφικῶς
1665 4292 1732 4357 in
1783 4291 1891 4356 tali
1944 4310 2015 4357 re
2060 4290 2398 4358 ἀπολέσειν
2438 4289 2704 4360 dicatur
