2934 5050
924 321 1268 369 nsaooorsa
1316 320 1386 365 ar
1434 321 1829 367 rnucrmou.
2437 308 2566 369 589

227 487 547 555 scribatur.
614 490 682 552 Iu
746 485 950 552 altero
1004 484 1142 551 loco
1187 485 1564 554 detestabile
1609 507 1817 574 genus
1867 488 2240 567 hominum,
2288 510 2564 576 quorum

223 589 487 678 exempla
535 593 599 658 in
643 590 973 657 hodiernis
1017 591 1214 656 etiam
1250 591 1532 659 coloniis
1579 592 1767 660 facile
1804 594 2129 671 invenias,
2174 593 2563 682 depingitur.

225 694 295 763 Hi
351 694 658 783 tantisper
714 697 780 762 in
845 694 1091 762 colonia
1155 706 1499 763 versantur
1542 697 1743 764 donec
1787 698 2048 764 divitias
2094 718 2254 783 quas
2300 699 2425 766 alio
2471 721 2568 768 as·

221 806 459 885 portent
515 801 636 866 sibi
699 804 1091 888 paraverint.
1154 804 1377 872 οἴονται
1439 807 1574 873 ἀπὸ
1620 810 1727 870 τοῦ
1774 808 1967 870 κοινοῦ
2011 804 2320 882 λαβόντες
2366 806 2569 883 ἄλλην

219 910 329 982 γῆν
387 906 660 982 οἰκήσειν.
732 907 814 973 Et
869 908 1151 995 primum
1203 910 1494 995 legitime
1543 909 1662 975 hoc
1709 909 1964 994 assequi
2013 907 2312 975 student:
2369 908 2570 977 facul·

219 1014 339 1076 tate
380 1009 630 1078 dicendi
685 1020 961 1079 utuntur
1010 1016 1213 1082 ut‘ad
1262 1016 1686 1100 magistratus
1730 1024 1794 1079 et
1842 1032 2112 1079 munera
2162 1014 2415 1100 publica
2468 1035 2569 1101 po·

219 1114 340 1201 puli
395 1115 702 1184 beneficio
764 1116 1160 1204 perveniant.
1243 1120 1358 1187 Sin
1422 1140 1528 1187 res
1592 1118 1755 1186 male
1814 1121 2235 1205 processerit,
2298 1120 2568 1187 alteram

215 1221 369 1287 viam
430 1223 658 1289 ineunt
720 1231 784 1291 et
852 1222 1207 1291 factionum
1269 1225 1467 1292 duces
1529 1226 1837 1290 existunt.
1916 1223 2032 1307 His
2096 1223 2253 1289 nihil
2321 1225 2569 1300 verius,

218 1324 362 1392 nihil
406 1325 733 1395 intellectu
782 1327 1060 1399 facilius.
1135 1328 1259 1396 Sed
1307 1328 1628 1416 quomodo
1674 1331 1703 1395 ὃ
1748 1329 1875 1395 ἀπὸ
1922 1334 2029 1395 τοῦ
2074 1335 2264 1396 κοινοῦ
2311 1330 2568 1408 λαβών,

215 1432 314 1517 qui
374 1431 437 1498 id
494 1432 705 1520 ipsum
768 1435 938 1521 quod
964 1434 1336 1522 ‘quaerebat
1381 1443 1720 1503 assecutus
1765 1443 1864 1501 est
1909 1436 1978 1500 οὐ
2023 1438 2397 1517 κατορθῶσαι
2442 1435 2569 1501 diei

213 1536 447 1623 potest?
534 1538 678 1605 Erit
736 1537 1007 1608 sortasse
1067 1542 1181 1627 qui
1249 1539 1631 1627 respondeat
1693 1538 1830 1606 fieri
1881 1558 2063 1625 posse
2112 1549 2184 1606 ut
2230 1549 2570 1627 postquam

212 1639 377 1709 dives
431 1642 647 1710 sactus
711 1646 798 1711 sit
861 1665 898 1711 a
959 1646 1285 1712 contraria
1347 1645 1628 1713 factione
1674 1648 1739 1710 in
1790 1632 2148 1711 discrimen
2189 1645 2567 1713 adducatur.

213 1749 292 1814 At
347 1749 473 1815 nisi
540 1749 630 1815 illi
695 1752 967 1817 vicerint
1029 1750 1208 1819 nulla
1263 1760 1363 1818 est
1408 1770 1604 1817 causa
1653 1769 1773 1817 cur
1819 1749 2165 1817 adiicietur
2209 1754 2300 1829 μὴ
2350 1775 2572 1833 κατορ-

212 1853 414 1926 θώσας.
501 1854 633 1921 Fac
693 1863 909 1921 autem
972 1876 1119 1923 eum
1182 1855 1262 1923 ab
1314 1855 1703 1923 adversariis
1749 1873 2125 1941 oppressum
2173 1873 2350 1932 esse.
2415 1858 2568 1941 quid

210 1957 323 2025 sihi
368 1959 595 2026 volunt
639 1960 747 2027 illa
794 1964 988 2028 οἴεται
1035 1962 1163 2029 ἀπὸ
1209 1967 1317 2028 τοῦ
1366 1965 1558 2029 κοινοῦ
1605 1961 1823 2040 λαβὼν
1866 1958 2069 2036 ἄλλην
2115 1970 2233 2040 γῆν
2273 1963 2568 2038 clunium?

208 2065 296 2131 An
353 2084 579 2133 secum
635 2065 722 2132 ita
783 2066 1082 2153 reputat?
1148 2077 1515 2154 »postquam
1574 2066 1857 2153 laetioris
1918 2066 2161 2131 artibus
2203 2085 2349 2150 opes
2387 2087 2570 2153 pura-

206 2188 368 2248 cero,
408 2171 466 2237 si
498 2191 602 2237 me
624 2170 970 2236 adversarii
994 2173 1436 2258 oppresserint,
1484 2171 1674 2237 aliam
1702 2180 1935 2236 terrum
1960 2171 2326 2256 quaeram.”
2374 2172 2569 2257 Atqui

208 2270 316 2340 hoc
373 2286 439 2341 et
508 2295 623 2361 per
678 2295 747 2341 se
807 2275 1159 2342 absurdum
1222 2286 1320 2342 est
1360 2285 1428 2342 et
1477 2276 1542 2341 in
1591 2276 1864 2342 alterum
1915 2275 2137 2354 illum,
2188 2276 2299 2361 qui
2351 2277 2418 2342 ἐκ
2463 2282 2571 2342 τοῦ

207 2380 418 2447 πείθειν
466 2379 804 2458 lucratur,
850 2400 1115 2467 prorsus
1163 2399 1286 2446 non
1337 2380 1533 2448 cadit.
1610 2379 1922 2466 Utrosque
1960 2388 2176 2447 autem
2221 2379 2364 2447 ideo
2403 2401 2571 2447 com-

206 2492 517 2553 memorat
578 2482 846 2563 Orator,
926 2494 999 2552 ut
1057 2484 1351 2552 ostendat
1413 2505 1542 2554 uon
1599 2502 1741 2553 esse
1802 2504 2102 2571 magnam
2178 2487 2569 2572 potentiam,

205 2591 302 2656 cui
363 2609 551 2658 arma
599 2588 842 2656 illaturi
890 2592 1062 2667 sint,
1111 2610 1317 2676 neque
1364 2589 1604 2657 multos
1651 2610 1767 2677 pro
1817 2591 1942 2656 illis
1986 2590 2360 2656 civitatibus
2408 2599 2572 2657 tam-

204 2712 387 2779 quam
441 2714 561 2782 pro
607 2696 838 2779 patriis
883 2694 1324 2761 dimicaturos.
1398 2696 1521 2761 Hic
1571 2695 1775 2780 igitur
1817 2693 1996 2760 locus
2044 2694 2270 2759 vitium
2321 2703 2571 2760 contra·

204 2798 328 2877 xit,
392 2798 507 2865 sed
576 2800 805 2867 vitium
870 2799 1183 2867 eiusmodi
1246 2808 1343 2865 est
1402 2799 1570 2886 quod
1641 2807 1892 2866 mutato
1951 2799 2290 2866 verborum
2347 2797 2573 2865 ordine

198 2904 414 2971 statim
480 2901 765 2970 tollatur.
827 2901 897 2983 ὅ,
955 2929 1018 2971 τι
1078 2906 1131 2971 δ’
1193 2901 1413 2979 ἔκαε-ος
1474 2905 1509 2981 ἢ
1557 2904 1642 2994 ,ἐκ
1705 2909 1814 2970 τοῦ
1868 2904 2068 2982 λέγων
2111 2903 2338 2970 πείθειν
2382 2902 2571 2969 οἴεται

205 3007 237 3083 ἦ
278 3012 367 3089 μὴ
414 3009 807 3091 κατορθώσας
844 3008 1152 3089 ςασιῶζων
1191 3011 1317 3074 κτὲ.
1383 3008 1507 3074 Sed
1550 3017 1893 3094 antequam
1938 3006 2018 3073 ad
2060 3008 2323 3075 tertium
2360 3027 2571 3075 exem-

204 3111 373 3198 plum
426 3123 754 3182 transeam
798 3133 994 3198 grave
1037 3112 1270 3179 vulnus
1311 3113 1373 3178 in
1414 3114 1652 3178 vicinia
1694 3112 1983 3178 indicare
2024 3131 2254 3198 operae
2292 3113 2569 3197 pretium

198 3225 314 3285 est.
386 3218 687 3286 Indicare
750 3219 923 3295 dico,
988 3238 1135 3283 nam
1199 3217 1515 3284 eiusmodi
1577 3226 1674 3285 est
1737 3217 1906 3304 quod
1966 3218 2162 3284 semel
2213 3218 2572 3286 indicatum

200 3322 368 3391 nulla
429 3342 626 3409 opera
690 3324 905 3388 sanari
971 3322 1195 3409 possit.
1260 3321 1365 3390 καὶ
1430 3322 1620 3397 οὐδεὶς
1687 3323 1764 3388 δι’
1823 3324 1979 3389 αὐτὸ
2045 3322 2145 3409 (δι’
2190 3324 2360 3390 αὐτοὶ
2377 3323 2430 3411 ,7)
2492 3327 2570 3398 ὥς

201 3429 327 3508 περὶ
387 3428 618 3503 οἰκείας
683 3428 973 3509 πατρίδος
1036 3427 1174 3493 οὔτε
1237 3429 1324 3494 τὰ
1381 3429 1517 3509 περὶ
1579 3428 1650 3493 τὸ
1711 3435 1894 3506 σῶμα
1946 3425 2154 3502 ὅπλοις
2203 3429 2526 3509 ἐξήρτυται
2550 3478 2567 3507 ‚

198 3531 330 3599 οὔτε
389 3534 480 3599 τὰ
540 3534 602 3598 ἐν
663 3542 742 3616 τῇ
802 3532 976 3614 χώρᾳ
1037 3532 1314 3610 νομίμοις
1370 3541 1816 3606 κατασκευαῖς.
1887 3531 2053 3612 Quid
2118 3552 2233 3617 pro
2294 3534 2572 3610 νομίμοις

200 3635 609 3704 scribendum
673 3638 759 3704 sit
817 3636 1153 3725 discipulis
1214 3637 1376 3704 meis
1442 3635 1946 3725 Sydneiensibus
1988 3635 2271 3712 ostendi3
2321 3637 2571 3704 Manno·

200 3760 375 3808 stass
436 3742 787 3809 lectoribus
854 3742 1020 3808 idem
1085 3740 1296 3809 facere
1357 3762 1908 3828 supervacaneum
1973 3749 2144 3807 esset
2191 3741 2272 3830 ¹).
2343 3742 2437 3807 Ad
2493 3762 2570 3810 ea

200 3865 359 3931 qnae
418 3867 458 3914 e
519 3845 682 3913 libro
743 3847 850 3914 v1.
914 3832 1200 3912 2‘2—23.
1265 3845 1516 3912 laudavi
1585 3847 1912 3912 monuisse
1974 3844 2293 3924 sufficiat,
2353 3847 2568 3913 omnia

199 3969 358 4035 quae
404 3969 577 4017 nunc
630 3960 793 4018 tetra
840 3959 907 4017 et
954 3950 1351 4017 tenebricosa
1400 3960 1592 4027 sunt,
1659 3960 1729 4017 ut
1778 3950 1939 4017 nihil
1988 3969 2223 4038 supra,
2273 3958 2570 4037 transpo-

201 4053 339 4119 sitis
379 4054 624 4141 aliquot
672 4054 994 4121 vocabulis
1042 4054 1430 4122 nitidissima
1483 4055 1644 4121 fieri.
1718 4056 1917 4140 Lege:
1967 4056 2073 4122 καὶ
2116 4056 2285 4136 λόγῳ
2315 4055 2570 4134 aalma

198 4156 419 4237 ἕτοιμα
444 4157 621 4237 εἶναι,
647 4161 812 4236 πλήν
834 4184 913 4239 γε
938 4162 1085 4242 πρὸς
1107 4160 1179 4226 τὸ
1202 4161 1490 4240 μάχιμον
1513 4163 1712 4227 αὐτῶν
1736 4161 1804 4227 τὸ
1831 4160 2164 4228 ὁπλιτικόν.
2191 4161 2263 4237 ἣν
2285 4161 2413 4241 γὰρ
2435 4163 2565 4228 πετὲ.

268 4365 319 4424 ι)
352 4363 479 4427 Lug.
512 4371 776 4430 μονίμοις.
830 4370 1209 4421 Manneotai-:s
1244 4381 1526 4424 ιιοτοιιιο.
