2934 5050
1019 309 1400 361 »mmmmm
1449 312 1527 360 ιτ
1570 312 1825 361 αιιιτιαιι.
2526 301 2613 366 49

216 498 338 566 pro
405 479 657 568 vulgari
718 482 1096 550 ἀποκόπτειν
1160 483 1250 551 nil
1298 482 1534 550 attinet
1580 482 2047 553 demonstrare.
2138 484 2379 553 Eodem
2428 487 2615 555 modo

219 587 287 650 in
347 584 579 677 odyss.
628 599 720 656 M.
773 594 883 656 54.

496 697 547 761 εἰ
596 696 663 761 δέ
707 721 778 761 κε
824 697 1077 773 λίσσηοιι
1125 696 1374 778 ἑτάρους
1420 697 1616 764 λῦσαί
1659 722 1730 762 τε
1777 697 2039 781 κελεύῃς

494 804 548 867 οἱ
595 802 660 867 δέ
707 809 767 867 e·
814 801 902 869 ἔτι
952 803 1275 870 πλεόνεσσι
1322 803 1452 870 τότ’
1504 805 1567 869 ἐν
1613 805 1889 882 δεσμοῖσι
1938 804 2173 872 δεόντ
2193 829 2304 871 ων.

311 904 647 986 Quodnam
701 908 954 975 tandem
1002 918 1102 975 est
1152 913 1214 974 iu
1267 908 1368 974 his
1413 908 1625 976 verbis
1671 909 2185 998 interpolationis
2228 912 2322 978 vel
2365 911 2610 980 levissi-

216 1032 397 1077 mum
464 1015 860 1100 vestigium?
952 1016 1191 1081 Tamen
1254 1022 1436 1101 poeta
1491 1035 1613 1081 non
1662 1006 1767 1082 sic‘
1802 1017 2169 1094 cecinerat,
2222 1026 2293 1084 ut
2342 1020 2610 1106 antiqua

214 1116 297 1183 ad
369 1117 433 1184 b.
508 1118 548 1183 l.
625 1120 1153 1186 annotatiuncula
1214 1118 1614 1186 demonstrat
1677 1120 1867 1188 haec:
1932 1123 2304 1206 Ἀρίςωρχος
2370 1123 2606 1208 γράφει

216 1222 600 1291 διδόντων
660 1229 740 1299 ὥς
800 1226 1198 1294 τιθέντων.
1300 1227 1619 1292 Porsonus
1681 1248 1909 1294 verum
1979 1228 2161 1295 vidit.
2260 1229 2468 1319 »Lcye
2522 1232 2608 1297 δι-

214 1331 436 1397 δέντων
498 1352 532 1397 a
599 1332 827 1412 δίδημι.
933 1332 1387 1423 Imperfectum
1448 1333 1578 1408 δίδη
1640 1335 1774 1421 ipse
1835 1333 2148 1400 Homerus
2204 1346 2468 1425 usurpat
2531 1336 2602 1405 ll.

214 1448 301 1504 Α.
361 1440 561 1506 105.”

573 1546 746 1621 Ἴδης
794 1547 855 1611 ἐν
899 1555 1178 1624 κνημοῖσι
1227 1547 1402 1623 δι’δη
1449 1545 1742 1626 μόσχοισι
1784 1545 2084 1626 λύγοισιν.

310 1648 471 1730 Quis
532 1651 610 1716 ad
669 1652 834 1717 banc
892 1651 1101 1718 lucem
1171 1672 1300 1718 non
1360 1651 1546 1718 facile
1600 1652 2060 1720 animadvertit
2127 1653 2443 1733 similem,
2505 1653 2605 1723 vel

214 1756 433 1841 potius
479 1757 666 1844 plane
712 1756 1018 1836 eandem,
1068 1756 1624 1843 interpolationem
1674 1761 1738 1824 in
1780 1756 2007 1846 (Myse.
2062 1767 2155 1824 M.
2204 1762 2351 1826 196.

488 1863 736 1929 πλείοσί
779 1867 853 1942 μ’
896 1864 956 1929 ἐν
997 1865 1274 1942 δεσμοῖσι
1320 1863 1495 1931 δέον
1539 1863 1790 1943 μᾶλλόν
1833 1888 1904 1929 τε
1952 1863 2175 1945 πίεζον.

208 1967 346 2032 imo
408 1989 560 2035 vero
608 1971 670 2034 ἐν
715 1970 992 2048 δεσμοῖσι
1032 1969 1108 2035 δι’
1122 1969 1287 2046 δεν,
1340 1968 1402 2035 id
1453 1977 1549 2035 est
1598 1969 1872 2035 ἐδίδοσαν
1914 1972 1991 2043 ὦς
2038 1969 2258 2036 τίθεν
2304 1968 2443 2036 ἀντὶ
2488 1975 2598 2038 τοῦ

203 2075 529 2168 ἐτίθεσαν,
598 2084 666 2141 ut
729 2075 933 2142 solent
993 2083 1216 2162 poetae
1257 2076 1422 2162 epici
1469 2095 1607 2141 rem
1658 2074 1916 2140 eandem
1960 2075 2187 2143 iisdem
2235 2074 2447 2142 verbis
2496 2095 2595 2143 re-

201 2189 430 2267 petere
456 2232 472 2258 ,
535 2181 860 2248 πλεὸνεσσι
922 2182 1053 2249 τότ’
1115 2183 1178 2247 ἐν
1238 2183 1514 2260 δεσμοῖσι
1578 2181 1946 2248 διδέντων
2008 2191 2064 2246 et
2128 2182 2376 2249 πλείοσί
2416 2183 2489 2260 μ’
2535 2182 2598 2248 ἐν

199 2289 487 2366 δεσμοῖο-ι
547 2288 785 2355 δίδον.
881 2286 1202 2374 Antiquae
1256 2294 1579 2367 γλῶσσαι,
1641 2308 1802 2375 quas
1850 2308 1926 2354 ex
1974 2287 2164 2375 longo
2209 2288 2399 2354 exilio
2454 2297 2595 2354 tan-

198 2394 348 2461 dem
421 2395 482 2459 in
544 2413 731 2459 suam
790 2393 1007 2461 sedem
1059 2404 1391 2459 revocatas
1437 2393 1768 2470 videmuS,
1812 2393 2013 2460 latent
2063 2394 2126 2460 in
2179 2392 2587 2483 Hesychiana

196 2498 407 2578 λέξει,
468 2502 522 2567 si
591 2502 738 2587 quis
788 2503 992 2588 perita
1060 2519 1251 2566 manu
1318 2519 1393 2566 ex
1459 2499 1706 2568 vitiosis
1770 2507 1835 2567 et
1895 2498 2194 2568 absurdis
2241 2500 2589 2589 seripturis

200 2625 390 2671 veras
460 2606 693 2673 elicere
763 2616 992 2694 potest.
1091 2605 1326 2672 Editur
1394 2606 1564 2692 apud
1632 2606 2063 2697 Hesychium:
2133 2610 2589 2691 Ἀπολελεψει-

196 2711 381 2790 μένου
429 2712 913 2795 ἀποκειραμένου
959 2711 1532 2795 ἀπολελεψειμένου
1569 2713 1656 2779 τὰ
1697 2712 1890 2780 καλοὶ.
1963 2712 2185 2780 Nonne
2226 2713 2583 2781 meridiana

197 2818 343 2885 luce
391 2820 636 2885 clarius
682 2829 778 2886 est
824 2821 889 2884 in
936 2818 1036 2885 his
1082 2820 1381 2886 subesse:
1435 2817 1875 2899 Ἀπολεψέμεν
1917 2820 2122 2886 οὔασι-οι
2165 2818 2386 2886 nand?
2429 2839 2580 2886 cum

197 2925 737 3013 interpretatione
787 2927 1124 3006 οὶποκερεῖν.
1219 2924 1399 2991 Clare
1447 2923 1721 3012 pellucet
1772 2944 1921 2990 vera
1967 2933 2033 2991 et
2079 2926 2345 3011 antiqua
2390 2923 2585 2990 lectio

202 3052 271 3097 ex
325 3033 562 3098 misere
605 3032 930 3119 corruptis
971 3030 1292 3117 reliquii8‚
1336 3039 1399 3096 et
1440 3030 1620 3097 locus
1668 3030 1923 3096 Homeri
1968 3029 2295 3097 adbibitus
2322 3030 2419 3096 vel
2446 3050 2584 3117 per-

198 3138 600 3204 tinacissimo
667 3139 901 3224 cuique
958 3156 1287 3202 assensum
1353 3136 1780 3223 extorquebit.
1877 3136 2113 3202 Eodem
2168 3135 2354 3222 plane
2397 3134 2583 3202 modo

200 3244 393 3309 etiam
451 3244 731 3311 διδέντων
791 3252 855 3309 et
914 3243 1072 3310 δΙδεν
1120 3243 1184 3308 in
1238 3241 1643 3330 Hesychiana
1693 3239 2016 3328 farragine
2065 3242 2439 3316 abscondita
2487 3242 2582 3308 la.-

203 3358 355 3415 tent.
450 3349 1022 3417 circumferuntur
1084 3349 1147 3413 in
1215 3347 1322 3413 illa
1384 3346 1652 3414 confusa
1714 3358 1781 3414 et
1847 3346 2165 3434 indigesta
2231 3345 2396 3422 niele
2465 3347 2585 3416 hae

205 3453 478 3539 glossae:

749 3560 1168 3627 Διδείοοσιε
1224 3557 1609 3638 δεσμεύουσι.

747 3666 1018 3733 Δι’δειε
1069 3663 1377 3743 δεσμεύει.

750 3773 1073 3839 Ateste:
1126 3770 1380 3837 ἔδεισαν.

749 3879 1097 3957 Alanus:
1153 3876 1450 3956 δεσμεύω.

749 3984 1166 4050 Διδεῖνοιιε
1223 3984 1425 4058 δῆσαι.

749 4087 1176 4156 Διδόντων;
1225 4086 1662 4166 δεσμευὸντων.

296 4192 612 4259 Porsonus
677 4194 932 4262 Διδέοισι
979 4197 1260 4261 correxit
1308 4203 1373 4260 et
1412 4191 1818 4278 Xenophonti
1869 4188 2263 4257 reddendum
2315 4190 2584 4276 demon-

215 4298 431 4363 stravit
477 4299 542 4363 in
595 4298 867 4366 Anubem·
918 4300 990 4366 V.
1041 4301 1216 4366 VIII.
1268 4304 1373 4365 24.
1433 4299 1575 4369 τοὺς
1622 4298 1737 4374 μὲν
1783 4298 1909 4377 γὰρ
1957 4297 2145 4369 κύνοις
2186 4297 2327 4368 τοὺς
2371 4313 2582 4377 χωλε-

219 4402 356 4476 ποὺς
416 4404 533 4479 τὰς
594 4407 710 4484 μὲν
773 4405 1005 4489 ἡμέροις
1050 4404 1413 4482 διδὲοοσι,
1460 4402 1580 4475 τοὶς
1627 4404 1689 4470 δὲ
1737 4402 1967 4476 νύκτας
2015 4403 2301 4486 ἀφιᾶσιν.
2397 4400 2577 4469 Idem

2232 4509 2265 4553 4
