2934 5050
391 277 521 340 290
1184 291 1495 341 nucinum
1544 293 1616 341 s‘r
1663 294 1972 343 ructante.

394 466 588 553 (nque
645 480 749 526 me
798 459 1140 546 habeam'’)
1189 469 1253 527 et
1301 459 1409 527 vt.
1466 465 1549 527 16
1613 462 1789 550 (mni
1837 462 2152 549 neque”),
2197 472 2265 531 et
2310 466 2600 532 invenies
2638 463 2735 529 ali·

388 570 546 660 quid
588 587 736 635 vere
777 566 1177 644 Romanum,
1227 586 1347 631 non
1387 574 1692 633 extranea
1732 566 2027 637 doctrina
2068 567 2383 647 tinctum,
2430 569 2601 655 quod
2633 587 2739 655 que

393 677 607 747 rarius
668 681 800 748 est,
859 690 934 739 eo
993 669 1201 758 pluris
1247 668 1637 739 faciendum.
1710 671 2126 741 Familiarem
2172 692 2539 741 sermonem
2586 673 2740 741 duris

391 779 663 851 subinde
710 775 1004 845 versibus
1048 783 1112 841 et
1160 794 1495 851 sermone,
1549 795 1742 862 quem
1787 776 2032 843 cultius
2078 796 2311 845 aevum
2361 782 2741 866 Augusteum

391 883 897 973 aspernabatur,
964 879 1194 947 maluit
1236 881 1632 966 exprimere,
1691 901 1887 967 quam
1936 890 2227 951 tornatos
2275 902 2506 957 versus
2551 894 2615 951 et
2656 903 2741 951 ur·

394 993 624 1059 hanam
673 987 1057 1074 elegantiam
1103 984 1371 1070 legenda
1417 1004 1795 1073 proponere.

478 1098 658 1165 Inter
729 1090 1052 1161 Gerlachii
1110 1099 1174 1159 et
1220 1089 1508 1163 Muelleri
1556 1088 1899 1159 editionem
1953 1100 2205 1162 tantum
2254 1093 2527 1163 interest
2572 1112 2743 1181 quatt-

392 1213 533 1269 tum
597 1202 769 1269 inter
825 1195 1235 1267 subitaneum
1285 1193 1565 1261 laborem
1613 1203 1679 1261 et
1725 1193 2100 1282 diligentem
2148 1199 2617 1269 recensionem.
2678 1197 2747 1265 Et

394 1304 738 1391 magnifice
794 1300 1125 1388 praedicat
1169 1297 1545 1367 Muellerus:
1613 1319 1880 1369 »novem
1924 1321 2243 1371 annorum
2296 1322 2549 1382 moraS,
2610 1322 2749 1390 quas

388 1411 639 1479 ‚sanxit
694 1408 907 1493 operi,
954 1404 1126 1492 quod
1173 1424 1298 1471 non
1351 1403 1539 1470 modo
1589 1407 1947 1490 praesentis
1973 1407 2240 1484 aetatis,
2280 1408 2481 1477 etiam
2508 1406 2746 1477 futurae

392 1514 817 1604 »probaretur
864 1509 1164 1587 iudiciis,
1231 1508 1505 1577 Flaccus
1552 1508 1658 1576 ille
1709 1508 2076 1583 Venusinus
2133 1513 2481 1581 Auruncae
2521 1512 2747 1583 alumni

387 1618 755 1695 aemulus,
818 1634 1127 1703 aequasse
1184 1613 1303 1703 (se)
1353 1623 1548 1702 atque
1597 1613 1756 1682 adeo
1801 1618 2212 1702 superasse.”
2283 1615 2411 1687 Sed
2461 1636 2615 1689 cum
2659 1616 2749 1687 iun

387 1727 697 1795 diuturna
760 1722 989 1791 horum
1051 1719 1565 1805 fragmentorum
1613 1723 2076 1789 commentatio
2123 1740 2433 1808 magnum
2480 1721 2749 1791 fructum

388 1832 654 1907 tulerit,
709 1836 934 1895 eontra
972 1823 1142 1895 haud
1187 1825 1321 1890 scio
1355 1844 1437 1890 an
1474 1824 1696 1893 eadem
1739 1824 1998 1911 aliquod
2032 1825 2517 1897 incommodum
2562 1837 2752 1897 traxe·

391 1938 501 2004 rit.
576 1934 837 2003 Scilicet
905 1930 1091 2015 longa
1155 1928 1571 1996 meditatione
1636 1938 1699 1996 et
1766 1931 2155 2001 tractatione
2216 1931 2585 2001 eorundum
2634 1951 2751 1999 ver·

393 2060 583 2108 suum
637 2038 708 2109 fit
741 2046 809 2105 ut
849 2034 1105 2103 tandem
1155 2033 1318 2106 dura
1367 2041 1432 2100 et
1480 2035 1707 2101 vitiosa
1756 2036 1973 2102 minus
2018 2034 2353 2103 offensioni
2401 2037 2578 2116 sint,
2626 2046 2753 2104 tau·

392 2147 665 2230 demque
714 2142 1032 2228 patienter
1080 2137 1374 2204 ferantur
1413 2158 1527 2213 ea,
1575 2158 1769 2224 quae,
1820 2141 1876 2205 si
1924 2141 2280 2211 auctoritas
2312 2140 2604 2221 abesset,
2642 2160 2753 2211 non

389 2250 845 2316 tolerarentur.
944 2246 1151 2329 Atque
1216 2243 1373 2313 haec
1437 2264 1540 2310 res
1601 2246 1895 2311 omnium
1964 2245 2321 2313 diffieilima
2385 2250 2601 2317 estin
2646 2248 2752 2315 hoo

393 2360 815 2440 argumento,
864 2349 1035 2437 quod
1083 2350 1147 2413 in
1200 2351 1523 2436 paucitate
1567 2347 2075 2435 fragmentorum
2122 2362 2186 2417 et
2220 2354 2753 2439 proprietateser*

391 2459 602 2526 monis
649 2454 1000 2532 Luciliani‚
1048 2453 1299 2520 diversa
1341 2453 1447 2519 illa
1495 2453 1576 2521 ab
1619 2453 1970 2521 Horatiano
2014 2475 2288 2542 genere,
2327 2477 2521 2547 saepe
2543 2476 2753 2526 norma

393 2563 571 2631 deest
618 2571 681 2628 et
729 2562 1041 2638 amussis,
1087 2557 1167 2624 ad
1215 2578 1408 2646 quam
1458 2559 1715 2645 singula
1761 2562 2126 2645 exigamus:
2172 2581 2364 2651 saepe
2400 2563 2579 2632 dubii
2616 2564 2757 2630 hae·

390 2688 641 2743 remuS,
695 2675 915 2733 utrum
964 2664 1210 2728 librarii
1260 2683 1374 2729 nos
1418 2663 1680 2741 ludant,
1743 2684 1825 2734 an
1885 2665 2172 2736 Lucilius
2214 2666 2364 2753 plus
2398 2668 2526 2738 sibi
2571 2668 2754 2738 liber·

389 2774 545 2840 tatis
602 2770 945 2847 sumserit,
1007 2788 1202 2855 quam
1251 2768 1396 2836 aliis
1449 2771 1884 2854 permittatur.
1956 2770 2302 2842 Muellerus
2351 2773 2539 2840 nobis
2579 2792 2759 2859 saepe

393 2878 594 2946 nimia
643 2873 886 2942 Lucilio
934 2893 1050 2939 suo
1097 2874 1495 2940 concessisse
1540 2875 1720 2940 visus
1750 2884 1885 2952 est,
1933 2895 2135 2962 eaque
2182 2876 2559 2957 admisisse,
2603 2896 2758 2965 quae

393 2985 500 3049 vix
544 2990 656 3048 aut
704 2999 784 3046 ne
832 2979 932 3044 vix
982 2976 1240 3063 quidem
1291 2977 1749 3063 intellegantur
1795 2987 1908 3046 aut
1948 2990 2174 3047 contra
2214 3001 2579 3050 sermonem
2618 3001 2759 3070 pec·

392 3094 562 3154 cent.
636 3085 724 3151 De
784 3103 912 3169 quo
980 3102 1130 3152 cum
1193 3080 1505 3159 iudicium
1554 3083 1659 3151 hio
1707 3083 1836 3151 illic
1883 3104 2121 3171 anceps
2166 3087 2293 3164 sit,
2343 3086 2507 3156 illud
2554 3095 2759 3156 tamen

391 3188 765 3266 dolendum,
819 3187 988 3272 quod
1025 3186 1130 3252 illa
1174 3186 1550 3272 imperfecta
1595 3189 1933 3258 conamina
1974 3192 2040 3255 in
2082 3198 2459 3262 contextum
2492 3193 2759 3279 recepit.

390 3314 518 3382 quo
564 3291 733 3359 facto
779 3289 1158 3360 emendandi
1209 3293 1308 3359 via
1357 3291 1503 3360 aliis
1550 3295 1767 3364 minus
1815 3303 2039 3379 parata
2085 3304 2205 3362 est.
2254 3291 2755 3366 Disseetisenim

392 3402 457 3467 in
523 3397 933 3466 annotatione
993 3396 1218 3466 critica
1284 3395 1580 3466 versibus
1644 3399 1707 3462 in
1776 3397 2029 3482 singula
2078 3400 2427 3480 vocabula.
2485 3421 2559 3474 ea
2593 3419 2757 3488 quae

390 3505 538 3573 libri
620 3501 900 3570 offerunt
987 3520 1110 3570 non
1198 3500 1318 3568 sub
1389 3520 1518 3568 uno
1584 3512 1934 3589 conspeetu
2005 3507 2212 3590 posita
2282 3514 2463 3576 sunt.
2565 3507 2757 3576 Acce·

390 3611 487 3678 dit
549 3606 720 3696 quod
767 3605 992 3674 divisis
1051 3605 1533 3676 „testimoniis”
1583 3615 1642 3673 et
1700 3609 2052 3678 »varietate
2092 3609 2436 3682 lectionis”
2488 3631 2599 3684 neo
2643 3629 2759 3697 pet·

390 3712 645 3782 eosdem
709 3729 1010 3780 numeros
1073 3711 1349 3788 notatiS,
1417 3709 1606 3778 modo
1668 3710 1795 3782 huc
1859 3711 2047 3782 modo
2109 3713 2264 3781 illuc
2309 3736 2534 3788 errare
2572 3713 2759 3782 debet

391 3817 641 3886 oculus,
730 3815 885 3883 Mihi
936 3813 1138 3882 multo
1183 3815 1392 3900 magis
1434 3814 1769 3886 commoda
1820 3817 2076 3886 videtur
2117 3820 2285 3890 ratio
2322 3841 2521 3908 quam
2555 3819 2757 3888 secuti
2858 3841 2859 3854 ¹

393 3933 548 3991 sunt
606 3921 963 3992 Meinekius
1020 3929 1087 3987 et
1136 3919 1486 4006 Bergkius‚
1548 3941 1739 4006 quam
1787 3941 1955 4009 quae
1998 3922 2406 3994 Comieorum
2459 3924 2755 4010 Tragico·
2858 3899 2859 3986 Ῑ

391 4047 668 4114 rumque
728 4026 1146 4104 Latinorum,
1220 4025 1563 4102 Varronis,
1623 4026 1819 4094 Ennii
1879 4026 2263 4115 fragmentis
2306 4030 2587 4102 adhibita
2626 4037 2753 4098 est.
2858 4049 2859 4078 ¹

392 4132 513 4200 Vix
563 4131 788 4206 credo,
841 4129 1214 4200 Muellerum
1261 4131 1472 4216 ipsum
1499 4129 2003 4212 emendatione&
2030 4153 2192 4219 quas
2216 4138 2494 4223 recepit,
2537 4153 2757 4204 omnes
2858 4125 2859 4142 ¹

389 4244 601 4305 certas
646 4235 1100 4323 evidentesque
1148 4244 1407 4322 putare;
1455 4236 1536 4301 iis
1585 4235 1772 4314 lociS,
1822 4238 2087 4322 opinor,
2147 4237 2259 4306 ubi
2310 4240 2401 4306 nil
2450 4238 2753 4323 relinqui·-
2858 4297 2859 4304 ,

385 4350 495 4409 tur
533 4342 659 4409 nisi
696 4340 1032 4418 divinatio,
1063 4341 1485 4426 praestitisset
1518 4338 1823 4410 traditam
1850 4340 2216 4425 lectionem,
2246 4344 2346 4413 vel
2371 4365 2516 4416 cum
2548 4343 2747 4420 vitiis,
2858 4393 2859 4396 ,
