2934 5050
209 261 218 288 ⁸
333 271 463 336 330
999 290 1084 335 An
1131 287 1588 334 mrsonomm
1636 287 2026 334 rmrmffl.
2824 10 2888 350 d

331 456 686 522 Planudeas
733 459 915 520 unice
962 478 1177 533 veras,
1229 457 1408 521 velut
1454 461 1652 542 epigr.
1710 454 1872 529 130,
1925 455 2082 538 4sq.
2128 453 2381 532 ἄρατε
2420 454 2551 524 τοὺς
2592 454 2711 529 βό-

329 584 516 642 τρυας
562 562 678 627 ubi
724 561 996 641 αἴρετε
1044 563 1202 627 bene
1249 569 1459 626 servat
1506 560 1849 626 Planudea.

422 666 643 753 Epigr.
693 665 805 731 22.

423 770 655 836 Narrat
711 770 905 834 huius
961 765 1268 853 poematii
1315 773 1536 832 auctor
1580 766 1936 831 Pmmpus
1992 766 2527 828 Thessalonicen-eie
2567 787 2711 852 gra·

335 877 555 942 vidam
601 878 936 940 iuvencam
955 921 973 951 ,
1023 876 1088 938 in
1135 893 1208 938 eo
1254 893 1456 957 quum
1504 877 1667 936 esset
1702 879 1778 934 ut
1816 871 2057 935 Dianae
2096 869 2540 934 immolaretur
2574 891 2716 954 par-

335 983 588 1046 turiisse
607 1027 625 1057 ,
689 999 813 1063 quo
877 977 1314 1042 animadverso
1361 978 1660 1059 partubus
1698 976 2040 1059 praesidem
2086 977 2255 1038 deam
2283 976 2407 1059 fas
2452 997 2571 1037 nou
2607 976 2715 1036 du-

335 1087 490 1148 risse
517 1085 826 1167 parientes
871 1084 1238 1164 interficere,
1286 1105 1434 1166 quas
1480 1081 1753 1144 miserari
1797 1080 2099 1143 didicerit.
2158 1079 2415 1144 Ultima
2467 1085 2713 1155 autem,

335 1195 410 1254 ut
453 1189 642 1254 hodie
687 1188 1081 1263 scribuntur,
1132 1207 1283 1251 sana
1329 1207 1453 1251 non
1502 1206 1635 1250 esse
1679 1191 1855 1269 puto.
1924 1185 2156 1247 Editur
2201 1187 2412 1247 enim:

609 1295 644 1367 ἦ
692 1289 877 1367 θεός,
927 1291 1138 1355 ὠδίνων
1184 1290 1310 1370 γὰρ
1362 1291 1727 1365 ἐπίσκοπος,
1774 1288 1925 1353 οὐδ’
1974 1286 2357 1365 ἐδίκαζεν

697 1394 1026 1468 τικτούσας
1073 1395 1363 1471 κτείνειν,
1412 1387 1491 1466 ἃς
1538 1395 1729 1459 ἐλεεῖν
1776 1391 2041 1470 ἔμαθεν.

338 1501 463 1567 Sed
509 1499 765 1565 dederat
783 1547 802 1578 ,
849 1502 976 1565 nisi
1021 1499 1240 1577 fallor,
1295 1499 1672 1585 Philippus:

610 1605 747 1668 οὐκ
789 1605 1159 1671 ἐδικαίου
1208 1606 1363 1678 nrt„

429 1708 651 1794 Epigr.
699 1707 811 1773 26.

607 1812 822 1879 Ἐννέα
868 1813 982 1889 μὲν
1029 1812 1288 1883 Μούσας
1334 1812 1547 1889 μέγας
1599 1810 1902 1891 Οὐρανός,
1954 1809 2124 1875 ἐννέα
2174 1811 2227 1874 δ’
2276 1811 2546 1882 αὐτὰς

607 1924 772 1982 Γαῖα
817 1916 991 1982 τέκεν
1037 1917 1165 1981 κτὲ.

341 2005 556 2088 Oratio
602 2019 846 2088 Graeca
890 2024 1044 2098 erit,
1095 2024 1150 2085 si
1190 2022 1549 2108 scripseris:
1602 2018 1772 2085 ἐννέα
1818 2021 1870 2084 δ’
1918 2015 2176 2091 αὖτις.

427 2126 648 2214 Epigr.
701 2124 807 2191 72.

695 2231 962 2302 Εὔκολος
1010 2229 1338 2308 Ἑρμείας,
1386 2225 1430 2292 ὦ
1480 2227 1800 2305 ποιμένες,
1850 2231 1912 2293 ἐν
1954 2230 2017 2294 δὲ
2065 2227 2355 2306 γάλακτι

695 2336 926 2415 χαίρων
971 2333 1077 2397 καὶ
1127 2331 1332 2414 δρυΐνῳ
1375 2331 1980 2410 σπενδομένοις
2029 2335 2262 2411 μέλιτι.

337 2438 577 2505 Dubito
621 2459 781 2504 num
826 2440 985 2505 bene
1027 2442 1280 2523 recepta
1326 2439 1412 2501 sit
1457 2437 1739 2503 Heckeri
1782 2438 1937 2503 haec
1978 2438 2340 2503 emendatio
2379 2457 2495 2521 pro
2535 2436 2735 2503 libro-

337 2566 484 2610 rum
539 2544 811 2610 lectione
871 2544 1276 2619 σπενδόμε
1299 2566 1443 2616 νος.
1528 2542 1671 2629 Ipse
1714 2544 1885 2608 male
1932 2546 2067 2609 sine
2112 2542 2310 2607 dubio
2355 2544 2731 2608 σπένδεσθαι

337 2670 451 2736 pro
495 2649 768 2714 σπένδειν
828 2650 1158 2733 acceptum
1198 2647 1409 2712 voluit
1426 2694 1445 2725 ,
1507 2649 1616 2713 sed
1660 2648 1767 2713 vel
1812 2651 1868 2712 si
1915 2669 2063 2712 cum
2108 2648 2448 2712 Duebnero
2494 2648 2733 2714 habea-
2794 2720 2801 2729 ,

339 2760 478 2831 tur,
540 2759 616 2818 ut
671 2757 799 2830 est,
866 2772 980 2838 pro
1025 2755 1277 2836 passivo
1300 2800 1318 2830 ,
1376 2772 1503 2816 non
1549 2760 1717 2817 caret
1763 2752 2096 2818 offensione
2140 2755 2595 2837 participium,
2647 2753 2733 2817 ad

338 2858 622 2936 γάλακτι
669 2863 733 2923 et
774 2856 984 2935 μέλιτι
1032 2856 1230 2920 simu]
1273 2859 1594 2942 pertinens
1615 2904 1632 2934 ,
1680 2858 1805 2921 isto
1850 2855 1991 2920 loco
2038 2859 2342 2941 positum.
2392 2856 2525 2921 Nec
2570 2876 2729 2921 vero

339 2962 419 3027 ab
473 2964 731 3048 ingenio
791 2959 1019 3027 Graeci
1082 2963 1390 3025 sermonis
1447 2980 1701 3045 prorsus
1745 2960 2029 3025 alienum
2074 2959 2333 3024 videtur
2379 2959 2726 3037 σπένδομαι

340 3067 586 3131 dictum
631 3085 744 3150 pro
789 3064 1122 3129 σπένδεταί
1157 3087 1297 3141 μοι,
1332 3068 1485 3149 quia
1520 3067 1599 3131 ab
1636 3067 1898 3149 optimis
1922 3063 2335 3148 scriptoribus
2359 3061 2729 3144 φθονοῦμαι

338 3170 574 3234 dicitur
611 3191 724 3254 pro
770 3168 1108 3252 Φθονεῖταί
1150 3192 1289 3246 μοι,
1343 3174 1806 3250 κατηγοροῦμαι
1856 3169 2051 3253 (apud
2100 3171 2446 3252 sequior-es)
2472 3188 2589 3252 pro
2612 3194 2727 3232 κα·

336 3272 695 3353 ‘myoparoni
752 3296 889 3350 μου.
962 3273 1212 3340 Similis
1278 3281 1375 3340 est
1437 3296 1592 3339 usus
1650 3275 2060 3340 Passivorum
2107 3275 2524 3351 ἀμελεῖσθαι,
2592 3274 2727 3337 ἔτι·

338 3377 775 3454 βουλεύεσθαι,
847 3375 1243 3454 πιςεύεσθαι,
1315 3380 1682 3463 ἐπᾴδεσθαι,
1744 3377 2053 3455 aliorum,
2125 3378 2202 3442 de
2272 3379 2507 3462 quibus
2574 3379 2727 3444 vide

338 3481 655 3548 Matthiae
699 3482 734 3564 ᾖ
777 3480 908 3546 490
962 3502 1237 3568 gramm.
1287 3481 1424 3560 Gr„
1473 3487 1567 3548 ita
1611 3489 1687 3548 ut
1732 3503 1857 3547 non
1898 3485 1984 3546 sit
2030 3482 2399 3546 mirandum
2444 3504 2582 3548 sero
2626 3485 2725 3547 vi·

339 3592 598 3650 ventem
657 3591 910 3670 poetam
980 3587 1185 3652 dicere
1245 3590 1369 3653 sibi
1432 3590 1796 3672 permisisse
1862 3587 2030 3670 quod
2090 3592 2186 3651 est
2244 3589 2315 3650 in
2375 3587 2719 3653 codicibus.

340 3690 483 3755 Non
527 3692 742 3754 minus
787 3690 1022 3755 durum
1068 3712 1201 3756 esse
1246 3700 1404 3776 puto
1453 3693 1621 3777 quod
1663 3691 1943 3777 legimus
1987 3691 2159 3755 XVI.
2210 3689 2317 3755 36.
2368 3690 2445 3755 2:

793 3794 1122 3867 εἰκόνας
1171 3797 1399 3870 ἱλήκοις
1451 3798 1618 3875 δηρὸν
1666 3795 2225 3877 ὀφειλόμενος.

343 3896 577 3964 Contra
623 3898 1069 3983 corrigendum
1109 3906 1306 3987 puto:

1611 4003 1641 4068 ἔ
1658 4030 1686 4068 ν
1731 4029 1815 4069 τε
1864 4007 2148 4082 γάλακτι

835 4108 1069 4188 χαίρων
1116 4108 1220 4171 καὶ
1272 4108 1476 4188 δρυίνῳ
1522 4109 2070 4187 σπενδόμενος
2119 4109 2349 4186 μέλιτι.

435 4209 656 4297 Epigr.
709 4209 873 4289 139,
927 4212 968 4276 4
999 4233 1131 4298 sqq.

616 4315 988 4391 Ἠλεμοὶτοις
1042 4318 1249 4381 ἀκτῖσι
1298 4318 1694 4398 χαράσσεται
1742 4319 2018 4397 ὄμματος
2074 4320 2273 4394 αὐγή·
