2934 5050
663 1233 811 1323 AD
887 1234 1397 1325 PLATONIS
1472 1233 1974 1325 GORGIAM.

903 1575 1188 1627 sonn’slr
1236 1555 1308 1625 O.
1358 1556 1438 1625 G.
1490 1555 1724 1624 Com.

1026 1849 1607 1885 ψ

335 2088 607 2143 Pramus
639 2094 881 2144 Gonnus.

329 2174 486 2224 edidit
523 2173 582 2224 R.
619 2175 678 2225 B.
709 2174 979 2224 Huscmo.
1050 2173 1252 2223 Traiecti
1284 2174 1343 2222 nd
1377 2173 1615 2223 Rhenum.
1657 2172 1800 2225 1878.

225 2387 449 2478 Belegi
496 2412 701 2476 nuper
751 2390 1247 2478 diligentissime
1296 2390 1576 2470 Gor-qim
1617 2408 1821 2453 unum
1867 2408 1945 2453 ex
1987 2387 2510 2473 praeclarissimis

147 2490 414 2561 Platonis
459 2494 755 2584 Dialogis
801 2500 866 2562 et
913 2500 1290 2583 argumento
1331 2499 1400 2560 et
1443 2493 1680 2570 forma,
1727 2514 1843 2559 nec
1885 2494 2086 2559 miror
2127 2495 2194 2557 in
2242 2490 2512 2560 Graecia

141 2595 284 2663 olim
325 2600 528 2665 fuisse
572 2604 684 2685 qui
734 2601 1014 2682 Gor-qiam
1058 2599 1321 2684 reliquis
1365 2598 1662 2664 omnibus
1704 2597 1993 2664 Platonis
2038 2601 2290 2683 scriptis
2333 2602 2507 2662 ante-

143 2711 459 2784 ponerent,
509 2709 588 2770 ut
632 2708 815 2770 testis
859 2710 958 2770 est
1001 2704 1312 2769 Aristides
1355 2702 1537 2768 Tom.
1584 2702 1666 2766 Π.
1714 2724 1859 2790 pag.
1910 2702 1972 2766 6.
2020 2703 2134 2767 εἰσὶ
2183 2703 2239 2766 δ’
2287 2697 2340 2766 οἳ
2384 2704 2505 2764 τῶν

143 2793 455 2880 Πλᾶτωνος
503 2808 706 2887 λόγων
738 2815 856 2874 τῶν
886 2810 972 2883 εἷς
1006 2809 1252 2887 μνήμην
1288 2808 1551 2883 ἡκόντων
1590 2808 1837 2879 τούτους
1878 2807 2214 2887 (Goryiam)
2250 2804 2505 2883 μάλεςα

141 2911 558 2994 θαυμάζουσιν.

221 3015 447 3105 Relegi
507 3023 577 3083 et
635 3019 837 3102 ipsius
896 3017 1184 3083 Platonis
1243 3037 1431 3083 causa
1490 3023 1554 3082 et
1615 3016 1812 3081 simul
1873 3015 1954 3081 ad
1998 3013 2503 3103 cognoscendum

139 3121 278 3202 qnid
324 3143 496 3188 nova
539 3122 737 3187 editio
782 3122 1101 3188 attulisset
1144 3124 1317 3187 boni.

217 3223 509 3292 Plurima
553 3225 691 3291 vidi
740 3246 900 3310 quae
943 3227 1110 3292 mihi
1155 3228 1411 3314 egregie
1469 3225 1791 3312 placerent
1845 3231 1910 3290 et
1953 3227 2238 3311 impense
2282 3225 2504 3311 proba-

140 3334 366 3406 rentum
414 3329 636 3400 multa=
675 3329 752 3394 de
796 3329 1056 3417 linguae
1102 3332 1353 3396 Atticae
1395 3333 1637 3396 ratione
1675 3337 1739 3396 et
1775 3351 1897 3396 usu
1938 3330 2138 3415 deque
2173 3329 2506 3396 Platonica

142 3430 372 3498 dicendi
435 3434 895 3501 consuetudine
946 3421 1241 3499 'sollerter
1298 3439 1363 3498 et
1408 3438 1591 3500 acute
1637 3434 2075 3500 animadversa
2088 3454 2107 3513 3
2153 3434 2364 3500 multa
2406 3437 2501 3499 in-

140 3539 377 3618 geniose
422 3543 490 3604 et
538 3536 810 3603 feliciter
854 3537 1190 3606 emendata
1197 3558 1214 3614 ;
1263 3538 1504 3604 multas
1541 3537 1890 3605 Socraticas
1923 3540 2504 3625 argumentationes

83 3653 86 3658 '
141 3640 584 3727 circumspecto
630 3641 870 3707 iudicio
914 3640 1238 3726 expeditas
1254 3689 1271 3718 ,
1320 3648 1385 3708 et
1423 3644 1802 3728 praesertim
1842 3642 2238 3709 Platonicam
2276 3644 2502 3707 oratio-

140 3762 271 3807 nem
336 3747 578 3829 passim
639 3745 837 3810 fatuis
897 3752 963 3809 et
1021 3745 1279 3810 insulsis
1336 3747 1678 3820 sciolorum
1738 3747 2188 3813 additamentis
2244 3746 2502 3812 tandem

141 3855 545 3935 expurgatam
565 3897 582 3925 ,
629 3868 793 3933 quae
837 3847 1012 3913 labes
1056 3854 1122 3914 et
1163 3851 1332 3935 apud
1377 3850 1655 3936 reliquos
1690 3857 1937 3916 veteres
1981 3855 2047 3914 et
2084 3850 2253 3935 apud
2289 3849 2503 3917 Plato-

142 3970 272 4015 nem
335 3952 531 4039 longe
595 3952 792 4018 latius
860 3956 1087 4039 serpsit
1148 3974 1341 4038 quam
1399 3955 1686 4040 plerique
1744 3954 2009 4020 lectores
2068 3953 2172 4022 vel
2231 3953 2502 4021 editores

139 4056 483 4137 opinantur.

220 4156 438 4246 Itaque
505 4165 645 4248 cepi
714 4162 1051 4229 consilium
1121 4163 1234 4230 illa
1301 4184 1461 4249 quae
1527 4166 1694 4230 mihi
1754 4166 2038 4231 maxime
2095 4166 2164 4230 vi
2221 4169 2505 4249 repertae

143 4266 418 4330 veritatis
480 4266 794 4332 fei-iissent
853 4270 1143 4333 animum
1204 4289 1281 4333 ex
1342 4271 1606 4334 caeteris
1646 4289 1977 4354 excerpere
2020 4274 2085 4333 et
2129 4289 2277 4335 cum
2322 4267 2503 4335 Mne-

143 4385 426 4452 mosynes
472 4371 812 4436 lectoribus
870 4376 1371 4449 communicare,
1433 4392 1557 4457 quo
1619 4372 1830 4454 plures
1894 4372 1973 4437 ad
2018 4375 2223 4457 ipsam
2270 4392 2502 4437 novam

1762 4475 1785 4502 ⁸
2221 4478 2251 4523 8
