2934 5050
1215 313 1641 362 rnucrnmm.
2491 293 2624 363 293

236 500 379 548 λετο
443 493 566 555 τοῖς
630 484 863 562 ὀρεινοῖς
931 488 1323 561 „montuosis
1370 485 1527 551 locis
1570 507 1633 549 se
1678 483 1958 566 teqebat.”
2029 482 2153 550 Sed
2205 487 2463 573 egregie
2508 484 2623 549 fal·

232 590 454 655 luntur
499 593 609 677 qui
654 589 869 655 locum
915 592 984 655 in
1025 587 1269 677 Gorg-ia
1306 611 1455 677 pag.
1485 589 1636 656 511.
1662 607 1724 655 D.
1768 588 2051 656 similem
2085 592 2411 656 notionem
2443 610 2620 677 prae-

235 698 379 762 bere
424 700 548 762 rati
593 700 772 766 sunt:
818 716 969 761 nam
1015 696 1108 761 ibi
1156 699 1190 771 ἦ
1240 696 1643 775 κυβερνητική
1691 695 1928 762 dicitur
1972 715 2106 762 esse
2146 685 2612 777 προσεςαλμένη

234 803 334 866 καὶ
406 801 635 880 κοσμία
658 848 675 878 ,
735 801 975 888 ⁷quibus
1042 805 1383 888 opponitur
1437 804 1827 868 contrarium
1846 850 1863 880 ,
1933 802 2037 866 καὶ
2109 804 2175 869 οὐ
2246 801 2612 882 σεμνύνεται

234 907 774 990 rexnam-mmm.
826 905 1310 988 Σχηματίζεται
1348 911 1405 974 is
1427 910 1541 995 qui
1578 909 1867 996 gestibus
1909 914 1972 975 et
2006 909 2256 975 incessu
2277 909 2617 975 hominum

234 1015 448 1081 oculos
499 1017 571 1080 in
628 1035 695 1080 se
762 1017 1125 1082 convertere
1170 1020 1432 1081 conatur
1450 1060 1468 1091 ‚
1518 1016 1629 1100 qui
1674 1019 1891 1081 contra
1925 1014 2212 1082 modeste
2250 1015 2490 1081 incedit
2525 1039 2620 1081 κο-

235 1123 427 1199 σμίως
496 1120 762 1202 βαδίζει.
834 1118 1138 1206 Sequitur
1182 1126 1255 1185 ut
1301 1119 1502 1186 altera
1544 1140 1671 1186 vox
1716 1123 1777 1186 ei
1818 1123 2074 1207 propria
2116 1122 2201 1185 sit
2245 1115 2372 1195 ὅςις
2416 1122 2480 1187 οὐ
2524 1145 2619 1185 σε-

234 1228 545 1312 μνύνεται.
619 1227 849 1294 Errant
911 1229 1022 1313 qui
1086 1225 1162 1291 de
1208 1232 1504 1291 contracto
1549 1227 1766 1290 vestitu
1812 1229 2132 1293 somniant
2147 1274 2164 1304 ,
2226 1248 2341 1293 nec
2385 1229 2621 1294 melius

233 1336 455 1399 Astius
504 1335 868 1412 „adstrictus
913 1341 969 1398 et
1013 1354 1188 1397 sensu
1226 1332 1332 1418 qui
1368 1327 1596 1395 dit-itur
1634 1333 1851 1396 morali
1888 1332 2234 1397 modestus?
2281 1331 2421 1414 Qus
2443 1336 2617 1399 enim

232 1442 477 1506 ratione
522 1442 844 1505 adam-icam
887 1459 1000 1527 pro
1045 1440 1298 1504 modesto
1343 1439 1547 1525 accipi
1589 1444 1799 1525 potest
1818 1488 1834 1517 ,
1885 1445 1996 1505 aut
2041 1441 2300 1505 omnino
2347 1443 2619 1528 cogitari

235 1548 352 1611 nisi
420 1545 619 1611 simul
680 1566 830 1612 cum
891 1567 958 1612 re
1013 1547 1117 1611 cui
1172 1544 1404 1631 aliquis
1450 1542 1914 1632 adstringitur?
1982 1543 2160 1611 Haec
2204 1567 2311 1611 me
2355 1552 2618 1613 movent

235 1660 308 1717 ut
354 1652 822 1733 προσεςαλμένη
869 1651 1248 1717 mendosum
1296 1671 1428 1716 esse
1473 1652 1755 1737 suspicer
1797 1656 2020 1737 utpote
2074 1651 2243 1735 quod
2304 1653 2428 1716 nisi
2469 1673 2618 1718 casu

235 1747 535 1844 sequente
592 1778 671 1824 ne
730 1758 1013 1845 intelligi
1073 1758 1332 1844 quidem
1392 1759 1614 1843 possit.
1686 1753 1970 1823 Coniicio
2020 1756 2422 1836 ὑπεσαλμένη
2438 1807 2454 1833 ,
2519 1760 2617 1821 de-

235 1866 434 1929 missa.
506 1863 633 1929 Hic
690 1885 842 1930 vero
908 1863 1302 1942 προστέλλειν
1360 1864 1445 1928 τὰ
1509 1863 1725 1941 γυμνοὶ
1772 1873 1849 1945 τῇ
1894 1868 2004 1928 τοῦ
2051 1863 2616 1943 παρατεταγμένου

236 1971 453 2036 ἀσπίδι
522 1977 616 2036 est
675 1969 846 2036 latus
901 1970 1148 2036 nudum
1193 1971 1473 2056 proximi
1516 1969 1751 2034 militis
1793 1968 2017 2054 clypeo
2062 1971 2156 2032 ita
2202 1969 2507 2053 applicare
2551 1979 2619 2033 ut

237 2099 298 2141 eo
343 2083 599 2158 teqam.
630 2111 710 2123 —
746 2077 978 2148 Δείσας
1024 2076 1086 2140 δὲ
1125 2071 1322 2152 'Arte
1369 2077 1459 2152 μὴ
1506 2075 1681 2157 σφῷν
1726 2076 2001 2156 κυκλωθῇ
2049 2077 2119 2138 τὸ
2166 2074 2465 2150 εὐώνυμον
2511 2076 2616 2140 καὶ

237 2184 498 2262 νομίσας·
560 2180 731 2261 ἄγαν
793 2181 1103 2264 περιέχειν
1147 2181 1288 2253 τοὺς
1336 2181 1691 2253 Μαντινέας
1742 2181 1870 2246 κτὲ.
1941 2178 2081 2247 Iam
2127 2179 2374 2246 dixerat
2421 2184 2619 2261 περιέ-

236 2314 393 2372 σχον
457 2290 510 2354 οἱ
575 2297 894 2364 Μαντινῆς
952 2288 1112 2354 πολὺ
1173 2290 1256 2368 τῷ
1321 2288 1465 2372 κέρᾳ
1528 2290 1646 2353 τῶν
1694 2292 2019 2367 Σκιριτῶν,
2081 2308 2283 2373 neque
2329 2293 2466 2353 erat
2509 2309 2622 2355 cur

234 2395 408 2463 idem
455 2397 693 2461 iterum
748 2400 1046 2461 narraret.
1133 2397 1221 2460 At
1266 2395 1439 2460 enim
1485 2413 1742 2460 causam
1789 2393 2012 2460 adiicit
2026 2441 2044 2472 ,
2094 2414 2207 2459 cur
2254 2395 2415 2481 Agis
2460 2398 2618 2461 veri-

237 2507 340 2568 tus
400 2503 491 2568 sit
552 2521 632 2569 ne
678 2502 1194 2569 circumdaretur.
1265 2498 1393 2567 Sed
1436 2501 1649 2568 obstat
1697 2500 1806 2566 xx!
1851 2507 1917 2567 et
1959 2520 2072 2587 pro
2118 2500 2373 2579 νομίσας
2422 2503 2621 2583 περιέ-

235 2633 374 2691 χειν
442 2610 792 2693 scripsisset
851 2616 1018 2675 certe
1079 2610 1219 2690 ὀρῶν
1265 2606 1667 2689 περιέχοντας
1689 2657 1703 2682 .
1750 2607 1857 2675 vel
1898 2610 2113 2694 potius
2160 2608 2617 2689 περιίσχοντας.

240 2717 592 2795 Περιίσχειν
632 2714 901 2780 verbum
938 2712 1430 2802 Thucydideum
1468 2717 1564 2779 est
1584 2733 1699 2798 pro
1721 2732 1847 2798 quo
1867 2714 1936 2777 in
1957 2733 2024 2779 re
2045 2711 2249 2778 simili
2272 2713 2622 2799 Xenophon

242 2820 567 2903 ὑπερέχειν
603 2819 815 2885 habet.
865 2819 944 2885 cf.
995 2819 1068 2885 V.
1121 2819 1182 2886 7.
1230 2818 1618 2901 περισχήσων
1641 2824 1705 2884 et
1731 2815 1838 2884 71.
1864 2817 2263 2898 περιίσχουσι.
2315 2817 2488 2885 Infra
2512 2817 2618 2884 73.

239 2928 320 3008 τῷ
360 2926 742 3008 περιίσχοντι
775 2926 1154 3012 scripserim.
1205 2926 1361 2993 Mox
1400 2924 1645 3014 legitur
1666 2925 2116 3004 παρήγγελλεν
2138 2921 2267 2987 ἀπὸ
2291 2930 2398 2989 τοῦ
2425 2922 2621 3002 δεξιοῦ

240 3032 420 3112 κέρως
473 3031 575 3097 δύο
621 3032 847 3112 λόχους
895 3039 1012 3099 τῶν
1049 3030 1467 3113 πολεμάρχων
1506 3028 1853 3113 Ἰππονοίδα
1892 3028 2000 3095 καὶ
2042 3030 2390 3109 ’Λρις-οκλεῒ
2407 3028 2619 3110 ἔχουσι

238 3140 564 3221 παρελθεῖν
600 3139 728 3203 κτὲ.
776 3136 848 3204 si
872 3159 1024 3205 sana
1044 3144 1143 3205 est
1162 3136 1354 3204 lectio
1376 3144 1494 3203 τῶν
1518 3136 1935 3215 πολεμάρχων
1958 3134 2303 3220 Ἱππονοίόα
2329 3135 2433 3200 καὶ
2460 3139 2619 3217 Ἀρι-

237 3252 455 3314 ςοκλεῒ
471 3244 849 3311 vertendum
876 3247 999 3310 erit
1042 3243 1529 3330 „Hipponoidae
1564 3248 1630 3309 et
1665 3240 1966 3309 Aristocli
2003 3242 2109 3328 qui
2152 3264 2224 3307 eoe
2242 3265 2484 3308 numero
2506 3249 2623 3308 τῶν

236 3349 657 3433 πολεμάρχων
718 3349 943 3415 erant?
1023 3348 1149 3416 Sed
1209 3350 1366 3435 quid
1424 3350 1551 3415 duo
1610 3347 2002 3434 polemarchi
2046 3350 2114 3413 in
2161 3348 2381 3414 dextro
2428 3368 2621 3415 cornu

239 3458 518 3546 agebant
563 3457 678 3522 ubi
721 3458 911 3542 pauci
956 3462 1210 3522 tantum
1260 3457 1905 3522 Lacedaemoniorum
1951 3456 2200 3518 stetisse
2246 3451 2624 3520 narrantur?

240 3570 305 3629 et
349 3584 467 3629 cur
509 3561 780 3628 dimidio
815 3565 1009 3629 unius
1044 3583 1260 3628 morae
1302 3562 1460 3629 duos
1496 3564 1670 3627 viros
1707 3558 2072 3646 praeficeret
2090 3607 2107 3637 ,
2157 3579 2430 3648 quorum
2457 3565 2627 3626 uter-

237 3691 358 3757 que
421 3690 606 3735 suam
664 3687 914 3736 moram
975 3666 1286 3736 ducebat?
1348 3670 1450 3735 An
1511 3687 1742 3734 nomen
1803 3685 2049 3744 morae,
2122 3665 2201 3731 ad
2262 3686 2454 3751 quam
2501 3665 2626 3738 duo

235 3775 409 3842 lochi
475 3774 911 3861 pertinebant,
954 3777 1265 3861 primum
1336 3796 1374 3840 a
1431 3774 1640 3839 scriba
1699 3769 2134 3859 negligentius
2194 3771 2579 3856 descriptum
2603 3819 2619 3848 ‚

240 3880 468 3946 deinde
513 3883 582 3944 in
627 3879 1046 3960 πολεμάρχων
1091 3884 1421 3946 mutatum
1469 3875 1608 3944 est?

329 3985 407 4050 V.
460 3984 566 4051 72.
615 3985 922 4052 Perversa
966 3986 1370 4052 distinctione
1416 3983 1711 4050 effectum
1752 3987 1849 4047 est
1884 3987 1959 4067 ut
2000 3986 2199 4049 oratio
2238 4003 2351 4068 per
2385 4002 2453 4047 se
2487 4002 2617 4068 per·

241 4095 464 4177 spicua
506 4091 809 4158 lectorem
853 4090 1234 4158 ludificetur.

333 4196 568 4263 Sensus
626 4198 733 4264 hic
792 4204 922 4263 est:
985 4199 1088 4262 καὶ
1151 4195 1554 4267 κελεύσαντος
1606 4197 1796 4259 αὐτοῦ
1847 4194 1947 4258 ἐπὶ
1997 4193 2135 4264 τοὺς
2187 4193 2477 4273 Σκιρίτας
2532 4195 2620 4280 (h.

243 4325 296 4371 e.
347 4303 714 4383 πέμψαντος
777 4304 966 4370 αὑτοῦ
1022 4304 1120 4369 ἐπὶ
1169 4302 1310 4376 τοὺς
1363 4304 1655 4383 Σκιρίτας
1701 4302 1805 4366 τὸν
1854 4302 2251 4388 κελεύσοντα)
2303 4300 2496 4366 πάλιν
2543 4296 2623 4367 αὖ
