2934 5050
1242 326 1252 331 -
1270 292 1473 340 uma.
2482 274 2571 339 69

290 462 501 546 Διὶ-0.
552 461 629 529 fr.
681 460 792 529 ΙΙΙ.
841 461 959 549 Ep.
1013 467 1083 540 1,
1137 465 1240 527 18.

284 570 491 652 Quod
565 570 978 636 interiore
1046 565 1412 655 epistola
1485 563 1805 631 scribis
1875 583 1993 631 me
2064 563 2268 632 Idib.
2344 564 2564 653 Sept.

212 674 563 762 Pompeio
624 674 993 760 legatum
1060 673 1208 749 iri,
1276 672 1349 738 id
1414 691 1560 757 ego
1610 692 1759 737 non
1812 668 2119 737 audivi.
2218 671 2338 752 Qui
2386 671 2568 739 locus

208 790 302 845 aut
344 800 504 867 quae
553 799 705 867 pars
751 779 1054 867 epistolae
1106 780 1484 845 interior
1532 777 1889 865 appelletur
1924 776 2173 844 discere
2223 780 2565 865 pervelim,

210 905 332 950 nam
375 890 435 951 iu
476 885 894 972 epistolarum
949 885 1130 971 copia
1182 904 1347 970 quae
1395 895 1688 972 superest
1740 904 2057 970 nusquam
2109 904 2566 951 commemora·

206 1001 314 1057 tur.
402 992 575 1060 Satis
638 1001 860 1058 notum
926 1004 1024 1057 est
1089 991 1409 1056 ttomanos
1472 992 1734 1069 crebro,
1799 993 1851 1056 si
1901 1008 2064 1077 quas
2112 990 2362 1058 litteras
2422 1010 2566 1079 per·

202 1098 619 1183 scripsissent,
672 1097 1045 1184 deposuisse
1091 1095 1418 1172 chartam,
1445 1096 1598 1163 dum
1629 1109 1738 1163 aut
1766 1100 1888 1185 ipsi
1916 1099 2223 1170 haberent
2250 1112 2358 1169 aut
2391 1124 2565 1190 prae·

204 1202 400 1270 herent
457 1207 652 1272 antici
706 1203 1020 1271 tabellarii
1077 1202 1445 1270 facultatem
1498 1206 1607 1290 qui
1659 1204 1993 1291 perferret.
2090 1207 2157 1277 Si
2208 1209 2364 1296 quid
2416 1209 2562 1274 novi

202 1309 435 1376 interim
462 1310 844 1389 accidisset,
872 1309 1165 1376 chartam
1196 1312 1561 1396 repetebant
1596 1310 1785 1398 idque
1812 1311 1980 1378 infra
2006 1314 2367 1381 adiciebant
2396 1314 2566 1404 (vide

200 1435 248 1482 e.
303 1438 360 1503 g.
422 1416 619 1483 buius
677 1415 985 1504 epistolae
1054 1419 1088 1501 §
1172 1421 1294 1493 17,
1377 1420 1486 1491 19,
1540 1418 1675 1503 25).
1770 1416 1865 1482 lta
1917 1419 1980 1483 in
2031 1438 2226 1502 unam
2274 1420 2564 1487 chartam

201 1522 608 1610 complurium
657 1522 913 1587 dierum
959 1521 1449 1589 coniciebantur
1491 1520 1777 1599 litterae,
1816 1542 1978 1609 quae
2017 1545 2165 1590 cuin
2196 1546 2322 1612 quo
2348 1544 2565 1592 receu-

202 1628 374 1694 tiores
418 1638 636 1694 essent
678 1648 756 1694 eo
795 1625 1163 1692 inferiorem
1199 1626 1409 1692 locum
1437 1626 1836 1706 obtinerent,
1867 1632 1927 1695 in
1974 1632 2413 1718 superiore
2453 1640 2568 1698 aut

203 1732 255 1797 in
314 1734 725 1801 inferiore
785 1731 1055 1819 epistola
1115 1734 1395 1820 scriptae
1458 1745 1645 1799 erant
1730 1735 2262 1823 Superiorem
2326 1736 2565 1824 episto-

200 1836 308 1904 lam
364 1839 615 1906 dabunt
677 1839 795 1926 Ep.
859 1837 940 1904 ad
1016 1839 1192 1904 Fam.
1264 1838 1323 1914 1;
1370 1843 1411 1905 9
1467 1843 1594 1917 26,
1660 1850 1723 1905 et
1786 1842 1860 1906 ad
1928 1841 1999 1922 Q.
2062 1842 2141 1909 l'r.
2193 1842 2301 1909 nt.
2354 1847 2434 1921 8,
2494 1852 2562 1921 l,

202 1942 715 2022 inferiorem,
765 1945 820 2011 si
873 1953 1046 2012 recte
1095 1945 1264 2025 vidi,
1316 1945 1495 2012 locus
1545 1954 1783 2013 noster.

276 2156 388 2223 Ad.
441 2158 518 2238 Q.
570 2156 648 2222 l'r.
702 2156 810 2223 ΙΙΙ.
863 2158 976 2245 Ep.
1027 2163 1096 2236 9,
1148 2162 1213 2224 2.

270 2260 411 2327 nilo
474 2262 543 2328 in
613 2283 792 2348 spem
841 2262 1215 2329 consulatus
1260 2270 1477 2329 tantos
1526 2272 1783 2329 sumtus
1830 2263 2143 2343 faciebat,
2196 2275 2266 2332 ut
2307 2265 2388 2333 de
2425 2269 2569 2335 eius

197 2386 255 2433 re
288 2365 596 2435 familiari
620 2369 843 2435 Cicero
869 2371 1146 2435 timeret.
1197 2372 1274 2435 ‘O
1315 2370 1390 2435 δὲ
1427 2370 1815 2447 μαίνεται
1856 2373 1986 2437 οὐκ
2028 2369 2143 2437 ἔτ’
2180 2373 2566 2454 ἀνεκτῶς,

199 2474 427 2562 iuquit,
494 2475 633 2561 qui
684 2474 926 2542 ludos
999 2475 1097 2542 HS
1169 2474 1340 2542 ccc!
1403 2485 1849 2564 comparet.
1944 2476 2208 2545 Cuius
2271 2479 2348 2548 in
2424 2477 2568 2546 boc

203 2601 330 2647 uno
366 2580 819 2648 considera
846 2583 1017 2648 ntia
1042 2589 1216 2648 met
1254 2602 1398 2667 ego
1427 2583 1868 2649 sustinebo
1897 2592 1978 2649 ut
2006 2595 2334 2671 potero,
2374 2594 2501 2674 ett
2527 2607 2566 2652 u

203 2695 274 2752 ut
319 2690 775 2773 possis-est
821 2695 1159 2753 tuorum
1210 2708 1674 2754 nervorum.
1723 2689 2046 2755 Numerus
2098 2691 2406 2776 pecuniae
2454 2711 2566 2778 per

199 2789 479 2860 librarios
518 2793 853 2870 incertus,
891 2794 1002 2859 sed
1053 2795 1193 2861 sine
1238 2794 1430 2859 dubio
1456 2795 1813 2860 immensus
1837 2814 2030 2882 supra
2061 2816 2300 2862 morem
2340 2804 2407 2863 et
2435 2816 2562 2863 mo·

202 2897 360 2968 dum.
410 2901 639 2965 Cetera
682 2899 963 2966 nondum
1011 2901 1096 2965 ita
1136 2899 1458 2966 illustrata
1491 2899 1654 2979 vidi,
1687 2911 1756 2966 ut
1786 2900 2185 2986 intelligatur
2211 2899 2363 2987 quid
2395 2902 2569 2968 Mar·

204 3024 300 3070 eus
343 3026 413 3072 se
464 3005 789 3072 facturum
841 3005 1118 3083 scribat,
1163 3014 1277 3072 aut
1314 3025 1348 3070 a
1377 3005 1601 3071 fratris
1627 3007 2148 3093 nervisexpectet
2182 3014 2251 3071 ut
2278 3007 2331 3071 is
2354 3004 2566 3074 facere

204 3112 402 3194 possit.
503 3110 665 3177 Nam
715 3110 1023 3177 librorum
1076 3111 1833 3189 considerantiam,
1880 3111 2047 3200 quod
2097 3133 2132 3178 a
2167 3113 2325 3179 viris
2362 3112 2568 3181 doctis

205 3216 600 3299 probabiliter
650 3217 715 3282 in
767 3217 1012 3283 incon
1034 3218 1309 3283 sidera
1339 3219 1593 3284 utiam
1644 3219 2033 3304 rescriptum
2057 3216 2571 3306 est,locopepu-

204 3318 340 3389 lisso
380 3321 699 3390 Graecum
727 3322 1105 3390 vocabulum
1134 3324 1301 3410 quod
1329 3323 1556 3391 Cicero
1585 3326 1940 3408 posuisset,
1967 3324 2132 3389 baud
2163 3332 2404 3391 temere
2427 3345 2571 3391 sus-

206 3428 442 3512 picatur
506 3427 806 3496 Orellius.
902 3429 972 3494 ln
1036 3449 1164 3517 quo
1226 3429 1625 3496 restituendo
1677 3432 1763 3496 ita
1811 3428 2072 3494 demum
2118 3432 2278 3495 artis
2324 3428 2573 3515 legibus

208 3533 590 3601 satisfactum
639 3534 799 3611 erit,
848 3535 900 3599 si
953 3533 1333 3601 vocabulum
1385 3537 1781 3622 reperietur,
1833 3535 1997 3620 quod
2031 3548 2092 3601 et
2119 3534 2197 3600 ad
2229 3536 2426 3600 totius
2451 3532 2568 3601 loci

210 3643 572 3708 senteutiam
621 3641 709 3705 ita
746 3641 828 3705 sit
858 3640 1410 3707 accommodatum
1433 3691 1451 3716 ‚
1481 3649 1551 3706 ut
1571 3641 1765 3706 simul
1793 3649 2093 3727 appareat
2123 3659 2248 3727 qua
2276 3640 2353 3706 de
2378 3661 2572 3707 causa

210 3743 409 3813 Cicero
468 3747 787 3813 Graecum
829 3746 1206 3812 vocabulum
1256 3747 1488 3813 Latino
1537 3746 1952 3833 praetulerit,
2001 3753 2067 3811 et
2113 3745 2281 3831 quod
2327 3745 2573 3831 signifi·

211 3853 428 3918 cationi
496 3850 830 3918 subditicii
902 3850 1191 3916 vocabuli
1268 3852 1477 3918 Latini
1551 3850 1953 3937 respoudeat.
2051 3851 2207 3917 Nam
2285 3850 2350 3916 id
2399 3861 2574 3920 certe

213 3958 663 4037 grammatico,
743 3957 856 4043 qui
930 3957 1230 4024 Latinum
1285 3956 1667 4023 vocabulum
1717 3956 2103 4044 adscripsit,
2151 3957 2568 4023 tribuendum

218 4060 483 4140 ridetur,
534 4071 605 4129 ut
653 4063 970 4129 Graecum
1022 4063 1412 4130 intellexerit
1452 4074 1515 4130 et
1560 4073 1734 4129 recte
1759 4065 1844 4128 sit
1874 4065 2354 4147 interpretatus,
2450 4063 2576 4129 Ve-

219 4182 345 4233 rum
406 4167 726 4235 eiusmodi
800 4167 1225 4247 vocabulum,
1282 4168 1451 4255 quod
1515 4170 1642 4236 illis
1687 4168 1941 4255 legibus
1987 4168 2146 4233 satis
2195 4167 2418 4243 iaciat,
2467 4167 2574 4233 ad-
