2934 5050
898 287 984 333 An
1032 285 1300 335 erolum
1345 285 1797 337 uolumenum.
2435 268 2522 330 95

260 455 438 523 Orion
485 454 701 523 Floril.
751 454 887 521 vn.
936 456 1001 522 2.

593 561 636 631 ,ὁ
678 561 733 626 δ’
781 561 922 636 ἡδὺς
970 562 1115 627 azer
1162 562 1197 638 ἢ
1247 561 1453 631 κάκις’
1498 562 1778 639 ἀτολμία

602 665 734 731 οὔτ’
778 662 934 731 οἶκον
979 666 1119 732 οὔτε
1163 674 1360 745 γαῖαν
1399 667 1703 748 ὀρθώσειεν
1747 664 1844 731 ἄν.

255 768 554 836 Stobaeus
600 770 819 836 Floril.
867 771 1108 839 XXIX.
1158 771 1266 837 22.

605 876 633 940 ὅ
683 877 736 941 δ’
780 876 922 953 ἡδὺς
970 877 1115 942 αἰὼν
1165 877 1199 950 ἦ
1246 875 1407 950 κακή
1452 875 1517 941 τ’
1567 875 1859 955 ἀνανδρία

604 981 732 1046 οὔτ’
777 978 934 1047 οἷκον
977 983 1118 1048 οὔτε
1161 980 1370 1059 βίοτον
1418 980 1584 1044 οὐδὲν
1632 982 1882 1062 ὠφελεῖ.

252 1083 414 1164 Quot
474 1086 631 1152 haec
691 1085 1051 1174 fragmenta
1110 1107 1243 1152 esee
1303 1082 1533 1172 putas?
1595 1086 1740 1150 Non
1799 1087 1956 1162 tria,
2022 1105 2147 1150 non
2212 1085 2370 1163 duo,
2418 1086 2530 1152 sed

173 1207 359 1253 unum
410 1196 477 1256 et
522 1191 695 1256 idem
711 1238 728 1268 ,
775 1190 876 1255 bie
919 1190 1234 1278 flagitiose
1276 1188 1756 1274 interpolatum.
1829 1188 1904 1254 In
1946 1193 2155 1276 primo
2199 1195 2295 1256 est
2338 1192 2406 1254 in
2450 1189 2528 1255 li-

172 1291 289 1358 bris
329 1292 510 1360 πόλιν
553 1295 854 1375 ὀρθώσειεν
869 1344 888 1369 ,
925 1297 1196 1360 correxit
1234 1293 1705 1360 Valckenarius.
1746 1293 1821 1360 In
1859 1295 2130 1360 secundo
2168 1297 2525 1380 supererat:

610 1401 638 1465 ὂ
687 1398 743 1465 δ’
793 1399 936 1474 ἡδὺς
981 1400 1125 1464 αἰὼν
1173 1401 1208 1474 ἦ
1258 1398 1752 1463 xoexHTA***

605 1505 734 1571 οὔτ’
777 1501 934 1571 οἷκον
979 1503 1117 1569 οὔτε
1139 1503 1800 1569 ***ΛΝΟΡθώσειεν
1845 1502 1940 1569 ἀν.

247 1607 585 1695 Supererat
628 1612 697 1674 in
740 1612 931 1675 tertio
977 1609 1281 1693 denique:

610 1715 640 1779 ὃ
687 1714 741 1779 δ’
790 1714 932 1789 ἡδὺς
981 1715 1125 1778 ἀῖὼν
1173 1715 1207 1788 ἦ
1255 1715 1418 1790 κακή
1465 1715 1524 1777 τ’
1569 1712 1863 1794 ἀνανδρία

607 1818 735 1886 οὔτ’
783 1816 940 1885 οἶκον
985 1818 1127 1884 οὔτε
1149 1818 1191 1858 ¹*
1241 1866 1813 1884 .........

249 1923 597 1991 Semidocti
665 1910 1039 1992 correctores
1106 1923 1415 1988 damnum
1484 1925 1713 1989 sarcire
1780 1923 1989 1987 conati
2054 1922 2390 2009 vulgatam
2450 1922 2528 1988 de

166 2050 270 2096 suo
327 2031 670 2098 dederunt:
716 2029 827 2095 sed
869 2029 1042 2094 fraus
1086 2027 1383 2113 perpluit.
1475 2027 1573 2093 Ex
1618 2031 1759 2113 ipsa
1797 2030 1893 2093 rei
1935 2038 2162 2093 natura
2203 2031 2274 2093 in
2309 2027 2529 2094 huius-

166 2136 398 2201 cemodi
441 2136 760 2200 sententia
801 2139 1266 2218 componuntur
1308 2130 1464 2205 οἶκος
1515 2137 1580 2198 et
1615 2130 1792 2204 πόλις
1814 2179 1833 2209 ,
1877 2134 2016 2198 vita
2052 2138 2117 2197 et
2155 2153 2255 2197 res
2285 2133 2529 2215 privata

167 2247 224 2303 et
249 2241 520 2323 publica.
585 2236 1044 2324 Exemplorum
1089 2237 1275 2323 plena
1317 2242 1467 2301 sunt
1513 2238 1729 2302 omnia
1763 2242 1840 2301 ut
1876 2239 2287 2303 notissimum
2321 2236 2521 2303 illud:

515 2344 793 2423 γνώμαις
839 2343 966 2421 γὰρ
1010 2342 1230 2422 ἀνδρῶν
1279 2338 1344 2407 εὖ
1386 2341 1505 2420 μὲν
1548 2342 1847 2406 οἰκοῦνται
1895 2341 2105 2416 πόλεις
2129 2392 2147 2420 ,

516 2444 587 2513 εὖ
634 2448 689 2512 δ’
735 2443 911 2520 οἶκος.

166 2558 224 2619 et
274 2557 365 2620 aie
424 2555 671 2640 passim
731 2554 900 2640 apud
957 2550 1363 2637 philosophos
1421 2557 1488 2616 et
1529 2555 1766 2636 poetas.
1858 2550 2057 2617 Scioli
2105 2561 2324 2619 contra
2373 2554 2529 2639 quid

165 2658 603 2726 substituerint
646 2658 828 2724 vide:
875 2658 1004 2722 οὔτ’
1049 2653 1205 2721 οἷκον
1249 2656 1390 2722 οὔτε
1426 2664 1625 2734 γαῖαν
1661 2662 1727 2721 et
1760 2656 1889 2721 οὔτ’
1920 2653 2077 2721 οἶκον
2113 2657 2254 2722 οὔτε
2291 2658 2525 2736 βίοτον.

164 2762 372 2830 Altera
424 2764 740 2850 oppositio
785 2763 1093 2826 inusitata
1135 2765 1231 2827 est
1276 2765 1343 2825 et
1385 2760 1675 2826 inaudita
1689 2807 1707 2838 ,
1754 2760 1954 2826 altera
1997 2782 2182 2827 sensu
2224 2782 2427 2828 vacua
2463 2767 2530 2827 et

167 2867 443 2934 absurda.
542 2866 716 2953 Ergo
758 2866 993 2951 ubique
1029 2868 1098 2929 in
1132 2864 1479 2951 Florilegio
1517 2864 1928 2930 emaculando
1965 2865 2064 2931 fac
2101 2866 2294 2951 probe
2333 2866 2530 2932 huius

163 2969 392 3037 fraudis
449 2971 826 3037 memineris
884 2988 1228 3054 caveasque
1287 2989 1367 3034 ne
1428 2974 1493 3034 te
1554 2967 2013 3066 Graeculorum
2058 2975 2419 3036 commenta
2459 2973 2529 3037 in

167 3093 429 3142 errorem
512 3072 1030 3160 inexplicabilem
1101 3073 1435 3151 inducant,
1513 3078 1590 3139 ut
1660 3076 1717 3138 ei
1782 3077 1925 3159 quis
1986 3077 2113 3140 οὔτ’
2170 3073 2328 3142 οἶκον
2389 3074 2530 3141 οὔτε

165 3179 360 3256 Βία-ον
394 3180 557 3266 quid
603 3185 767 3245 esset
810 3197 1104 3264 quaerere
1146 3177 1361 3243 vellet.
1429 3177 1710 3244 Affertur
1751 3199 1828 3245 ex
1871 3179 2220 3247 Menandro
2263 3181 2379 3248 IX.
2419 3180 2530 3249 20.

523 3285 596 3350 τὸ
643 3284 832 3362 μηδὲν
873 3282 1103 3348 ἀδικεῖν
1147 3281 1254 3346 καὶ
1299 3283 1762 3364 Φιλανθρώπους
1807 3292 1999 3349 ποιεῖ.

165 3388 227 3451 in
282 3409 759 3475 quamcumque
817 3394 883 3453 te
941 3393 1189 3472 partem
1239 3386 1485 3453 dederis
1501 3434 1519 3466 ,
1564 3387 1730 3453 nihil
1772 3408 2085 3473 umquam
2126 3394 2265 3456 sani
2308 3412 2387 3457 ex
2428 3392 2533 3458 hie

166 3495 367 3561 verbis
412 3494 763 3560 extundere
806 3495 1058 3579 poteris.
1151 3491 1286 3557 Nec
1325 3493 1570 3557 mirum
1588 3539 1605 3569 ,
1653 3513 1803 3558 nam
1851 3494 2096 3560 dixerat
2138 3500 2361 3582 poeta:

521 3600 595 3664 τὸ
641 3598 830 3678 μηδὲν
873 3598 1104 3662 ἀδικεῖν
1149 3596 1253 3662 καὶ
1300 3597 1601 3671 καλοὺς
1651 3599 1857 3675 ἡμᾶς
1905 3607 2097 3666 ποιεῖ.

165 3703 322 3786 quod
365 3705 500 3772 nisi
556 3702 725 3789 apud
769 3701 1038 3767 Sextum
1081 3701 1481 3787 Empiricum
1528 3708 1802 3768 exstaret
1840 3703 1919 3769 de
1962 3703 2300 3771 Menandri
2343 3726 2534 3774 versu

165 3813 318 3872 eeoet
376 3812 603 3873 actum
619 3853 638 3885 ‚
700 3807 849 3874 vide
907 3806 1328 3873 Meinekium.
1406 3804 1604 3894 Origo
1647 3806 1809 3873 mali
1860 3811 2192 3894 perspicua
2243 3815 2374 3875 eet:
2430 3832 2536 3877 su-

164 3916 404 3993 pererat

528 4015 602 4081 τὸ
648 4015 839 4094 μηδὲν
883 4016 1113 4082 ἀδικεῖν
1158 4016 1262 4081 καὶ
1286 4016 1574 4058 *****
1618 4025 1811 4082 ποιεῖ.

167 4125 490 4203 poteratne
547 4120 961 4206 interpolator
1015 4124 1292 4207 ineptius
1354 4122 1703 4206 quidquam
1761 4125 2029 4188 inserere
2075 4145 2268 4208 quam
2311 4131 2537 4207 φιλαν-

169 4223 465 4303 θρώτουςῗ
