2934 5050
995 305 1379 354 rannonootcA
1431 309 1503 354 ετ
1551 305 1803 353 canica.
2459 286 2582 350 221

213 475 287 543 de
330 476 556 567 quoto.
653 475 898 545 Deinde
943 475 1372 559 ἀκροάσεσθαι
1421 496 1537 564 pro
1574 473 2037 557 ἀκροάσασθαι,
2087 492 2367 561 namque
2407 481 2592 560 puta-

209 581 359 650 bant
404 584 733 651 audituros
777 603 952 661 sese,
1002 602 1127 648 non
1170 582 1505 649 audivisse.
1601 581 1766 649 Tum
1816 580 1965 668 quia
2006 587 2073 646 et
2116 579 2270 647 olim
2312 587 2376 646 et
2419 598 2592 646 nunc

209 689 366 755 satis
413 698 670 756 constat
721 691 890 756 inter
935 709 1158 756 omnes
1203 692 1308 756 τὸν
1345 692 1511 756 ταῶν
1558 709 1739 755 ovem
1787 707 1972 767 esse,
2021 684 2219 753 sciolo
2258 705 2449 753 suum
2483 689 2593 751 τοῦ

205 794 411 876 ὄρνιθος
462 794 695 862 lubens
739 793 1158 863 reddiderim.
1224 794 1423 862 Multa
1474 793 1577 861 his
1620 792 1858 861 similia
1901 791 2286 860 emblemata
2334 802 2398 859 et
2442 791 2595 859 alibi

206 908 267 967 et
310 901 486 989 apud
542 902 927 968 Pausaniam
977 921 1093 968 nos
1141 899 1580 968 ludificantur.

289 1115 444 1201 Pag.
500 1119 662 1183 620.
725 1118 777 1182 οἱ
837 1117 942 1183 τὸν
1000 1113 1318 1183 Λαοδικέα
1387 1113 1627 1198 Οὔαρον
1671 1112 1877 1194 λόγων
1923 1114 2236 1194 ἀξιοῦντες
2285 1114 2459 1181 αὐτοὶ
2508 1116 2597 1195 μὴ

205 1219 536 1298 ἀξιούσθων
601 1221 827 1302 λόγων.
923 1221 1257 1308 Scriptum
1320 1230 1458 1287 erat
1512 1221 1611 1287 bis
1660 1222 1725 1287 in
1778 1227 1991 1287 vetere
2038 1219 2204 1286 libro
2249 1201 2363 1299 ἦο,
2428 1220 2597 1308 quod

206 1345 238 1392 a
282 1327 526 1395 scribis
575 1327 744 1396 male
790 1326 1111 1415 expletum
1161 1326 1365 1407 λόγων
1407 1328 1691 1415 peperit,
1746 1345 1948 1414 quum
1995 1324 2236 1402 λόγΟΤ
2285 1325 2599 1404 ἀξιοῦντες

208 1441 265 1499 et
321 1434 663 1514 ἀξιούσθων
724 1433 964 1514 λόγΟἹ·
1030 1441 1200 1501 esset
1257 1432 1697 1499 scribendum.
1794 1432 1877 1500 Ut
1940 1432 2112 1499 enim
2174 1431 2365 1512 λόγου
2430 1432 2600 1514 ἀξιον

211 1549 587 1609 constanter
635 1540 878 1607 dicitur
928 1541 1077 1630 (non
1127 1539 1352 1628 λόγων)
1404 1540 1499 1606 sic
1548 1548 1613 1606 et
1658 1539 1850 1619 λόγου
1895 1535 2104 1616 ἀξιοῦν
2148 1547 2210 1605 et
2257 1537 2599 1615 ἀξιοῦσθαι.

211 1643 570 1714 Emendate
630 1646 944 1742 scribitur
1003 1666 1070 1732 p.
1123 1651 1274 1713 551.
1325 1644 1621 1723 ἀξιούσθω
1669 1645 1732 1711 δὲ
1778 1642 2012 1725 λόγου,
2062 1652 2129 1711 et
2174 1664 2236 1731 p.
2288 1647 2440 1710 556.
2492 1640 2601 1710 λό-

213 1775 318 1831 γου
382 1754 568 1836 παρὰ
632 1762 758 1830 τοῖς
806 1752 1153 1828 σπουδαίοις
1201 1751 1587 1833 ἀξιούμενον,
1636 1760 1701 1819 et
1748 1772 1809 1839 p.
1861 1755 2019 1820 576.
2069 1749 2365 1829 ἀξιούσθω
2412 1750 2605 1830 λόγου

215 1859 308 1924 καὶ
358 1861 630 1943 Οὔαρος.

301 2072 460 2161 Pag.
518 2076 673 2140 624.
735 2072 1025 2147 Αἷλιανὸς
1088 2070 1154 2138 δὲ
1200 2073 1502 2152 Ῥωμαῖος
1545 2072 1661 2153 μὲν
1710 2065 1818 2151 ἦν,
1884 2070 2156 2155 ἦττίκιζε
2201 2071 2265 2137 δὲ
2311 2069 2508 2154 ὥσπερ
2557 2075 2607 2140 οἱ

219 2176 276 2241 ἐν
316 2189 393 2262 τῇ
443 2179 759 2263 μεσογείᾳ
802 2180 1130 2254 Ἀθηναῖοι.
1196 2177 1447 2244 Eximia
1496 2197 1651 2244 sane
1699 2176 1842 2244 laus
1886 2185 1944 2245 et
1993 2175 2178 2264 plane
2221 2179 2608 2265 singularis,

221 2300 358 2349 nam
413 2285 806 2351 Philostrato
856 2292 1058 2360 teste,
1097 2302 1246 2370 pag.
1299 2289 1452 2350 553.
1503 2286 1555 2351 οἱ
1603 2285 1720 2363 μὲν
1766 2285 1829 2350 ἐν
1875 2286 1962 2365 τῷ
2009 2282 2148 2354 otest
2188 2286 2609 2360 Ἀθηναῖοι-

221 2390 739 2474 παραφθείρονται
785 2392 896 2466 τὴν
941 2390 1184 2474 φωνήν,
1237 2392 1272 2467 ἦ
1317 2389 1626 2469 μεσόγεια
1666 2390 1729 2455 δὲ
1766 2387 2030 2470 ἄμικτος
2069 2391 2413 2474 βαρβάροις
2450 2389 2608 2459 οὖσα

224 2494 478 2574 ὑγιαίνει
529 2499 738 2572 αὐτοῖς
787 2500 822 2575 ἦ
870 2499 1042 2581 Φωνὴ
1083 2494 1189 2562 καὶ
1234 2497 1269 2573 ἦ
1309 2501 1576 2577 γλῶττα
1612 2496 1724 2572 τὴν
1765 2493 1960 2578 ἄκραν
1999 2497 2261 2564 Ἀτθίδα
2303 2497 2608 2582 ἀποψάλ-

221 2613 330 2669 λει.
393 2605 623 2690 Itaque
669 2602 929 2691 siquid
978 2612 1146 2669 esset
1196 2602 1261 2667 in
1315 2600 1419 2667 his
1468 2602 1635 2679 veri,
1686 2599 1994 2668 Aelianus
2044 2602 2370 2670 Romanus
2417 2603 2608 2670 homo

224 2702 404 2795 longo
471 2707 814 2775 intervallo
878 2707 1217 2795 plerosque
1261 2707 1539 2775 Graecos
1587 2709 1938 2794 scriptores
1984 2717 2130 2795 post
2176 2730 2244 2776 se
2288 2709 2607 2798 relinque·

231 2822 354 2892 ret,
401 2823 469 2882 et
519 2815 586 2880 in
630 2812 733 2881 his
783 2813 1244 2881 Philostratum
1288 2821 1623 2891 nostrum,
1669 2814 1783 2901 qui
1826 2833 2022 2901 quam
2051 2816 2279 2882 vitiosa
2304 2825 2367 2882 et
2393 2816 2609 2903 inepta

232 2920 507 2989 oratione
573 2928 798 2987 utatur
859 2927 925 2986 et
981 2929 1133 2987 ante
1178 2918 1583 2986 ostendimus
1631 2927 1697 2986 et
1744 2918 2041 3007 pluribus
2082 2919 2348 3007 posthac
2395 2930 2611 2987 osten-

233 3019 474 3094 demus.
572 3025 696 3093 Sed
760 3024 923 3093 nihil
990 3023 1343 3114 quidquam
1411 3033 1512 3091 est
1577 3026 1640 3091 in
1708 3024 1810 3092 his
1866 3027 2024 3092 veri.
2120 3025 2266 3093 lure
2312 3034 2612 3114 poterant

237 3127 652 3200 Philostratus
700 3140 765 3199 et
831 3130 1222 3201 Philostrato
1268 3131 1513 3199 similes
1554 3129 1634 3199 de
1682 3151 1752 3198 se
1797 3129 2014 3200 dicere
2061 3131 2230 3220 quod
2279 3131 2449 3221 apud
2497 3131 2609 3198 Co·

236 3237 465 3305 micum
511 3245 645 3305 est:

493 3345 560 3411 αἱ
603 3342 826 3425 κρίσεις
876 3344 1045 3423 ἡμῶν
1091 3347 1323 3411 νοσοῦσι
1371 3343 1478 3410 καὶ
1525 3343 1597 3409 τὸ
1640 3343 1785 3427 πρὸς
1833 3341 2023 3428 χάριν
2068 3345 2254 3412 πολύ.

313 3447 645 3516 Aelianum
689 3447 1103 3515 admirantur
1141 3449 1392 3516 scilicet
1430 3458 1497 3517 et
1536 3448 1839 3516 laudibus
1879 3451 1942 3516 in
1987 3447 2235 3516 coelum
2264 3448 2609 3529 extollunt,

236 3571 350 3637 quo
410 3556 791 3643 ineptiorem
854 3555 1238 3641 scriptorem
1302 3565 1367 3622 et
1439 3554 1879 3634 stolidiorem,
1955 3555 2009 3620 si
2076 3575 2275 3621 unum
2340 3555 2606 3623 Luciani

236 3654 649 3748 Lexiphanem
701 3662 1071 3746 exceperis,
1124 3681 1248 3727 non
1299 3660 1583 3727 arbitror
1630 3660 1833 3728 fuisse
1878 3679 2294 3748 quemquam.
2395 3663 2607 3751 Atque

239 3760 287 3828 is
329 3775 537 3833 tamen
589 3765 671 3832 ab
717 3765 1096 3852 aequalibus
1148 3766 1232 3852 (si
1281 3764 1522 3833 Suidae
1569 3765 1727 3834 fides
1769 3787 1826 3832 v.
1869 3766 2188 3854 Αἱλιανός)
2232 3768 2609 3848 Μελίγλωσ-

239 3891 329 3944 σος
373 3873 864 3958 cognominatus
911 3881 1009 3938 est
1053 3880 1119 3938 et
1163 3871 1654 3956 Μελίφθογγος,
1705 3879 1771 3939 et
1812 3870 2202 3939 Philostrato
2246 3873 2458 3941 iudice
2497 3899 2606 3941 κα-

242 3974 412 4058 θαρὰν
470 3981 677 4061 φωνὴν
738 3976 1129 4057 ἐξεπόνησεν,
1194 3987 1260 4044 et
1320 3997 1519 4064 quum
1588 3997 1657 4045 se
1720 3976 1797 4044 ad
1864 3975 2276 4044 scribendum
2329 3978 2610 4048 dedisset

241 4081 575 4162 ἐθαυμάσθη
639 4085 710 4150 ἐκ
771 4084 987 4150 τούτου
1049 4092 1114 4150 et.
1180 4086 1215 4161 ἦ
1284 4084 1399 4165 μὲν
1461 4085 1698 4151 ἐπίπαν
1742 4082 1878 4151 ίδέα
1921 4087 2030 4150 τοῦ
2077 4084 2284 4167 ἀνδρὸς
2332 4085 2610 4169 ἀφέλεια

244 4189 713 4270 προσβάλλουσά
781 4214 842 4256 τι
897 4197 1010 4267 τῆς
1067 4189 1451 4274 Νικοςράτου
1514 4188 1666 4271 ὥρας
1692 4239 1712 4270 ,
1777 4192 1812 4268 ἦ
1869 4189 1932 4255 δὲ
1981 4188 2167 4256 ἐνίοτε
2215 4191 2360 4273 πρὸς
2405 4198 2612 4258 Δίωνα

244 4292 337 4378 δρᾷ
381 4298 483 4362 καὶ
528 4296 634 4362 τὸν
682 4296 906 4363 ἐκείνου
952 4295 1139 4362 τόνον.
1214 4294 1440 4362 Credat
1499 4294 1772 4363 Iudaeus
1824 4293 2081 4382 Apella,
2132 4314 2256 4361 non
2306 4316 2452 4381 ego,
2497 4299 2610 4385 qui

250 4396 340 4465 isti
385 4401 733 4469 adulationi
781 4399 1118 4469 candidam
1171 4411 1237 4470 et
1278 4409 1567 4489 apertam
1613 4403 1957 4484 παρρησίαν
1980 4420 2316 4489 opponam.
2391 4401 2612 4489 Inepta
