2934 5050
254 290 339 355 94
1228 295 1656 347 etiamnum.

252 495 464 540 omnes
527 473 661 539 eius
729 471 1056 537 orationes.
1153 466 1466 555 Epistulis
1532 464 1844 533 Ciceronis
1903 461 2070 528 nihil
2129 471 2222 528 est
2274 454 2650 548 perfectius.

344 577 529 645 Haud
591 577 819 644 leviter
879 574 1213 644 offendunt
1279 593 1404 639 v.v.
1454 593 1596 638 mea
1640 571 1947 638 sententia
1995 566 2387 656 praecedens
2427 587 2652 634 censeo

253 685 561 750 continuo
601 683 957 770 sequentia.
1031 680 1203 747 Fieri
1247 686 1490 767 potest,
1541 686 1611 743 ut
1653 677 1900 742 librarii
1945 675 2162 742 nescio
2199 676 2394 741 cuius
2432 691 2650 739 socor-

254 789 357 856 dia
423 788 501 856 de
562 808 681 855 suo
742 788 880 855 loco
928 786 1385 873 migraverint.
1447 783 1686 850 Fronto
1729 791 1948 849 autem
1996 800 2221 848 revera
2269 779 2648 866 scripserit:

262 893 487 962 Omnes
526 905 731 961 autem
774 893 1085 961 Ciceronis
1124 891 1423 978 epistulas
1456 888 1756 976 leyendas
1794 909 2042 965 censeo,
2092 887 2189 953 vel
2223 886 2430 974 maqis
2451 906 2650 972 quam

255 1022 467 1067 omnes
527 1001 662 1066 eius
721 1000 1047 1066 orationes.
1107 997 1247 1064 Mea
1294 995 1596 1063 sententia
1643 994 1930 1082 epistulis
1982 991 2292 1059 Ciceronis
2337 991 2503 1057 niltil
2550 998 2650 1056 est

250 1108 615 1197 perfectius.

349 1212 442 1280 Ad
496 1211 732 1278 Verum
800 1209 895 1287 11,
969 1215 1046 1289 1,
1115 1230 1174 1297 p.
1233 1213 1376 1277 128.
1474 1207 1596 1275 His
1658 1219 1717 1273 te
1778 1205 2089 1285 consiliis,
2155 1202 2544 1293 Imperator,
2607 1223 2650 1268 a

252 1319 461 1406 prima
515 1316 790 1404 pueritia
853 1326 960 1381 tua
1020 1337 1143 1382 non
1204 1316 1409 1382 circus
1447 1318 1731 1403 prosecta
1775 1332 1889 1379 nec
1935 1311 2129 1378 lorica
2152 1359 2171 1390 ‚
2231 1310 2342 1376 sed
2387 1309 2541 1375 libri
2588 1317 2652 1375 et

259 1424 612 1490 litterarum
670 1421 1040 1510 disciplinae
1084 1421 1461 1488 imbuebant.
1516 1420 1671 1487 Cum
1719 1418 1918 1485 multa
1964 1416 2269 1483 eiusmodi
2315 1415 2652 1483 consiliose

259 1528 548 1617 exempla
609 1532 675 1593 in
723 1526 1004 1593 historiis
1051 1538 1110 1594 et
1154 1528 1220 1592 in
1266 1526 1651 1594 orationibus
1698 1524 2043 1602 lectitaret,
2098 1523 2183 1589 ad
2228 1543 2362 1589 rem
2409 1522 2650 1589 milita·

258 1656 393 1702 rem
438 1633 739 1720 mayistra
786 1633 1135 1721 eloquentia
1180 1655 1332 1699 usus
1377 1654 1462 1699 es.

358 1738 781 1806 Vehementer
844 1739 907 1803 in
976 1739 1075 1805 his
1121 1738 1418 1827 displicet
1467 1758 1526 1804 v.
1573 1738 1798 1804 circus.
1894 1734 2225 1802 Sententia
2274 1736 2448 1802 enim
2501 1756 2650 1803 ver-

266 1844 419 1912 bum
461 1843 827 1911 desiderare
877 1844 1169 1921 videtur,
1218 1842 1387 1932 quod
1437 1862 1587 1910 cum
1637 1841 1833 1909 lorica
1878 1843 2297 1909 coniunctum
2342 1861 2478 1909 rem
2522 1843 2648 1909 mi·

263 1951 516 2019 litarem
565 1935 874 2018 translate
913 1949 1261 2036 significet.
1368 1954 1596 2016 Veram
1647 1950 1848 2036 igitur
1889 1947 2226 2017 lectionem
2275 1970 2458 2016 arcus
2503 1968 2652 2016 esse

261 2058 576 2145 suspicor.

350 2163 444 2239 11,
519 2169 582 2239 t,
646 2182 703 2247 p.
784 2164 931 2227 129.
1023 2158 1244 2248 Ipsum
1307 2160 1419 2228 hoc
1482 2171 1659 2227 tuum
1718 2183 1757 2226 a
1820 2171 1879 2227 te
1941 2158 2261 2253 diu[ti]na
2311 2159 2652 2248 prudentia

262 2268 608 2335 consultum
634 2316 653 2346 ,
716 2266 881 2353 quod
939 2288 1059 2332 non
1123 2277 1266 2333 ante
1317 2267 1519 2356 siquis
1563 2266 1826 2335 conlatis
1874 2285 2129 2332 manum
2174 2286 2320 2332 cum
2365 2264 2650 2344 hostien,

264 2373 652 2441 conseruisti.

358 2478 577 2545 Potius
618 2477 837 2544 diuina
880 2476 1032 2546 olim
1082 2479 1398 2569 scriptum
1448 2498 1590 2547 esse
1636 2475 2046 2546 crediderim.

355 2584 446 2651 De
492 2583 938 2664 orationibus,
989 2606 1049 2673 p.
1105 2593 1254 2655 1157.
1326 2587 1619 2653 Primum
1670 2585 1836 2651 illud
1874 2585 1940 2650 in
1978 2585 2099 2651 isto
2135 2605 2361 2672 qenere
2399 2585 2652 2653 dicendi

265 2690 483 2756 vitium
533 2689 995 2776 turpissimum,
1044 2694 1209 2781 quod
1254 2693 1511 2759 eandem
1561 2692 1927 2759 sententiam
1978 2691 2253 2758 milliens
2296 2691 2423 2757 alio
2465 2703 2656 2782 atque

267 2797 394 2864 alio
455 2796 688 2864 amictu
747 2797 1030 2864 inclutam
1076 2802 1377 2887 referunt.
1482 2798 1559 2866 Ut
1606 2799 1974 2875 histriones,
2024 2819 2216 2886 quum
2256 2798 2655 2885 palleolatim

268 2903 536 2982 saltant,
595 2904 857 2971 caudam
906 2906 1126 2992 cycni,
1188 2905 1490 2995 capillum
1554 2905 1839 2981 Veneris,
1889 2904 2126 2971 Furiae
2169 2905 2507 2993 llaqellum
2554 2926 2654 2973 eo·

266 3009 408 3076 dem
448 3009 651 3096 pallio
698 3009 1144 3079 demonstrant.

363 3114 728 3201 Intelligere
771 3136 1028 3202 possum
1083 3116 1428 3184 histriones
1475 3116 1784 3184 saltantes
1828 3116 2053 3184 eadem
2099 3116 2272 3205 pallii
2315 3116 2549 3184 lacinia
2585 3127 2660 3186 et

271 3219 573 3308 capillum
626 3220 896 3288 Veneris
942 3221 1485 3290 demonstravisse
1534 3233 1594 3288 et
1648 3223 1881 3290 Furiae
1933 3222 2281 3309 flagellum.
2363 3224 2659 3312 Insignia

270 3326 443 3393 enim
493 3323 1140 3405 demonstraverunt,
1187 3329 1422 3415 quibus
1474 3330 1812 3416 utriusque
1853 3327 2009 3395 deae
2050 3329 2366 3414 imagines
2403 3331 2660 3418 conspi-

272 3449 433 3499 cuae
481 3429 769 3499 l'uerunt.
857 3436 935 3499 At
987 3432 1219 3501 haereo
1256 3435 1321 3501 in
1365 3434 1569 3501 cauda
1611 3437 1812 3521 cycni.
1861 3435 1997 3502 lani
2040 3435 2321 3522 primuni
2362 3436 2661 3522 quaestio

274 3538 524 3617 oritur,
573 3539 912 3606 cuiusnam
960 3540 1150 3629 cycni
1199 3538 1469 3609 caudam
1521 3541 1979 3629 expresserint.
2074 3540 2313 3627 Nempe
2361 3543 2536 3628 regis
2583 3541 2658 3608 il·

276 3642 402 3709 lius
450 3643 802 3729 Ligurum.
852 3645 1139 3712 Stheneli
1192 3646 1335 3720 filii.
1387 3647 1483 3714 vel
1534 3649 1748 3734 potius
1789 3647 2066 3733 Neptuni
2105 3658 2168 3713 et
2210 3645 2475 3735 calyces
2517 3646 2665 3727 lilii,

277 3771 438 3839 quos
488 3763 796 3838 utrosque
843 3752 908 3817 in
957 3753 1204 3842 Gyenos
1249 3774 1590 3819 conversos
1630 3772 1769 3821 esse
1818 3751 2030 3819 fabula
2076 3761 2216 3818 erat
2266 3750 2479 3840 (Ovid.
2507 3753 2658 3820 Met.

281 3862 365 3937 2,
418 3862 581 3933 3672
640 3861 754 3935 12,
809 3862 892 3923 72
939 3858 1132 3948 sqq.).
1186 3859 1543 3925 Histriones
1579 3861 1754 3925 enim
1801 3857 1932 3925 lere
1979 3857 2269 3924 sotebant
2319 3860 2381 3923 in
2426 3859 2660 3946 primis

279 3962 544 4031 deorum
596 3962 943 4028 dearumve
992 3963 1087 4030 vel
1140 3963 1571 4032 seniideorum
1625 3964 1959 4032 hominum
2009 3964 2324 4050 imagines
2362 3963 2660 4032 saltando

275 4079 340 4137 et
382 4066 828 4155 gesticulando
868 4067 1107 4136 referre
1136 4070 1241 4160 (ct.
1272 4070 1532 4136 Lucian.
1563 4072 1697 4154 nep)
1724 4071 2031 4153 ὀρχήσεως
2055 4075 2141 4137 63
2167 4080 2230 4136 et
2256 4075 2379 4145 83:
2421 4071 2653 4137 Athen.

279 4177 347 4256 l,
393 4180 514 4250 592
560 4175 697 4242 1uv,
726 4173 860 4240 Sat.
891 4178 964 4251 6,
1005 4179 1143 4261 63).
1195 4176 1325 4243 Hoc
1366 4187 1456 4242 est
1506 4177 1791 4263 aliquid,
1836 4176 2059 4243 fateor.
2111 4177 2193 4267 At
2232 4178 2659 4264 cycnusmpi·

279 4302 438 4360 nor,
473 4300 597 4347 non
651 4279 857 4365 magis
900 4300 1092 4366 quam
1137 4282 1402 4368 quaevis
1442 4281 1567 4349 alia
1609 4293 1839 4348 natans
1863 4282 2040 4360 avis,
2076 4279 2278 4347 cauda
2309 4290 2439 4346 tam
2470 4280 2658 4368 longa

281 4385 670 4475 conspicuus
706 4392 841 4464 est,
884 4395 955 4452 ut
996 4386 1169 4474 pallii
1209 4388 1440 4456 lacinia
1479 4395 1627 4476 apte
1658 4386 2090 4454 demonstrari
2114 4394 2346 4475 posset.
2370 4385 2658 4455 Gaudam
