2934 5050
347 259 475 325 224
1335 277 1737 324 mscnuumt

350 446 592 512 viveret
654 454 718 512 et
784 446 992 532 ipsum
1061 448 1425 533 percontari
1484 446 1729 515 liceret.
1827 446 2044 532 Pergit
2092 462 2401 532 quaerere
2449 439 2697 508 Herodes

345 549 466 630 ὅ,τι
515 559 766 626 σιτοῖτο;
832 550 955 619 Cui
1005 552 1111 619 ille
1161 558 1693 637 γαλακτοφαγῶ,
1742 553 1978 639 inquit.
2071 549 2370 618 Advertit
2416 546 2698 615 Herodem

348 658 412 722 in
465 656 722 723 homine
766 659 1010 726 rustico
1049 668 1110 726 et
1155 658 1417 725 assiduo
1457 668 1761 726 venatore
1796 678 2034 746 purum
2072 665 2140 723 et
2182 656 2438 742 elegans
2475 651 2700 721 dicendi

347 783 553 850 genus
596 771 660 829 et
707 765 1112 833 sciscitatur:
1161 766 1272 841 τὴν
1313 766 1379 833 δὲ
1418 766 1493 841 δὴ
1538 771 1836 846 γλῶτταν
1883 770 2013 838 πῶς
2059 763 2423 839 ἐπαιδεύθης
2467 762 2566 827 καὶ
2602 761 2700 827 ὑπὸ

346 870 548 943 rimu
613 868 946 937 Manifesto
994 873 1368 960 suspicatur
1413 869 1743 938 hominem
1793 872 1858 937 in
1909 870 2326 937 venationum
2380 865 2701 935 intervallis

346 976 475 1041 arti
521 976 837 1043 oratoriae
886 976 1006 1042 sub
1054 977 1218 1043 bono
1265 986 1681 1064 praeceptore
1728 976 1883 1045 dare
1915 997 2215 1064 operam,
2257 986 2324 1042 at
2369 975 2473 1042 ille
2510 976 2700 1041 minus

346 1101 610 1169 operose
656 1080 821 1149 hanc
870 1081 1243 1150 facultatem
1294 1082 1640 1170 collegerat
1688 1093 1753 1151 et
1793 1085 1880 1150 ita
1923 1082 2300 1170 respondet:
2353 1086 2389 1160 ἦ
2426 1080 2704 1164 μεσόγεια

345 1195 458 1263 τῆς
521 1189 816 1263 Ἀττικῆς
882 1190 1123 1269 ἀγαθὸν
1181 1191 1615 1257 διδασκαλεῖον
1671 1189 1837 1270 οὶνδρὶ
1905 1190 2258 1272 βουλομένῳ
2307 1188 2704 1268 διαλέγεσθαι.

355 1293 626 1372 Urbani,
677 1295 929 1381 inquit,
997 1296 1215 1362 vitiosa
1266 1296 1484 1385 linqua
1530 1306 1830 1374 utuntur,
1877 1297 1987 1363 sed
2031 1296 2140 1384 qui
2186 1297 2388 1363 medio
2434 1317 2578 1362 rure
2616 1314 2704 1359 ac·

346 1411 531 1468 talem
593 1411 786 1490 ayunt
844 1423 1192 1468 sermonem
1255 1402 1531 1469 Atticum
1587 1424 1824 1488 purum
1888 1413 1945 1468 et
1986 1403 2415 1490 incorruptum
2464 1411 2701 1468 suvant.

350 1508 640 1593 Pungore
681 1527 756 1574 ea
804 1507 994 1574 verba
1039 1507 1350 1575 Herodem
1395 1507 1710 1576 debebant
1738 1557 1757 1587 ,
1831 1509 2052 1596 itaque
2099 1510 2321 1575 statim
2372 1510 2605 1576 transit
2639 1507 2705 1575 ad

348 1612 471 1680 alia
519 1613 733 1680 omnia
782 1615 1165 1702 quaeritque
1214 1635 1296 1680 an
1344 1613 1532 1681 ludos
1570 1616 1982 1701 spectaverit.
2068 1613 2373 1704 Pythicos
2421 1634 2491 1682 se
2535 1612 2704 1681 semel

349 1740 425 1787 ex
470 1740 725 1787 summo
769 1721 1035 1787 Parnasi
1077 1722 1418 1788 cacumine
1455 1729 1900 1808 prospectasse
1933 1719 2092 1787 dicit
2133 1729 2197 1786 et
2224 1719 2704 1807 Tragoediarum

349 1835 767 1913 argumenta,
830 1828 918 1893 τὰ
979 1833 1097 1894 τῶν
1157 1828 1513 1894 Πελοπιδῶν
1572 1827 1678 1893 καὶ
1743 1828 1831 1894 τὰ
1890 1833 2010 1894 τῶν
2054 1826 2478 1907 Λαβδακιδῶν
2520 1828 2702 1905 κακά,

349 1933 579 2001 acerbe
623 1931 1036 2020 reprehendit
1084 1941 1150 1999 et
1195 1934 1475 1999 moribus
1514 1955 1733 2000 nocere
1775 1936 2065 2017 graviter
2114 1934 2513 2020 pronuntiat.
2601 1932 2705 1999 He·

349 2039 537 2106 rodes
598 2059 725 2126 qua
773 2046 914 2106 erat
961 2040 1207 2125 ingenii
1255 2039 1539 2107 sollertia
1587 2041 1895 2107 continuo
1940 2060 2017 2108 ex
2069 2040 2170 2106 his
2217 2039 2545 2108 hominem
2588 2058 2705 2107 esse

352 2144 798 2234 philosophum
852 2147 1155 2232 perspicit
1200 2154 1514 2233 rogatque
1565 2146 1699 2229 περὶ
1748 2154 1861 2223 τῆς
1907 2155 2211 2227 γυμνικῆς
2250 2148 2530 2226 azymum
2574 2143 2705 2234 quid

351 2254 610 2320 sentiat.
706 2250 1067 2338 Respondet
1120 2253 1408 2319 rusticus
1456 2252 1567 2319 sed
1619 2252 1785 2320 idem
1837 2252 2120 2320 disertus
2165 2262 2231 2320 et
2283 2252 2700 2342 philosophus:

351 2359 584 2425 ἐκεΙνων
645 2360 987 2437 καταγελῶ
1035 2362 1324 2439 μᾶλλον,
1382 2378 1525 2425 esse
1571 2360 1752 2441 enim¹
1797 2359 2130 2426 hominum
2184 2361 2355 2426 inter
2402 2381 2546 2428 sese
2582 2379 2705 2426 con·

350 2465 671 2533 tentiones
723 2463 963 2531 nullius
1012 2465 1228 2552 pretii:
1274 2465 1671 2549 στεφανούσθω
1721 2465 1818 2544 δέ,
1871 2466 2121 2553 inquit,
2170 2466 2512 2549 ὁδρομικὸς
2548 2468 2708 2542 ἄθλη-

351 2575 461 2649 rite
503 2571 741 2654 ἔλαφον
788 2573 1102 2654 παρελθὼν
1149 2573 1255 2638 καὶ
1302 2571 1513 2640 ἵππον.
1611 2572 1990 2640 Admiratus
2041 2572 2321 2640 Herodes
2372 2581 2612 2640 tantam
2655 2573 2709 2636 in

351 2677 609 2744 homine
657 2679 901 2744 rustico
944 2679 1326 2765 sapientiam
1378 2687 1564 2745 vocat
1612 2677 1690 2745 ad
1741 2699 2029 2746 coenam.
2105 2679 2434 2746 Promittit
2478 2699 2547 2746 se
2584 2697 2713 2744 ven·

350 2793 570 2851 turum
636 2793 700 2851 et
747 2782 935 2850 lactis
978 2785 1225 2870 copiam
1278 2784 1397 2851 sibi
1449 2785 1666 2871 parari
1708 2783 1887 2852 iubet
1934 2784 2053 2851 sub
2099 2793 2277 2852 certa
2327 2784 2713 2862 conditione,

345 2890 704 2971 γάλακτος,
753 2890 1000 2978 inquit,
1047 2882 1075 2956 ὃ
1123 2893 1212 2969 μὴ
1261 2892 1416 2971 γυνὴ
1463 2889 1754 2970 ἥμελξεν.
1855 2890 2171 2958 Postridie
2219 2890 2396 2958 dicto
2446 2905 2713 2980 tempore

346 2997 563 3074 adest,
625 2995 734 3063 sed
802 3016 989 3063 nares
1051 2995 1202 3063 lacti
1263 2995 1641 3072 admovens,
1704 3018 1828 3062 non
1873 3007 1964 3063 osc
2005 3019 2239 3082 purum
2288 2998 2425 3075 Iac,
2479 2998 2709 3086 inquit,

346 3124 494 3169 nam
550 3100 788 3168 subolet
842 3102 1004 3167 mihi
1066 3124 1289 3169 manus
1346 3103 1693 3168 muliebris.
1759 3106 1871 3180 τὴν
1932 3103 1997 3169 δὲ
2056 3107 2189 3185 ῥῖνα
2236 3105 2474 3186 ἐρείσας
2520 3108 2577 3179 ἐς
2619 3104 2713 3169 τὸν

347 3216 624 3292 κρατῆρα
689 3210 793 3274 »οὐ
858 3210 1122 3292 καθαρὸν
1186 3209 1380 3298 (ἔφη)
1428 3210 1501 3276 τὸ
1563 3208 1785 3289 γάλα,
1851 3208 2243 3291 προσβάλλει
2285 3209 2412 3294 γάρ
2461 3236 2545 3291 με
2585 3210 2713 3292 χεὶρ

345 3314 715 3396 γυναικάς,”
779 3322 845 3381 et
911 3316 1050 3381 sine
1113 3336 1290 3382 mora
1357 3314 1654 3383 discedit.
1752 3313 2031 3381 Herodes
2080 3316 2255 3381 misit
2308 3335 2421 3384 rus
2467 3319 2575 3405 qui
2622 3319 2714 3382 in-

347 3422 683 3507 quirerent
743 3430 1199 3508 compertoque
1258 3422 1347 3488 ita
1410 3442 1550 3488 esse
1611 3422 1863 3501 ξυνῆκεν
1922 3424 2002 3496 ὡς
2065 3422 2353 3503 δαιμονία
2406 3424 2594 3508 φύσις
2629 3422 2714 3498 εἴη

346 3528 482 3608 περὶ
544 3530 648 3594 τὸν
703 3524 917 3608 ἄνδρα.
1014 3525 1325 3614 Equidem
1394 3546 1517 3592 non
1593 3526 1811 3593 minus
1883 3526 2222 3593 mirificam
2298 3537 2593 3596 naturam
2656 3529 2714 3593 in

350 3630 737 3698 Philostrato
779 3629 978 3698 fuisse
1017 3633 1335 3711 arbitror,
1376 3635 1488 3720 qui
1534 3630 1650 3698 has
1692 3651 1898 3719 nugas
1936 3641 2002 3699 et
2047 3634 2321 3721 ineptias
2345 3636 2439 3702 sic
2465 3639 2716 3718 γραῖκῶς

351 3738 698 3804 memoriae
746 3735 1123 3824 prodiderit.
1523 3815 1528 3820 ,

441 3839 604 3907 Sunt
656 3841 772 3908 hae
820 3843 1098 3910 insulsae
1146 3842 1400 3912 fabulae
1446 3866 1481 3912 e
1530 3845 1658 3912 vita
1702 3846 1990 3933 privata,
2052 3865 2219 3932 quae
2269 3854 2528 3934 praeter
2580 3864 2719 3935 pau·

349 3966 459 4014 cos
508 3945 857 4013 familiares
908 3968 1111 4035 neque
1158 3959 1489 4017 auctorem
1540 3950 1739 4017 ullum
1793 3971 1999 4038 neque
2050 3960 2275 4019 testem
2322 3953 2557 4021 babere
2593 3971 2717 4040 pos·

351 4061 537 4131 sunt,
596 4052 870 4119 alterum
935 4054 1295 4142 exemplum
1352 4055 1566 4123 sabula
1612 4055 1691 4123 de
1738 4056 2014 4124 Traiano
2062 4059 2354 4145 principe
2406 4057 2719 4145 praebebit

351 4180 416 4247 p.
449 4163 602 4225 488.
651 4158 960 4240 Τραϊανὸς
1002 4160 1030 4226 ὅ
1073 4161 1460 4244 αὐτοκράτωρ
1484 4163 1852 4243 ἀναθέμενος
1873 4164 2061 4230 αὐτὸν
2112 4164 2410 4252 (Dionem
2454 4162 2719 4253 Chryso·

355 4264 665 4355 stomum)
709 4265 808 4330 ἐπὶ
852 4271 966 4341 τῆς
1007 4269 1244 4347 Ῥώμης
1283 4269 1344 4343 ἐς
1383 4271 1494 4345 τὴν
1529 4276 1764 4351 χρυσῆν
1802 4268 2064 4348 ἅμαξαν
2105 4271 2210 4353 ἐφ’
2245 4268 2312 4348 ἧς
2350 4272 2404 4337 οἱ
2443 4271 2719 4350 βασιλεῖς

354 4372 474 4446 τας
535 4371 604 4437 ἐκ
659 4377 779 4438 τῶν
842 4371 1124 4452 πολέμων
1184 4376 1448 4455 πομπὰς
1496 4375 1913 4456 πομπεύουσιν
1953 4374 2137 4458 ἔλεγε
2186 4376 2362 4457 θαμὰ
2408 4373 2718 4462 {rc-rpem&-
