2934 5050
339 307 467 370 106
912 331 953 372 ο
1336 325 1736 373 misceamus

346 511 538 580 quam
587 491 1061 561 emendandum
1111 514 1253 563 esse
1299 496 1364 562 in
1413 496 1589 563 huuc
1636 492 1939 562 moduine
1989 494 2108 572 ὥς,
2173 487 2278 560 ὅτε
2323 492 2468 568 τοὺς
2515 489 2747 576 φόρους

347 608 700 667 eTATTe
721 651 739 680 ,
790 602 964 685 παρὰ
995 608 1114 668 τῶν
1155 602 1359 669 Ἰώνων
1402 603 1716 684 χρήματα
1751 601 2081 681 λαβόντος.
2178 598 2359 679 Quod
2398 595 2747 664 Cornelius

343 704 549 791 Nepos
589 706 817 773 scribit
864 716 1220 794 »quantum
1261 709 1571 795 pecuniae
1605 727 1898 795 quaeque
1937 707 2168 772 civitas
2192 704 2375 771 daret
2419 699 2748 770 Aristides
2875 713 2876 718 ’

341 809 631 879 delectus
676 823 775 880 est
840 813 949 900 qui
1013 815 1482 882 constitueret'’
1542 814 1604 880 id
1655 812 1824 902 apud
1875 812 2155 880 Graecos
2199 810 2441 898 passim
2494 808 2750 875 dieitur
2875 817 2876 826 ’

342 918 370 983 ὃ
416 918 754 1001 Ἀριςείδης
793 916 1042 995 ἔταξε
1088 921 1229 995 τοὺς
1270 920 1490 1003 φόρους
1516 972 1533 1000 ,
1590 921 1688 1009 (ut
1727 917 1896 1006 apud
1942 915 2325 985 Aeschinem
2367 915 2436 980 ἰιι
2462 911 2749 1000 ctesiph.

345 1043 405 1110 p.
452 1027 603 1092 255.
664 1025 1001 1106 ’Λριςείδην
1045 1026 1148 1091 τὸν
1201 1027 1343 1100 τοὺς
1391 1026 1613 1111 φόρους
1660 1023 1952 1103 τάξαντα
2001 1032 2128 1099 τοῖς
2173 1024 2512 1103 Ἕλλησιν)
2560 1027 2635 1086 et
2684 1017 2750 1083 iu

342 1148 428 1219 ea·
464 1150 533 1196 re
579 1149 832 1197 summa
879 1140 976 1197 est
1010 1130 1358 1216 δωροδοκίας
1395 1142 1510 1199 aut
1545 1133 1798 1198 occasio
1838 1137 1950 1197 anit
1988 1129 2263 1196 facultas
2288 1136 2402 1194 aut
2428 1123 2752 1213 suspicio.

343 1233 479 1301 Non
528 1245 623 1302 est
672 1234 750 1303 de
798 1235 1001 1303 nihilo
1046 1237 1211 1324 qnod
1273 1236 1588 1306 Craterus
1648 1235 1956 1303 Aristidis
2003 1243 2450 1302 accusatorem
2496 1231 2754 1299 diserte

347 1341 634 1407 nominat
706 1341 1061 1426 Διόφαντον
1125 1344 1228 1411 τὸν
1288 1345 1812 1429 Ἀμφιτροπῆθεν.
1912 1341 2093 1409 Unde
2167 1339 2427 1407 tandem
2503 1353 2754 1405 nomen

346 1446 627 1513 hominis
675 1449 884 1534 potuit
935 1450 1283 1520 resciscere
1350 1451 1476 1517 nisi
1535 1451 1605 1516 ἐκ
1652 1456 1772 1517 τῶν
1818 1447 2119 1528 δημοσίων
2167 1443 2618 1529 γραμμάτων,
2673 1460 2756 1510 ex

351 1551 588 1618 tabulis
632 1551 905 1640 publicis
966 1555 1027 1620 ἐν
1083 1557 1169 1638 τῷ
1226 1553 1504 1640 Μητρῴῳ
1568 1555 1874 1633 servatiS,
1924 1556 1990 1621 in
2043 1552 2280 1641 quibus
2332 1549 2572 1618 iudicia
2633 1567 2756 1638 pu·
2877 1631 2878 1636 ἵ

348 1657 548 1737 blica,
597 1668 1046 1727 accusatorum
1092 1670 1156 1728 et
1197 1681 1454 1729 reorum
1509 1661 1770 1728 nomina
1808 1670 1872 1728 et
1913 1661 2231 1745 cuiusque
2272 1657 2501 1724 iudicii
2525 1655 2759 1724 exitus

348 1764 690 1851 diligenter
751 1765 1071 1854 descripta
1138 1776 1345 1834 erant.
1441 1765 1929 1835 confirmantur
1993 1764 2149 1831 haec
2214 1763 2419 1830 altero
2488 1760 2756 1828 Crateri

347 1869 744 1957 fragmento,
817 1872 984 1959 quod
1056 1873 1207 1960 quia
1280 1874 1528 1941 Crateri
1603 1892 1830 1940 nomen
1900 1873 1964 1937 in
2029 1868 2399 1958 corruptela
2464 1867 2757 1943 latebat,

351 1976 647 2042 Meinekii
693 1975 1092 2064 diligentiam
1138 1978 1386 2065 effugit.
1455 1980 1526 2045 In
1568 1978 1798 2046 Lexico
1837 1976 2183 2043 Rhetorice
2221 1971 2754 2060 Cantabrigiensi

350 2102 411 2149 v.
462 2083 911 2164 Εἱσαγγελία,
966 2084 1071 2150 ubi
1121 2083 1536 2151 scribendum
1585 2083 1953 2151 emendate:
2000 2086 2036 2160 ἡ
2075 2082 2248 2148 κατὰ
2290 2078 2754 2160 Θεμιστοκλέους

349 2189 772 2268 εἲσαγγελία,
821 2187 891 2265 ἣν
927 2191 1291 2270 εἰσήγγειλε
1334 2191 1550 2256 κατὰ
1591 2190 1987 2273 Κρατερὸν
2021 2188 2373 2267 Λεωβώτης
2417 2185 2754 2265 ’Δλκμέυ-

352 2317 444 2366 νος
489 2295 890 2376 Ἀγρυλῆθεν,
918 2314 1033 2383 pro
1058 2295 1327 2362 lectione
1353 2297 1529 2362 unici
1557 2295 1838 2362 Codicis:
1885 2294 2013 2361 εἴτε
2051 2291 2427 2374 θεμιςοκλέα
2468 2274 2755 2371 εἷσαγγὲ

353 2400 388 2477 ἢ
461 2400 823 2480 εἰσήγγειλε
884 2403 1169 2485 κρατερὸς
1233 2403 1555 2482 λεσβώτης
1612 2401 2005 2481 άλκμαίωνος
2069 2399 2488 2482 άγραυλῆθεν.
2611 2397 2750 2464 lam

351 2525 661 2594 compone
710 2504 869 2573 mihi
917 2527 1067 2575 cum
1109 2506 1209 2574 his
1248 2505 1458 2575 locum
1507 2507 1835 2575 Plutarchi
1878 2508 1943 2573 in
1973 2504 2407 2574 Themistocle
2457 2506 2568 2570 23.
2617 2506 2652 2570 ὃ
2691 2502 2748 2568 δὲ

350 2610 758 2693 γραψάμενος
811 2611 939 2701 (τὸν
987 2614 1409 2703 Θεμιςοκλέα)
1459 2614 1778 2696 προδοσίας
1828 2610 2164 2692 Λεωβάτης
2213 2610 2283 2689 ἦν
2312 2609 2753 2690 Ἀλκμαίωνος

351 2718 808 2799 ’Λγραύληθεν,
859 2718 1054 2785 scrib.
1104 2720 1450 2799 Λεωβώτης
1494 2719 1884 2798 ’Λλκμέωνος
1923 2720 2327 2800 Ἀγρυλῆθεν.
2404 2715 2588 2783 Unde
2629 2715 2759 2782 hoe

353 2827 586 2891 sumsit
639 2823 1061 2891 Plutarchus?
1135 2825 1374 2913 Nempe
1422 2845 1460 2891 a
1512 2824 1800 2892 Cratero.
1901 2822 2079 2891 Unde
2125 2822 2474 2889 Craterus?
2523 2823 2597 2888 ἐκ
2635 2827 2761 2887 τῶν

353 2929 649 3010 δημοσίων
705 2930 1125 3014 γραμμάτων.
1222 2933 1443 3018 ltaque
1507 2928 1822 3018 quidquid
1885 2928 2272 2996 Plutarchus
2332 2926 2757 3015 obloquitur,

357 3035 674 3103 Aristides
720 3036 840 3102 sul)
899 3039 1070 3105 vitae
1126 3039 1374 3104 exitum
1437 3038 1662 3124 iniquo
1725 3034 1965 3102 iudicio
2010 3035 2506 3101 circumventus
2552 3031 2763 3100 cessit

360 3141 630 3208 Athenis
676 3149 741 3208 et
789 3143 853 3208 in
910 3144 1056 3207 Asia
1108 3141 1275 3210 diem
1343 3141 1527 3209 obiit.
1626 3138 2040 3228 Aliquamdiu
2092 3149 2232 3228 post
2284 3147 2565 3206 mortem
2613 3137 2761 3205 lau·

357 3246 547 3313 dibus
610 3246 678 3311 in
748 3246 994 3313 coelum
1071 3246 1285 3314 efferri
1362 3255 1628 3334 coeptus
1694 3254 1821 3322 est,
1887 3245 2213 3334 imprimis
2264 3264 2302 3309 a
2353 3242 2764 3332 philosophis

361 3351 677 3419 Aeschine
722 3359 787 3418 et
836 3352 1131 3432 Platone,
1184 3363 1247 3420 et
1297 3352 1548 3440 publice
1595 3350 1984 3418 subventum
2026 3360 2125 3417 est
2175 3350 2430 3437 inopiae
2475 3358 2543 3417 et
2595 3349 2761 3417 lilia·

356 3477 503 3524 rum
574 3468 638 3525 ct
710 3455 823 3522 filii
898 3457 1290 3546 Lysimachi.
1395 3457 1563 3524 Audi
1641 3454 2059 3524 Plutarchum
2138 3456 2203 3521 in
2277 3453 2572 3523 Aristide
2647 3460 2761 3523 27.

356 3562 714 3647 Λυσιμάχῳ
761 3563 824 3629 δὲ
870 3566 954 3647 τῷ
1000 3565 1103 3646 υἱῷ
1143 3568 1308 3644 μνᾶς
1353 3564 1468 3644 μὲν
1515 3563 1733 3630 ἑκατὸν
1778 3562 2068 3646 άργυρίου
2125 3562 2231 3628 καὶ
2294 3568 2419 3640 γῆς
2468 3568 2764 3630 τοσαῦτα

359 3671 591 3753 πλέθρα
631 3669 1104 3753 πεφυτευμένης
1144 3668 1361 3736 ἔδωκεν
1406 3671 1435 3735 ὅ
1479 3668 1666 3748 δῆμος
1687 3719 1704 3747 ,
1748 3666 1958 3741 ἄλλοις
1997 3668 2062 3734 δὲ
2102 3667 2402 3750 δραχμὰς
2441 3666 2765 3752 τέσσαρας

357 3778 445 3848 εἷς
492 3775 723 3857 ἡμέραν
793 3773 1019 3852 ἐκάςην
1078 3774 1617 3854 Ἀλκιβιάδου
1671 3780 1758 3841 τὸ
1818 3773 2209 3857 ψήφισμα
2255 3773 2760 3857 γράψαντος.

359 3880 715 3966 Diligenter
775 3877 1241 3948 consideranda
1304 3890 1457 3946 sunt
1513 3878 1744 3946 ultima
1802 3877 1997 3946 verba
2049 3878 2464 3957 Ἀλκιβιάδου
2512 3881 2588 3947 τὸ
2634 3880 2766 3965 ψή-

358 3993 580 4072 φισμα
634 3985 1021 4068 γράψαντος.
1120 3985 1474 4053 Aristidem
1540 3984 1700 4050 satis
1767 3991 2020 4050 constat
2067 3982 2240 4050 diem
2287 3984 2534 4052 obiisse
2584 3989 2766 4054 circa

361 4111 603 4159 annum
656 4095 786 4157 469
833 4112 912 4157 an
966 4095 1117 4158 468.
1182 4089 1543 4159 Alcibiades
1585 4098 1778 4155 natus
1823 4090 1997 4155 circa
2033 4108 2276 4155 annum
2325 4094 2460 4157 449
2497 4093 2768 4161 etiamsi

362 4196 734 4265 adolescens
770 4195 1115 4263 admodum
1153 4217 1354 4283 remp.
1397 4214 1731 4281 capessere
1766 4195 1977 4283 coepit
2012 4204 2075 4262 et
2119 4195 2317 4262 είπεῒν
2348 4196 2412 4261 ἐν
2457 4200 2548 4281 τῷ
2570 4198 2770 4283 δήμῳ,

364 4304 587 4372 multis
658 4312 873 4369 tamen
943 4303 1133 4368 annis
1198 4311 1338 4390 post
1403 4300 1757 4368 Aristidem
1822 4310 2152 4367 mortuum
2218 4301 2434 4387 potuit
2492 4302 2768 4371 demum

365 4411 613 4494 γράψαι
661 4407 731 4473 τὸ
776 4408 1091 4492 ψήφισμα
1149 4418 1221 4476 ιιι
1267 4407 1475 4476 »tiliae
1523 4405 1833 4474 Aristidis
1885 4406 2139 4495 publice
2186 4406 2523 4477 alerentur
2571 4420 2641 4479 et
2690 4411 2770 4479 de
