<?xml version="1.0" encoding="UTF-8"?>
<!DOCTYPE html PUBLIC "-//W3C//DTD XHTML 1.0 Transitional//EN"
    "http://www.w3.org/TR/xhtml1/DTD/xhtml1-transitional.dtd">
<html xmlns="http://www.w3.org/1999/xhtml" xml:lang="en" lang="en">
 <head>
  <title>
</title>
<meta http-equiv="Content-Type" content="text/html;charset=utf-8" />
  <meta name='ocr-system' content='tesseract 3.04.00' />
  <meta name='ocr-capabilities' content='ocr_page ocr_carea ocr_par ocr_line ocrx_word'/>
</head>
<body>
  <div class='ocr_page' id='page_1' title='image "./mnemosynebiblio09servgoog/mnemosynebiblio09servgoog_0029.png"; bbox 0 0 2934 5050; ppageno 0'>
   <div class='ocr_carea' id='block_1_1' title="bbox 1078 299 2666 364">
    <p class='ocr_par' dir='ltr' id='par_1_1' title="bbox 1078 299 2666 364">
     <span class='ocr_line' id='line_1_1' title="bbox 1078 299 2666 364; baseline -0.001 -3"><span class='ocrx_word' id='word_1_1' title='bbox 1078 314 1461 362; x_wconf 67' lang='lat' dir='ltr'><strong>ramotoetca</strong></span> <span class='ocrx_word' id='word_1_2' title='bbox 1511 316 1584 361; x_wconf 71' lang='lat' dir='ltr'><strong>er</strong></span> <span class='ocrx_word' id='word_1_3' title='bbox 1634 316 1886 364; x_wconf 63' lang='lat' dir='ltr'><strong>nutrica.</strong></span> <span class='ocrx_word' id='word_1_4' title='bbox 2590 299 2666 361; x_wconf 88' lang='lat'><strong>17</strong></span> 
     </span>
    </p>
   </div>
   <div class='ocr_carea' id='block_1_2' title="bbox 272 482 2234 677">
    <p class='ocr_par' dir='ltr' id='par_1_2' title="bbox 272 482 2234 677">
     <span class='ocr_line' id='line_1_2' title="bbox 655 482 2234 566; baseline 0.002 -16"><span class='ocrx_word' id='word_1_5' title='bbox 655 482 703 550; x_wconf 80' lang='grc' dir='ltr'><em>ὦ</em></span> <span class='ocrx_word' id='word_1_6' title='bbox 748 483 920 566; x_wconf 71' lang='grc' dir='ltr'><strong><em>γέρον</em></strong></span> <span class='ocrx_word' id='word_1_7' title='bbox 942 534 962 564; x_wconf 87' lang='grc'><em>,</em></span> <span class='ocrx_word' id='word_1_8' title='bbox 1012 484 1208 558; x_wconf 78' lang='grc' dir='ltr'><strong><em>οὔπως</em></strong></span> <span class='ocrx_word' id='word_1_9' title='bbox 1255 483 1461 565; x_wconf 73' lang='grc' dir='ltr'><strong><em>ἔγωγε</em></strong></span> <span class='ocrx_word' id='word_1_10' title='bbox 1507 490 1686 552; x_wconf 77' lang='grc' dir='ltr'><strong><em>τοῦτο</em></strong></span> <span class='ocrx_word' id='word_1_11' title='bbox 1729 485 2051 553; x_wconf 70' lang='grc' dir='ltr'><strong><em>τελέεσθαι</em></strong></span> <span class='ocrx_word' id='word_1_12' title='bbox 2098 489 2198 555; x_wconf 79' lang='grc' dir='ltr'><strong>ὀΐω</strong></span> <span class='ocrx_word' id='word_1_13' title='bbox 2219 537 2234 553; x_wconf 91' lang='grc'><strong>.</strong></span> 
     </span>
     <span class='ocr_line' id='line_1_3' title="bbox 272 590 1921 677; baseline 0.002 -22"><span class='ocrx_word' id='word_1_14' title='bbox 272 591 399 677; x_wconf 82' lang='lat' dir='ltr'><strong>qui</strong></span> <span class='ocrx_word' id='word_1_15' title='bbox 446 600 706 657; x_wconf 81' lang='lat' dir='ltr'><strong>servato</strong></span> <span class='ocrx_word' id='word_1_16' title='bbox 754 590 955 665; x_wconf 80' lang='grc' dir='ltr'><strong><em>οὔπως</em></strong></span> <span class='ocrx_word' id='word_1_17' title='bbox 1003 610 1079 657; x_wconf 85' lang='lat' dir='ltr'><strong>ex</strong></span> <span class='ocrx_word' id='word_1_18' title='bbox 1130 591 1409 658; x_wconf 81' lang='lat' dir='ltr'><strong>Homero</strong></span> <span class='ocrx_word' id='word_1_19' title='bbox 1463 591 1921 658; x_wconf 84' lang='lat' dir='ltr'><strong>emendandus,</strong></span> 
     </span>
    </p>
   </div>
   <div class='ocr_carea' id='block_1_3' title="bbox 260 801 2672 4380">
    <p class='ocr_par' dir='ltr' id='par_1_3' title="bbox 260 801 2672 4380">
     <span class='ocr_line' id='line_1_4' title="bbox 379 801 2670 895; baseline 0.003 -26"><span class='ocrx_word' id='word_1_20' title='bbox 379 802 469 869; x_wconf 74' lang='lat' dir='ltr'><strong>Aa</strong></span> <span class='ocrx_word' id='word_1_21' title='bbox 521 801 752 892; x_wconf 77' lang='lat' dir='ltr'><strong>odyss.</strong></span> <span class='ocrx_word' id='word_1_22' title='bbox 802 811 886 870; x_wconf 90' lang='lat' dir='ltr'><strong>N.</strong></span> <span class='ocrx_word' id='word_1_23' title='bbox 943 809 1066 870; x_wconf 86' lang='lat'><strong>119</strong></span> <span class='ocrx_word' id='word_1_24' title='bbox 1118 804 1356 891; x_wconf 85' lang='lat' dir='ltr'><strong>legitur</strong></span> <span class='ocrx_word' id='word_1_25' title='bbox 1393 804 1584 891; x_wconf 83' lang='lat' dir='ltr'><strong>longa</strong></span> <span class='ocrx_word' id='word_1_26' title='bbox 1635 804 1976 895; x_wconf 82' lang='lat' dir='ltr'><strong>Porphyrii</strong></span> <span class='ocrx_word' id='word_1_27' title='bbox 2028 807 2395 884; x_wconf 79' lang='lat' dir='ltr'><strong>annotatio,</strong></span> <span class='ocrx_word' id='word_1_28' title='bbox 2445 808 2670 895; x_wconf 89' lang='lat' dir='ltr'><strong>quales</strong></span> 
     </span>
     <span class='ocr_line' id='line_1_5' title="bbox 278 908 2667 997; baseline 0.003 -23"><span class='ocrx_word' id='word_1_29' title='bbox 278 908 647 997; x_wconf 87' lang='lat' dir='ltr'><strong>permultae</strong></span> <span class='ocrx_word' id='word_1_30' title='bbox 694 929 845 975; x_wconf 88' lang='lat' dir='ltr'><strong>cum</strong></span> <span class='ocrx_word' id='word_1_31' title='bbox 891 911 1177 977; x_wconf 88' lang='lat' dir='ltr'><strong>auctoris</strong></span> <span class='ocrx_word' id='word_1_32' title='bbox 1224 912 1484 978; x_wconf 90' lang='lat' dir='ltr'><strong>nomine</strong></span> <span class='ocrx_word' id='word_1_33' title='bbox 1532 911 1595 977; x_wconf 88' lang='lat' dir='ltr'><strong>iu</strong></span> <span class='ocrx_word' id='word_1_34' title='bbox 1644 910 1920 978; x_wconf 88' lang='lat' dir='ltr'><strong>Scholiis</strong></span> <span class='ocrx_word' id='word_1_35' title='bbox 1971 911 2230 979; x_wconf 88' lang='lat' dir='ltr'><strong>Venetis</strong></span> <span class='ocrx_word' id='word_1_36' title='bbox 2276 912 2354 978; x_wconf 88' lang='lat' dir='ltr'><strong>ad</strong></span> <span class='ocrx_word' id='word_1_37' title='bbox 2406 913 2667 980; x_wconf 75' lang='lat' dir='ltr'>iliadem</span> 
     </span>
     <span class='ocr_line' id='line_1_6' title="bbox 279 1014 2672 1103; baseline 0.001 -22"><span class='ocrx_word' id='word_1_38' title='bbox 279 1016 749 1101; x_wconf 86' lang='lat' dir='ltr'><strong>reperiuntur,</strong></span> <span class='ocrx_word' id='word_1_39' title='bbox 815 1015 981 1083; x_wconf 81' lang='lat' dir='ltr'><strong>unde</strong></span> <span class='ocrx_word' id='word_1_40' title='bbox 1029 1014 1218 1083; x_wconf 82' lang='lat' dir='ltr'><strong>facile</strong></span> <span class='ocrx_word' id='word_1_41' title='bbox 1261 1018 1326 1082; x_wconf 88' lang='lat' dir='ltr'><strong>in</strong></span> <span class='ocrx_word' id='word_1_42' title='bbox 1378 1016 1480 1083; x_wconf 91' lang='lat' dir='ltr'><strong>his</strong></span> <span class='ocrx_word' id='word_1_43' title='bbox 1529 1014 1695 1082; x_wconf 89' lang='lat' dir='ltr'><strong>idem</strong></span> <span class='ocrx_word' id='word_1_44' title='bbox 1759 1028 1987 1084; x_wconf 88' lang='lat' dir='ltr'><strong>auctor</strong></span> <span class='ocrx_word' id='word_1_45' title='bbox 2034 1018 2428 1103; x_wconf 76' lang='lat' dir='ltr'><strong>agnoscitur.</strong></span> <span class='ocrx_word' id='word_1_46' title='bbox 2523 1018 2672 1084; x_wconf 88' lang='lat' dir='ltr'><strong>Por·</strong></span> 
     </span>
     <span class='ocr_line' id='line_1_7' title="bbox 278 1119 2671 1209; baseline 0.001 -23"><span class='ocrx_word' id='word_1_47' title='bbox 278 1119 561 1209; x_wconf 78' lang='lat' dir='ltr'><strong>phyrius</strong></span> <span class='ocrx_word' id='word_1_48' title='bbox 610 1119 815 1187; x_wconf 87' lang='lat' dir='ltr'><strong>multa</strong></span> <span class='ocrx_word' id='word_1_49' title='bbox 866 1121 946 1188; x_wconf 87' lang='lat' dir='ltr'><strong>ab</strong></span> <span class='ocrx_word' id='word_1_50' title='bbox 993 1121 1404 1200; x_wconf 68' lang='lat' dir='ltr'><strong>Antisthene,</strong></span> <span class='ocrx_word' id='word_1_51' title='bbox 1458 1120 1637 1208; x_wconf 89' lang='lat' dir='ltr'><strong>plura</strong></span> <span class='ocrx_word' id='word_1_52' title='bbox 1684 1121 1765 1188; x_wconf 90' lang='lat' dir='ltr'><strong>ab</strong></span> <span class='ocrx_word' id='word_1_53' title='bbox 1816 1123 2187 1200; x_wconf 78' lang='lat' dir='ltr'><strong>Aristotele,</strong></span> <span class='ocrx_word' id='word_1_54' title='bbox 2240 1122 2540 1189; x_wconf 90' lang='lat' dir='ltr'><strong>nonnulla</strong></span> <span class='ocrx_word' id='word_1_55' title='bbox 2591 1124 2671 1189; x_wconf 86' lang='lat' dir='ltr'><strong>ab</strong></span> 
     </span>
     <span class='ocr_line' id='line_1_8' title="bbox 281 1225 2668 1316; baseline 0.001 -23"><span class='ocrx_word' id='word_1_56' title='bbox 281 1225 625 1293; x_wconf 78' lang='lat' dir='ltr'><strong>Heraclide</strong></span> <span class='ocrx_word' id='word_1_57' title='bbox 669 1227 932 1294; x_wconf 82' lang='lat' dir='ltr'><strong>Pontico</strong></span> <span class='ocrx_word' id='word_1_58' title='bbox 978 1227 1056 1293; x_wconf 87' lang='lat' dir='ltr'><strong>de</strong></span> <span class='ocrx_word' id='word_1_59' title='bbox 1096 1229 1373 1296; x_wconf 86' lang='lat' dir='ltr'><strong>Homero</strong></span> <span class='ocrx_word' id='word_1_60' title='bbox 1420 1230 1662 1315; x_wconf 89' lang='lat' dir='ltr'><strong>scripta</strong></span> <span class='ocrx_word' id='word_1_61' title='bbox 1713 1227 1932 1295; x_wconf 88' lang='lat' dir='ltr'><strong>sedulo</strong></span> <span class='ocrx_word' id='word_1_62' title='bbox 1981 1229 2294 1297; x_wconf 82' lang='lat' dir='ltr'><strong>lectitavit</strong></span> <span class='ocrx_word' id='word_1_63' title='bbox 2338 1230 2668 1316; x_wconf 86' lang='lat' dir='ltr'><strong>multaque</strong></span> 
     </span>
     <span class='ocr_line' id='line_1_9' title="bbox 280 1331 2666 1421; baseline 0.001 -22"><span class='ocrx_word' id='word_1_64' title='bbox 280 1353 367 1399; x_wconf 81' lang='lat' dir='ltr'><strong>ex</strong></span> <span class='ocrx_word' id='word_1_65' title='bbox 418 1331 519 1397; x_wconf 91' lang='lat' dir='ltr'><strong>his</strong></span> <span class='ocrx_word' id='word_1_66' title='bbox 563 1332 641 1397; x_wconf 88' lang='lat' dir='ltr'><strong>ad</strong></span> <span class='ocrx_word' id='word_1_67' title='bbox 695 1333 956 1400; x_wconf 80' lang='lat' dir='ltr'><strong>Homeri</strong></span> <span class='ocrx_word' id='word_1_68' title='bbox 1006 1334 1608 1421; x_wconf 82' lang='lat' dir='ltr'><strong>interpretationem</strong></span> <span class='ocrx_word' id='word_1_69' title='bbox 1659 1354 2034 1421; x_wconf 77' lang='lat' dir='ltr'><strong>expromere</strong></span> <span class='ocrx_word' id='word_1_70' title='bbox 2082 1335 2262 1403; x_wconf 90' lang='lat' dir='ltr'><strong>solet.</strong></span> <span class='ocrx_word' id='word_1_71' title='bbox 2360 1335 2484 1403; x_wconf 88' lang='lat' dir='ltr'><strong>Sed</strong></span> <span class='ocrx_word' id='word_1_72' title='bbox 2538 1355 2666 1401; x_wconf 89' lang='lat' dir='ltr'><strong>ma·</strong></span> 
     </span>
     <span class='ocr_line' id='line_1_10' title="bbox 278 1438 2659 1529; baseline 0.001 -25"><span class='ocrx_word' id='word_1_73' title='bbox 278 1438 417 1504; x_wconf 92' lang='lat' dir='ltr'><strong>lum</strong></span> <span class='ocrx_word' id='word_1_74' title='bbox 461 1438 700 1504; x_wconf 76' lang='lat' dir='ltr'><strong>lactum</strong></span> <span class='ocrx_word' id='word_1_75' title='bbox 745 1438 914 1525; x_wconf 81' lang='lat' dir='ltr'><strong>quod</strong></span> <span class='ocrx_word' id='word_1_76' title='bbox 959 1439 1117 1506; x_wconf 91' lang='lat' dir='ltr'><strong>nihil</strong></span> <span class='ocrx_word' id='word_1_77' title='bbox 1166 1458 1587 1526; x_wconf 80' lang='lat' dir='ltr'><strong>magnopere,</strong></span> <span class='ocrx_word' id='word_1_78' title='bbox 1623 1440 1790 1529; x_wconf 88' lang='lat' dir='ltr'><strong>quod</strong></span> <span class='ocrx_word' id='word_1_79' title='bbox 1833 1440 2015 1507; x_wconf 90' lang='lat' dir='ltr'><strong>nobis</strong></span> <span class='ocrx_word' id='word_1_80' title='bbox 2053 1444 2197 1508; x_wconf 87' lang='lat' dir='ltr'><strong>usui</strong></span> <span class='ocrx_word' id='word_1_81' title='bbox 2241 1459 2390 1509; x_wconf 80' lang='lat' dir='ltr'><strong>esse·</strong></span> <span class='ocrx_word' id='word_1_82' title='bbox 2421 1442 2659 1529; x_wconf 90' lang='lat' dir='ltr'><strong>possit,</strong></span> 
     </span>
     <span class='ocr_line' id='line_1_11' title="bbox 275 1543 2665 1635; baseline 0 -23"><span class='ocrx_word' id='word_1_83' title='bbox 275 1566 359 1612; x_wconf 84' lang='lat' dir='ltr'><strong>ex</strong></span> <span class='ocrx_word' id='word_1_84' title='bbox 404 1543 530 1612; x_wconf 90' lang='lat' dir='ltr'><strong>illis</strong></span> <span class='ocrx_word' id='word_1_85' title='bbox 577 1545 967 1635; x_wconf 89' lang='lat' dir='ltr'><strong>philosophis</strong></span> <span class='ocrx_word' id='word_1_86' title='bbox 1015 1549 1078 1612; x_wconf 92' lang='lat' dir='ltr'><strong>in</strong></span> <span class='ocrx_word' id='word_1_87' title='bbox 1131 1545 1412 1613; x_wconf 89' lang='lat' dir='ltr'><strong>medium</strong></span> <span class='ocrx_word' id='word_1_88' title='bbox 1458 1546 1809 1633; x_wconf 82' lang='lat' dir='ltr'><strong>profertur.</strong></span> <span class='ocrx_word' id='word_1_89' title='bbox 1905 1546 2055 1614; x_wconf 81' lang='lat' dir='ltr'><strong>l‘lus</strong></span> <span class='ocrx_word' id='word_1_90' title='bbox 2096 1556 2189 1614; x_wconf 91' lang='lat' dir='ltr'><strong>est</strong></span> <span class='ocrx_word' id='word_1_91' title='bbox 2237 1549 2302 1614; x_wconf 90' lang='lat' dir='ltr'><strong>in</strong></span> <span class='ocrx_word' id='word_1_92' title='bbox 2345 1568 2470 1615; x_wconf 86' lang='lat' dir='ltr'><strong>una</strong></span> <span class='ocrx_word' id='word_1_93' title='bbox 2522 1548 2665 1613; x_wconf 81' lang='lat' dir='ltr'><strong>Ari·</strong></span> 
     </span>
     <span class='ocr_line' id='line_1_12' title="bbox 273 1651 2666 1741; baseline 0.001 -24"><span class='ocrx_word' id='word_1_94' title='bbox 273 1651 527 1718; x_wconf 82' lang='lat' dir='ltr'><strong>starchi</strong></span> <span class='ocrx_word' id='word_1_95' title='bbox 588 1652 1029 1719; x_wconf 80' lang='lat' dir='ltr'><strong>observatione</strong></span> <span class='ocrx_word' id='word_1_96' title='bbox 1078 1651 1224 1718; x_wconf 89' lang='lat' dir='ltr'><strong>boni</strong></span> <span class='ocrx_word' id='word_1_97' title='bbox 1294 1672 1487 1740; x_wconf 86' lang='lat' dir='ltr'><strong>quam</strong></span> <span class='ocrx_word' id='word_1_98' title='bbox 1556 1653 1619 1716; x_wconf 92' lang='lat' dir='ltr'><strong>in</strong></span> <span class='ocrx_word' id='word_1_99' title='bbox 1689 1652 1988 1719; x_wconf 89' lang='lat' dir='ltr'><strong>omnihus</strong></span> <span class='ocrx_word' id='word_1_100' title='bbox 2035 1673 2199 1739; x_wconf 91' lang='lat' dir='ltr'><strong>quae</strong></span> <span class='ocrx_word' id='word_1_101' title='bbox 2271 1651 2666 1741; x_wconf 81' lang='lat' dir='ltr'><strong>Porphyrius</strong></span> 
     </span>
     <span class='ocr_line' id='line_1_13' title="bbox 272 1756 2662 1846; baseline -0.001 -21"><span class='ocrx_word' id='word_1_102' title='bbox 272 1779 355 1825; x_wconf 83' lang='lat' dir='ltr'><strong>ex</strong></span> <span class='ocrx_word' id='word_1_103' title='bbox 402 1757 928 1845; x_wconf 80' lang='lat' dir='ltr'><strong>Philosophorum</strong></span> <span class='ocrx_word' id='word_1_104' title='bbox 975 1758 1053 1825; x_wconf 91' lang='lat' dir='ltr'><strong>de</strong></span> <span class='ocrx_word' id='word_1_105' title='bbox 1098 1759 1373 1826; x_wconf 85' lang='lat' dir='ltr'><strong>Homero</strong></span> <span class='ocrx_word' id='word_1_106' title='bbox 1417 1759 1681 1846; x_wconf 88' lang='lat' dir='ltr'><strong>scriptis</strong></span> <span class='ocrx_word' id='word_1_107' title='bbox 1722 1758 1902 1824; x_wconf 89' lang='lat' dir='ltr'><strong>nobis</strong></span> <span class='ocrx_word' id='word_1_108' title='bbox 1949 1760 2249 1826; x_wconf 84' lang='lat' dir='ltr'><strong>servavit.</strong></span> <span class='ocrx_word' id='word_1_109' title='bbox 2330 1756 2494 1822; x_wconf 89' lang='lat' dir='ltr'><strong>Sunt</strong></span> <span class='ocrx_word' id='word_1_110' title='bbox 2538 1778 2662 1823; x_wconf 90' lang='lat' dir='ltr'><strong>non</strong></span> 
     </span>
     <span class='ocr_line' id='line_1_14' title="bbox 276 1861 2662 1951; baseline -0.001 -21"><span class='ocrx_word' id='word_1_111' title='bbox 276 1862 580 1951; x_wconf 82' lang='lat' dir='ltr'><strong>illepidae</strong></span> <span class='ocrx_word' id='word_1_112' title='bbox 618 1862 698 1930; x_wconf 83' lang='lat' dir='ltr'><strong>dc</strong></span> <span class='ocrx_word' id='word_1_113' title='bbox 745 1862 1131 1949; x_wconf 86' lang='lat' dir='ltr'><strong>quibusdam</strong></span> <span class='ocrx_word' id='word_1_114' title='bbox 1184 1864 1340 1931; x_wconf 89' lang='lat' dir='ltr'><strong>locis</strong></span> <span class='ocrx_word' id='word_1_115' title='bbox 1385 1865 1744 1931; x_wconf 86' lang='lat' dir='ltr'><strong>Homericis</strong></span> <span class='ocrx_word' id='word_1_116' title='bbox 1800 1864 2347 1931; x_wconf 76' lang='lat' dir='ltr'><strong>confabulationes</strong></span> <span class='ocrx_word' id='word_1_117' title='bbox 2394 1861 2662 1949; x_wconf 85' lang='lat' dir='ltr'><strong>legenti-</strong></span> 
     </span>
     <span class='ocr_line' id='line_1_15' title="bbox 280 1968 2658 2055; baseline 0 -19"><span class='ocrx_word' id='word_1_118' title='bbox 280 1969 407 2036; x_wconf 85' lang='lat' dir='ltr'><strong>bus</strong></span> <span class='ocrx_word' id='word_1_119' title='bbox 456 1968 821 2036; x_wconf 88' lang='lat' dir='ltr'><strong>istiusmodi</strong></span> <span class='ocrx_word' id='word_1_120' title='bbox 887 1968 1266 2037; x_wconf 88' lang='lat' dir='ltr'><strong>deliciarum</strong></span> <span class='ocrx_word' id='word_1_121' title='bbox 1331 1970 1702 2037; x_wconf 80' lang='lat' dir='ltr'><strong>amantibus</strong></span> <span class='ocrx_word' id='word_1_122' title='bbox 1753 1970 1957 2037; x_wconf 88' lang='lat' dir='ltr'><strong>multo</strong></span> <span class='ocrx_word' id='word_1_123' title='bbox 2005 1969 2419 2036; x_wconf 85' lang='lat' dir='ltr'><strong>iucundiores</strong></span> <span class='ocrx_word' id='word_1_124' title='bbox 2464 1987 2658 2055; x_wconf 87' lang='lat' dir='ltr'><strong>quam</strong></span> 
     </span>
     <span class='ocr_line' id='line_1_16' title="bbox 273 2073 2661 2163; baseline 0 -22"><span class='ocrx_word' id='word_1_125' title='bbox 273 2074 361 2141; x_wconf 85' lang='lat' dir='ltr'><strong>ad</strong></span> <span class='ocrx_word' id='word_1_126' title='bbox 413 2075 764 2142; x_wconf 84' lang='lat' dir='ltr'><strong>Homerum</strong></span> <span class='ocrx_word' id='word_1_127' title='bbox 806 2075 1296 2163; x_wconf 87' lang='lat' dir='ltr'><strong>intelligendum</strong></span> <span class='ocrx_word' id='word_1_128' title='bbox 1348 2075 1673 2151; x_wconf 89' lang='lat' dir='ltr'><strong>utiliores,</strong></span> <span class='ocrx_word' id='word_1_129' title='bbox 1716 2074 1931 2162; x_wconf 86' lang='lat' dir='ltr'><strong>qualia</strong></span> <span class='ocrx_word' id='word_1_130' title='bbox 1973 2084 2072 2142; x_wconf 88' lang='lat' dir='ltr'><strong>sat</strong></span> <span class='ocrx_word' id='word_1_131' title='bbox 2113 2076 2314 2141; x_wconf 88' lang='lat' dir='ltr'><strong>multa</strong></span> <span class='ocrx_word' id='word_1_132' title='bbox 2362 2073 2661 2142; x_wconf 88' lang='lat' dir='ltr'><strong>Socrates</strong></span> 
     </span>
     <span class='ocr_line' id='line_1_17' title="bbox 271 2179 2660 2269; baseline -0.001 -21"><span class='ocrx_word' id='word_1_133' title='bbox 271 2179 448 2269; x_wconf 86' lang='lat' dir='ltr'><strong>apud</strong></span> <span class='ocrx_word' id='word_1_134' title='bbox 512 2180 836 2247; x_wconf 85' lang='lat' dir='ltr'><strong>Platonem</strong></span> <span class='ocrx_word' id='word_1_135' title='bbox 888 2190 952 2249; x_wconf 91' lang='lat' dir='ltr'><strong>et</strong></span> <span class='ocrx_word' id='word_1_136' title='bbox 1002 2182 1484 2268; x_wconf 87' lang='lat' dir='ltr'><strong>Xenophontem</strong></span> <span class='ocrx_word' id='word_1_137' title='bbox 1534 2180 1743 2263; x_wconf 76' lang='grc' dir='ltr'><strong><em>παίζει</em></strong></span> <span class='ocrx_word' id='word_1_138' title='bbox 1790 2205 1862 2247; x_wconf 79' lang='grc' dir='ltr'><strong>τε</strong></span> <span class='ocrx_word' id='word_1_139' title='bbox 1905 2180 2009 2247; x_wconf 81' lang='grc' dir='ltr'><strong>καὶ</strong></span> <span class='ocrx_word' id='word_1_140' title='bbox 2058 2182 2453 2261; x_wconf 72' lang='grc' dir='ltr'><strong><em>εἰρωνεύεται.</em></strong></span> <span class='ocrx_word' id='word_1_141' title='bbox 2534 2181 2660 2247; x_wconf 90' lang='lat' dir='ltr'><strong>Hu-</strong></span> 
     </span>
     <span class='ocr_line' id='line_1_18' title="bbox 272 2286 2660 2374; baseline 0.002 -21"><span class='ocrx_word' id='word_1_142' title='bbox 272 2286 631 2354; x_wconf 86' lang='lat' dir='ltr'><strong>iuscemodi</strong></span> <span class='ocrx_word' id='word_1_143' title='bbox 679 2296 778 2353; x_wconf 90' lang='lat' dir='ltr'><strong>est</strong></span> <span class='ocrx_word' id='word_1_144' title='bbox 824 2286 1181 2374; x_wconf 86' lang='lat' dir='ltr'><strong>disputatio</strong></span> <span class='ocrx_word' id='word_1_145' title='bbox 1232 2286 1604 2355; x_wconf 85' lang='lat' dir='ltr'><strong>Heraclidae</strong></span> <span class='ocrx_word' id='word_1_146' title='bbox 1673 2287 1962 2365; x_wconf 85' lang='lat' dir='ltr'><strong>Pontici,</strong></span> <span class='ocrx_word' id='word_1_147' title='bbox 2028 2307 2220 2372; x_wconf 87' lang='lat' dir='ltr'><strong>quam</strong></span> <span class='ocrx_word' id='word_1_148' title='bbox 2282 2288 2464 2356; x_wconf 91' lang='lat' dir='ltr'><strong>nohis</strong></span> <span class='ocrx_word' id='word_1_149' title='bbox 2511 2291 2660 2357; x_wconf 90' lang='lat' dir='ltr'><strong>Por·</strong></span> 
     </span>
     <span class='ocr_line' id='line_1_19' title="bbox 272 2391 2656 2483; baseline 0.001 -23"><span class='ocrx_word' id='word_1_150' title='bbox 272 2393 551 2483; x_wconf 82' lang='lat' dir='ltr'><strong>phyrius</strong></span> <span class='ocrx_word' id='word_1_151' title='bbox 601 2395 905 2459; x_wconf 87' lang='lat' dir='ltr'><strong>servavit.</strong></span> <span class='ocrx_word' id='word_1_152' title='bbox 976 2393 1094 2460; x_wconf 84' lang='lat' dir='ltr'><strong>Est</strong></span> <span class='ocrx_word' id='word_1_153' title='bbox 1135 2392 1320 2481; x_wconf 86' lang='lat' dir='ltr'><strong>paulo</strong></span> <span class='ocrx_word' id='word_1_154' title='bbox 1364 2393 1692 2459; x_wconf 85' lang='lat' dir='ltr'><strong>verbosior</strong></span> <span class='ocrx_word' id='word_1_155' title='bbox 1732 2391 1842 2458; x_wconf 89' lang='lat' dir='ltr'><strong>sed</strong></span> <span class='ocrx_word' id='word_1_156' title='bbox 1887 2411 2010 2457; x_wconf 92' lang='lat' dir='ltr'><strong>non</strong></span> <span class='ocrx_word' id='word_1_157' title='bbox 2060 2392 2409 2459; x_wconf 87' lang='lat' dir='ltr'><strong>iniucunda</strong></span> <span class='ocrx_word' id='word_1_158' title='bbox 2452 2397 2656 2475; x_wconf 88' lang='lat' dir='ltr'><strong>lectu,</strong></span> 
     </span>
     <span class='ocr_line' id='line_1_20' title="bbox 271 2496 2657 2588; baseline -0.001 -18"><span class='ocrx_word' id='word_1_159' title='bbox 271 2519 482 2587; x_wconf 80' lang='lat' dir='ltr'><strong>neque</strong></span> <span class='ocrx_word' id='word_1_160' title='bbox 544 2499 919 2567; x_wconf 88' lang='lat' dir='ltr'><strong>Homericae</strong></span> <span class='ocrx_word' id='word_1_161' title='bbox 984 2499 1501 2588; x_wconf 86' lang='lat' dir='ltr'><strong>interpretationi</strong></span> <span class='ocrx_word' id='word_1_162' title='bbox 1566 2497 1783 2577; x_wconf 88' lang='lat' dir='ltr'><strong>utilis,</strong></span> <span class='ocrx_word' id='word_1_163' title='bbox 1848 2496 1961 2566; x_wconf 90' lang='lat' dir='ltr'><strong>sed</strong></span> <span class='ocrx_word' id='word_1_164' title='bbox 2022 2496 2125 2564; x_wconf 88' lang='lat' dir='ltr'><strong>hic</strong></span> <span class='ocrx_word' id='word_1_165' title='bbox 2186 2497 2318 2565; x_wconf 86' lang='lat' dir='ltr'><strong>illie</strong></span> <span class='ocrx_word' id='word_1_166' title='bbox 2366 2501 2542 2568; x_wconf 87' lang='lat' dir='ltr'><strong>vitiis</strong></span> <span class='ocrx_word' id='word_1_167' title='bbox 2588 2509 2657 2569; x_wconf 90' lang='lat' dir='ltr'><strong>et</strong></span> 
     </span>
     <span class='ocr_line' id='line_1_21' title="bbox 272 2603 2652 2695; baseline -0 -22"><span class='ocrx_word' id='word_1_168' title='bbox 272 2605 528 2673; x_wconf 87' lang='lat' dir='ltr'><strong>mendis</strong></span> <span class='ocrx_word' id='word_1_169' title='bbox 588 2604 832 2680; x_wconf 86' lang='lat' dir='ltr'><strong>obsita,</strong></span> <span class='ocrx_word' id='word_1_170' title='bbox 896 2626 1065 2693; x_wconf 89' lang='lat' dir='ltr'><strong>quae</strong></span> <span class='ocrx_word' id='word_1_171' title='bbox 1126 2607 1364 2695; x_wconf 90' lang='lat' dir='ltr'><strong>partim</strong></span> <span class='ocrx_word' id='word_1_172' title='bbox 1430 2606 1800 2690; x_wconf 79' lang='lat' dir='ltr'><strong>abstergere</strong></span> <span class='ocrx_word' id='word_1_173' title='bbox 1864 2603 2276 2682; x_wconf 87' lang='lat' dir='ltr'><strong>conahimur,</strong></span> <span class='ocrx_word' id='word_1_174' title='bbox 2343 2606 2511 2693; x_wconf 86' lang='lat' dir='ltr'><strong>quod</strong></span> <span class='ocrx_word' id='word_1_175' title='bbox 2577 2628 2652 2672; x_wconf 91' lang='lat' dir='ltr'><strong>eo</strong></span> 
     </span>
     <span class='ocr_line' id='line_1_22' title="bbox 270 2707 2654 2799; baseline 0 -21"><span class='ocrx_word' id='word_1_176' title='bbox 270 2711 601 2778; x_wconf 86' lang='lat' dir='ltr'><strong>lubentius</strong></span> <span class='ocrx_word' id='word_1_177' title='bbox 667 2710 980 2778; x_wconf 76' lang='lat' dir='ltr'><strong>faciemus</strong></span> <span class='ocrx_word' id='word_1_178' title='bbox 1041 2713 1189 2799; x_wconf 86' lang='lat' dir='ltr'><strong>quia</strong></span> <span class='ocrx_word' id='word_1_179' title='bbox 1261 2710 1627 2778; x_wconf 82' lang='lat' dir='ltr'><strong>Heraclides</strong></span> <span class='ocrx_word' id='word_1_180' title='bbox 1691 2720 1858 2777; x_wconf 89' lang='lat' dir='ltr'><strong>tersa</strong></span> <span class='ocrx_word' id='word_1_181' title='bbox 1919 2707 2262 2776; x_wconf 89' lang='lat' dir='ltr'><strong>admodum</strong></span> <span class='ocrx_word' id='word_1_182' title='bbox 2319 2720 2385 2779; x_wconf 89' lang='lat' dir='ltr'><strong>et</strong></span> <span class='ocrx_word' id='word_1_183' title='bbox 2451 2712 2654 2779; x_wconf 88' lang='lat' dir='ltr'><strong>nitida</strong></span> 
     </span>
     <span class='ocr_line' id='line_1_23' title="bbox 269 2816 2653 2904; baseline -0 -19"><span class='ocrx_word' id='word_1_184' title='bbox 269 2819 562 2885; x_wconf 85' lang='lat' dir='ltr'><strong>oratione</strong></span> <span class='ocrx_word' id='word_1_185' title='bbox 627 2818 858 2886; x_wconf 90' lang='lat' dir='ltr'><strong>utitur.</strong></span> <span class='ocrx_word' id='word_1_186' title='bbox 972 2819 1055 2886; x_wconf 83' lang='lat' dir='ltr'><strong>Et</strong></span> <span class='ocrx_word' id='word_1_187' title='bbox 1118 2827 1270 2883; x_wconf 89' lang='lat' dir='ltr'><strong>sunt</strong></span> <span class='ocrx_word' id='word_1_188' title='bbox 1333 2816 1648 2904; x_wconf 86' lang='lat' dir='ltr'><strong>quaedam</strong></span> <span class='ocrx_word' id='word_1_189' title='bbox 1718 2816 2039 2890; x_wconf 88' lang='lat' dir='ltr'><strong>tenuiora,</strong></span> <span class='ocrx_word' id='word_1_190' title='bbox 2106 2824 2177 2880; x_wconf 86' lang='lat' dir='ltr'><strong>ut</strong></span> <span class='ocrx_word' id='word_1_191' title='bbox 2227 2835 2286 2902; x_wconf 90' lang='lat' dir='ltr'><strong>p.</strong></span> <span class='ocrx_word' id='word_1_192' title='bbox 2350 2821 2518 2895; x_wconf 74' lang='lat'><strong>563,</strong></span> <span class='ocrx_word' id='word_1_193' title='bbox 2568 2822 2653 2884; x_wconf 70' lang='lat'><strong>25</strong></span> 
     </span>
     <span class='ocr_line' id='line_1_24' title="bbox 272 2919 2655 3008; baseline -0.001 -17"><span class='ocrx_word' id='word_1_194' title='bbox 272 2923 386 2991; x_wconf 86' lang='lat' dir='ltr'><strong>uhi</strong></span> <span class='ocrx_word' id='word_1_195' title='bbox 453 2925 698 2991; x_wconf 75' lang='lat' dir='ltr'><strong>inserto</strong></span> <span class='ocrx_word' id='word_1_196' title='bbox 759 2924 1033 2990; x_wconf 83' lang='lat' dir='ltr'><strong>articulo</strong></span> <span class='ocrx_word' id='word_1_197' title='bbox 1081 2921 1540 2990; x_wconf 80' lang='lat' dir='ltr'><strong>scribendum:</strong></span> <span class='ocrx_word' id='word_1_198' title='bbox 1610 2921 1991 3004; x_wconf 67' lang='grc' dir='ltr'><strong><em>ταχυτατας</em></strong></span> <span class='ocrx_word' id='word_1_199' title='bbox 2045 2919 2218 3008; x_wconf 72' lang='grc' dir='ltr'>(τὰς)</span> <span class='ocrx_word' id='word_1_200' title='bbox 2266 2922 2655 3001; x_wconf 69' lang='grc' dir='ltr'><strong><em>ἀποπομπὰς</em></strong></span> 
     </span>
     <span class='ocr_line' id='line_1_25' title="bbox 272 3025 2659 3116; baseline -0.002 -19"><span class='ocrx_word' id='word_1_201' title='bbox 272 3031 576 3097; x_wconf 76' lang='grc' dir='ltr'><strong><em>ποιεῖσθαι</em></strong></span> <span class='ocrx_word' id='word_1_202' title='bbox 622 3032 743 3096; x_wconf 71' lang='grc' dir='ltr'><strong>τῶν</strong></span> <span class='ocrx_word' id='word_1_203' title='bbox 787 3028 1007 3109; x_wconf 78' lang='grc' dir='ltr'><strong><em>ξένων,</em></strong></span> <span class='ocrx_word' id='word_1_204' title='bbox 1073 3039 1137 3097; x_wconf 80' lang='lat' dir='ltr'><strong>et</strong></span> <span class='ocrx_word' id='word_1_205' title='bbox 1186 3051 1248 3116; x_wconf 85' lang='lat' dir='ltr'><strong>p.</strong></span> <span class='ocrx_word' id='word_1_206' title='bbox 1301 3033 1425 3095; x_wconf 71' lang='lat'><strong>564</strong></span> <span class='ocrx_word' id='word_1_207' title='bbox 1454 3078 1473 3104; x_wconf 86' lang='lat'><strong>,</strong></span> <span class='ocrx_word' id='word_1_208' title='bbox 1524 3034 1561 3095; x_wconf 76' lang='lat'><strong>3</strong></span> <span class='ocrx_word' id='word_1_209' title='bbox 1603 3029 1689 3095; x_wconf 77' lang='grc' dir='ltr'><strong>τοὶ</strong></span> <span class='ocrx_word' id='word_1_210' title='bbox 1737 3029 1853 3107; x_wconf 77' lang='grc' dir='ltr'><strong>μὲν</strong></span> <span class='ocrx_word' id='word_1_211' title='bbox 1902 3026 2036 3108; x_wconf 76' lang='grc' dir='ltr'><strong><em>περὶ</em></strong></span> <span class='ocrx_word' id='word_1_212' title='bbox 2082 3025 2186 3090; x_wconf 78' lang='grc' dir='ltr'><strong>τὸν</strong></span> <span class='ocrx_word' id='word_1_213' title='bbox 2226 3025 2498 3105; x_wconf 78' lang='grc' dir='ltr'><strong><em>πόλεμον</em></strong></span> <span class='ocrx_word' id='word_1_214' title='bbox 2540 3027 2659 3094; x_wconf 74' lang='grc' dir='ltr'><strong><em>δει-</em></strong></span> 
     </span>
     <span class='ocr_line' id='line_1_26' title="bbox 264 3131 2657 3222; baseline -0.002 -19"><span class='ocrx_word' id='word_1_215' title='bbox 264 3137 524 3203; x_wconf 74' lang='grc' dir='ltr'><strong><em>νδτατον</em></strong></span> <span class='ocrx_word' id='word_1_216' title='bbox 571 3142 691 3202; x_wconf 79' lang='grc' dir='ltr'><strong>τῶν</strong></span> <span class='ocrx_word' id='word_1_217' title='bbox 737 3135 974 3202; x_wconf 75' lang='grc' dir='ltr'><strong><em>ὄντων</em></strong></span> <span class='ocrx_word' id='word_1_218' title='bbox 1040 3138 1184 3222; x_wconf 82' lang='lat' dir='ltr'><strong>(pro</strong></span> <span class='ocrx_word' id='word_1_219' title='bbox 1233 3135 1478 3221; x_wconf 77' lang='grc' dir='ltr'>θνητῶν)</span> <span class='ocrx_word' id='word_1_220' title='bbox 1528 3131 1719 3209; x_wconf 75' lang='grc' dir='ltr'><strong><em>εἶναι,</em></strong></span> <span class='ocrx_word' id='word_1_221' title='bbox 1781 3139 1846 3198; x_wconf 78' lang='lat' dir='ltr'><strong>el</strong></span> <span class='ocrx_word' id='word_1_222' title='bbox 1887 3152 1944 3219; x_wconf 89' lang='lat' dir='ltr'><strong>p.</strong></span> <span class='ocrx_word' id='word_1_223' title='bbox 1998 3134 2169 3207; x_wconf 83' lang='lat'><strong>565,</strong></span> <span class='ocrx_word' id='word_1_224' title='bbox 2233 3139 2254 3196; x_wconf 91' lang='lat' dir='ltr'><strong>l</strong></span> <span class='ocrx_word' id='word_1_225' title='bbox 2312 3133 2425 3207; x_wconf 66' lang='grc' dir='ltr'><strong>τὴν</strong></span> <span class='ocrx_word' id='word_1_226' title='bbox 2472 3134 2657 3198; x_wconf 69' lang='grc' dir='ltr'><strong><em>ὦνα-</em></strong></span> 
     </span>
     <span class='ocr_line' id='line_1_27' title="bbox 265 3236 2655 3329; baseline -0.003 -20"><span class='ocrx_word' id='word_1_227' title='bbox 265 3245 555 3323; x_wconf 72' lang='grc' dir='ltr'><strong>γωγῆν</strong></span> <span class='ocrx_word' id='word_1_228' title='bbox 618 3244 981 3319; x_wconf 76' lang='grc' dir='ltr'><strong><em>ἐποιήσαντο</em></strong></span> <span class='ocrx_word' id='word_1_229' title='bbox 1045 3261 1160 3329; x_wconf 90' lang='lat' dir='ltr'><strong>pro</strong></span> <span class='ocrx_word' id='word_1_230' title='bbox 1223 3241 1526 3320; x_wconf 70' lang='grc' dir='ltr'><strong>ἀγωγήν,</strong></span> <span class='ocrx_word' id='word_1_231' title='bbox 1603 3236 1713 3305; x_wconf 88' lang='lat' dir='ltr'><strong>sed</strong></span> <span class='ocrx_word' id='word_1_232' title='bbox 1777 3238 2075 3323; x_wconf 79' lang='lat' dir='ltr'><strong>graviora</strong></span> <span class='ocrx_word' id='word_1_233' title='bbox 2144 3237 2410 3304; x_wconf 87' lang='lat' dir='ltr'><strong>vulnera</strong></span> <span class='ocrx_word' id='word_1_234' title='bbox 2475 3237 2655 3303; x_wconf 89' lang='lat' dir='ltr'><strong>locus</strong></span> 
     </span>
     <span class='ocr_line' id='line_1_28' title="bbox 267 3343 2654 3436; baseline -0.002 -23"><span class='ocrx_word' id='word_1_235' title='bbox 267 3349 519 3436; x_wconf 80' lang='lat' dir='ltr'><strong>accepit</strong></span> <span class='ocrx_word' id='word_1_236' title='bbox 569 3368 630 3436; x_wconf 85' lang='lat' dir='ltr'><strong>p.</strong></span> <span class='ocrx_word' id='word_1_237' title='bbox 684 3352 813 3416; x_wconf 74' lang='lat'><strong>565</strong></span> <span class='ocrx_word' id='word_1_238' title='bbox 840 3400 858 3426; x_wconf 94' lang='lat'><strong>,</strong></span> <span class='ocrx_word' id='word_1_239' title='bbox 915 3353 1035 3415; x_wconf 85' lang='lat' dir='ltr'><strong>to:</strong></span> <span class='ocrx_word' id='word_1_240' title='bbox 1090 3350 1155 3413; x_wconf 84' lang='grc' dir='ltr'><strong>οὔ</strong></span> <span class='ocrx_word' id='word_1_241' title='bbox 1199 3348 1327 3428; x_wconf 73' lang='grc' dir='ltr'><strong>γὰρ</strong></span> <span class='ocrx_word' id='word_1_242' title='bbox 1370 3348 1482 3422; x_wconf 66' lang='grc' dir='ltr'><strong>τὴν</strong></span> <span class='ocrx_word' id='word_1_243' title='bbox 1523 3344 1830 3423; x_wconf 68' lang='grc' dir='ltr'><strong><em>ἀπόδειξιν</em></strong></span> <span class='ocrx_word' id='word_1_244' title='bbox 1875 3343 2272 3427; x_wconf 75' lang='grc' dir='ltr'><strong><em>ἐφοβήθησαν</em></strong></span> <span class='ocrx_word' id='word_1_245' title='bbox 2316 3346 2396 3417; x_wconf 77' lang='grc' dir='ltr'><strong>ὥς</strong></span> <span class='ocrx_word' id='word_1_246' title='bbox 2442 3345 2654 3410; x_wconf 77' lang='grc' dir='ltr'><strong><em>λαθεῖν</em></strong></span> 
     </span>
     <span class='ocr_line' id='line_1_29' title="bbox 267 3447 2652 3537; baseline -0.003 -15"><span class='ocrx_word' id='word_1_247' title='bbox 267 3456 697 3534; x_wconf 69' lang='grc' dir='ltr'><strong>ἐβουλήθησαν</strong></span> <span class='ocrx_word' id='word_1_248' title='bbox 742 3456 803 3520; x_wconf 75' lang='grc' dir='ltr'><strong>ἓν</strong></span> <span class='ocrx_word' id='word_1_249' title='bbox 844 3450 889 3537; x_wconf 83' lang='grc' dir='ltr'><em>ᾧ</em></span> <span class='ocrx_word' id='word_1_250' title='bbox 929 3454 1097 3536; x_wconf 72' lang='grc' dir='ltr'><strong><em>τόπερ</em></strong></span> <span class='ocrx_word' id='word_1_251' title='bbox 1136 3456 1556 3530; x_wconf 78' lang='grc' dir='ltr'><strong><em>κατοικοῦσιν,</em></strong></span> <span class='ocrx_word' id='word_1_252' title='bbox 1609 3449 1716 3515; x_wconf 84' lang='lat' dir='ltr'><strong>uhi</strong></span> <span class='ocrx_word' id='word_1_253' title='bbox 1758 3469 1864 3517; x_wconf 83' lang='lat' dir='ltr'><strong>res</strong></span> <span class='ocrx_word' id='word_1_254' title='bbox 1903 3450 2037 3536; x_wconf 84' lang='lat' dir='ltr'><strong>ipsa</strong></span> <span class='ocrx_word' id='word_1_255' title='bbox 2055 3497 2084 3524; x_wconf 88' lang='lat'><strong>,-</strong></span> <span class='ocrx_word' id='word_1_256' title='bbox 2121 3467 2247 3534; x_wconf 82' lang='lat' dir='ltr'><strong>qua</strong></span> <span class='ocrx_word' id='word_1_257' title='bbox 2298 3447 2375 3514; x_wconf 80' lang='lat' dir='ltr'><strong>tle</strong></span> <span class='ocrx_word' id='word_1_258' title='bbox 2414 3449 2652 3534; x_wconf 80' lang='lat' dir='ltr'><strong>agitur,</strong></span> 
     </span>
     <span class='ocr_line' id='line_1_30' title="bbox 266 3552 2655 3646; baseline -0.003 -20"><span class='ocrx_word' id='word_1_259' title='bbox 266 3561 674 3628; x_wconf 85' lang='lat' dir='ltr'><strong>demonstrat</strong></span> <span class='ocrx_word' id='word_1_260' title='bbox 722 3558 1060 3646; x_wconf 87' lang='lat' dir='ltr'><strong>legendum</strong></span> <span class='ocrx_word' id='word_1_261' title='bbox 1112 3577 1280 3624; x_wconf 85' lang='lat' dir='ltr'><strong>esse:</strong></span> <span class='ocrx_word' id='word_1_262' title='bbox 1347 3560 1412 3624; x_wconf 82' lang='grc' dir='ltr'><strong>οὐ</strong></span> <span class='ocrx_word' id='word_1_263' title='bbox 1459 3557 1589 3637; x_wconf 72' lang='grc' dir='ltr'><strong>γὰρ</strong></span> <span class='ocrx_word' id='word_1_264' title='bbox 1636 3553 1830 3622; x_wconf 77' lang='grc' dir='ltr'><strong>οὕτω</strong></span> <span class='ocrx_word' id='word_1_265' title='bbox 1879 3558 1987 3631; x_wconf 64' lang='grc' dir='ltr'><strong>τὴν</strong></span> <span class='ocrx_word' id='word_1_266' title='bbox 2034 3552 2379 3631; x_wconf 70' lang='grc' dir='ltr'><strong><em>ἀδοξίαν</em></strong></span> <span class='ocrx_word' id='word_1_267' title='bbox 2419 3554 2655 3638; x_wconf 76' lang='grc' dir='ltr'><strong><em>ἐφοβή-</em></strong></span> 
     </span>
     <span class='ocr_line' id='line_1_31' title="bbox 264 3658 2654 3750; baseline -0.004 -16"><span class='ocrx_word' id='word_1_268' title='bbox 264 3671 457 3743; x_wconf 76' lang='grc' dir='ltr'><strong><em>θησαν</em></strong></span> <span class='ocrx_word' id='word_1_269' title='bbox 502 3668 637 3733; x_wconf 77' lang='grc' dir='ltr'><strong>κτὲ.</strong></span> <span class='ocrx_word' id='word_1_270' title='bbox 704 3676 767 3732; x_wconf 88' lang='lat' dir='ltr'><strong>et</strong></span> <span class='ocrx_word' id='word_1_271' title='bbox 819 3667 1051 3732; x_wconf 81' lang='lat' dir='ltr'><strong>misere</strong></span> <span class='ocrx_word' id='word_1_272' title='bbox 1100 3672 1401 3750; x_wconf 78' lang='lat' dir='ltr'><strong>corrupta</strong></span> <span class='ocrx_word' id='word_1_273' title='bbox 1460 3669 1614 3729; x_wconf 81' lang='lat' dir='ltr'><strong>sunt</strong></span> <span class='ocrx_word' id='word_1_274' title='bbox 1681 3660 1937 3727; x_wconf 80' lang='lat' dir='ltr'><strong>ultima:</strong></span> <span class='ocrx_word' id='word_1_275' title='bbox 1997 3660 2106 3736; x_wconf 75' lang='grc' dir='ltr'><strong>ἤδη</strong></span> <span class='ocrx_word' id='word_1_276' title='bbox 2157 3658 2223 3724; x_wconf 73' lang='grc' dir='ltr'><strong>δὲ</strong></span> <span class='ocrx_word' id='word_1_277' title='bbox 2287 3658 2654 3738; x_wconf 66' lang='grc' dir='ltr'><strong><em>πλάττομεν</em></strong></span> 
     </span>
     <span class='ocr_line' id='line_1_32' title="bbox 265 3763 2657 3849; baseline -0.004 -9"><span class='ocrx_word' id='word_1_278' title='bbox 265 3775 339 3840; x_wconf 74' lang='grc' dir='ltr'><strong>ἐκ</strong></span> <span class='ocrx_word' id='word_1_279' title='bbox 374 3779 492 3839; x_wconf 77' lang='grc' dir='ltr'><strong>τῶν</strong></span> <span class='ocrx_word' id='word_1_280' title='bbox 534 3774 696 3839; x_wconf 74' lang='grc' dir='ltr'><strong><em>ἐπῶν</em></strong></span> <span class='ocrx_word' id='word_1_281' title='bbox 741 3797 802 3839; x_wconf 71' lang='grc' dir='ltr'><strong>τι</strong></span> <span class='ocrx_word' id='word_1_282' title='bbox 844 3782 972 3846; x_wconf 77' lang='grc' dir='ltr'><strong><em>τοῖς</em></strong></span> <span class='ocrx_word' id='word_1_283' title='bbox 1016 3770 1278 3849; x_wconf 76' lang='grc' dir='ltr'><strong><em>Φαίαξιν</em></strong></span> <span class='ocrx_word' id='word_1_284' title='bbox 1327 3769 1714 3849; x_wconf 74' lang='grc' dir='ltr'><strong><em>αἱρετώτερον</em></strong></span> <span class='ocrx_word' id='word_1_285' title='bbox 1754 3766 2100 3844; x_wconf 80' lang='grc' dir='ltr'><strong><em>συμβαῖνον</em></strong></span> <span class='ocrx_word' id='word_1_286' title='bbox 2145 3764 2410 3844; x_wconf 73' lang='grc' dir='ltr'><strong><em>διόπερ</em></strong></span> <span class='ocrx_word' id='word_1_287' title='bbox 2457 3763 2657 3831; x_wconf 69' lang='grc' dir='ltr'><strong><em>ἴδιον</em></strong></span> 
     </span>
     <span class='ocr_line' id='line_1_33' title="bbox 262 3870 2653 3962; baseline -0.004 -16"><span class='ocrx_word' id='word_1_288' title='bbox 262 3881 559 3962; x_wconf 77' lang='grc' dir='ltr'><strong><em>τρίτης</em></strong></span> <span class='ocrx_word' id='word_1_289' title='bbox 624 3880 875 3956; x_wconf 67' lang='grc' dir='ltr'><strong><em>ἀδοξίας</em></strong></span> <span class='ocrx_word' id='word_1_290' title='bbox 949 3878 1229 3950; x_wconf 73' lang='grc' dir='ltr'><strong><em>κίνδυνος.</em></strong></span> <span class='ocrx_word' id='word_1_291' title='bbox 1345 3873 1509 3941; x_wconf 90' lang='lat' dir='ltr'><strong>Sunt</strong></span> <span class='ocrx_word' id='word_1_292' title='bbox 1582 3871 1736 3938; x_wconf 91' lang='lat' dir='ltr'><strong>haec</strong></span> <span class='ocrx_word' id='word_1_293' title='bbox 1806 3870 2122 3956; x_wconf 84' lang='lat' dir='ltr'><strong>flagitiose</strong></span> <span class='ocrx_word' id='word_1_294' title='bbox 2191 3879 2499 3957; x_wconf 88' lang='lat' dir='ltr'><strong>corrupta</strong></span> <span class='ocrx_word' id='word_1_295' title='bbox 2565 3871 2653 3936; x_wconf 84' lang='lat' dir='ltr'><strong>ita</strong></span> 
     </span>
     <span class='ocr_line' id='line_1_34' title="bbox 264 3975 2649 4065; baseline -0.005 -15"><span class='ocrx_word' id='word_1_296' title='bbox 264 3996 482 4051; x_wconf 88' lang='lat' dir='ltr'><strong>tamen</strong></span> <span class='ocrx_word' id='word_1_297' title='bbox 554 3993 618 4049; x_wconf 90' lang='lat' dir='ltr'><strong>ut</strong></span> <span class='ocrx_word' id='word_1_298' title='bbox 696 3994 975 4051; x_wconf 81' lang='lat' dir='ltr'><strong>veterem</strong></span> <span class='ocrx_word' id='word_1_299' title='bbox 1048 3983 1438 4065; x_wconf 85' lang='lat' dir='ltr'><strong>scripturam</strong></span> <span class='ocrx_word' id='word_1_300' title='bbox 1507 3999 1581 4045; x_wconf 85' lang='lat' dir='ltr'><strong>ex</strong></span> <span class='ocrx_word' id='word_1_301' title='bbox 1647 3978 1728 4042; x_wconf 89' lang='lat' dir='ltr'><strong>iis</strong></span> <span class='ocrx_word' id='word_1_302' title='bbox 1797 3975 2222 4062; x_wconf 86' lang='lat' dir='ltr'><strong>pellucentem</strong></span> <span class='ocrx_word' id='word_1_303' title='bbox 2300 3995 2649 4060; x_wconf 83' lang='lat' dir='ltr'><strong>agnoscere</strong></span> 
     </span>
     <span class='ocr_line' id='line_1_35' title="bbox 263 4080 2654 4179; baseline -0.004 -24"><span class='ocrx_word' id='word_1_304' title='bbox 263 4091 514 4179; x_wconf 82' lang='lat' dir='ltr'><strong>possis,</strong></span> <span class='ocrx_word' id='word_1_305' title='bbox 557 4109 723 4175; x_wconf 83' lang='lat' dir='ltr'><strong>quae</strong></span> <span class='ocrx_word' id='word_1_306' title='bbox 777 4088 931 4155; x_wconf 83' lang='lat' dir='ltr'><strong>haec</strong></span> <span class='ocrx_word' id='word_1_307' title='bbox 977 4095 1110 4155; x_wconf 82' lang='lat' dir='ltr'><strong>est:</strong></span> <span class='ocrx_word' id='word_1_308' title='bbox 1165 4087 1252 4153; x_wconf 74' lang='grc' dir='ltr'><strong>διὸ</strong></span> <span class='ocrx_word' id='word_1_309' title='bbox 1310 4083 1713 4167; x_wconf 73' lang='grc' dir='ltr'><strong><em>περιεῖδον</em></strong></span> <span class='ocrx_word' id='word_1_310' title='bbox 1761 4084 1888 4149; x_wconf 75' lang='grc' dir='ltr'><strong>τὸν</strong></span> <span class='ocrx_word' id='word_1_311' title='bbox 1934 4092 2046 4159; x_wconf 76' lang='grc' dir='ltr'><strong>τῆς</strong></span> <span class='ocrx_word' id='word_1_312' title='bbox 2094 4081 2343 4159; x_wconf 67' lang='grc' dir='ltr'><strong><em>ἀδοξίας</em></strong></span> <span class='ocrx_word' id='word_1_313' title='bbox 2394 4080 2654 4146; x_wconf 76' lang='grc' dir='ltr'><strong><em>ιιΙνδυ·</em></strong></span> 
     </span>
     <span class='ocr_line' id='line_1_36' title="bbox 260 4186 2654 4282; baseline -0.005 -21"><span class='ocrx_word' id='word_1_314' title='bbox 260 4219 427 4274; x_wconf 78' lang='grc' dir='ltr'><strong><em>νον,</em></strong></span> <span class='ocrx_word' id='word_1_315' title='bbox 475 4215 642 4282; x_wconf 89' lang='lat' dir='ltr'><strong>quae</strong></span> <span class='ocrx_word' id='word_1_316' title='bbox 692 4194 1075 4281; x_wconf 89' lang='lat' dir='ltr'><strong>respondent</strong></span> <span class='ocrx_word' id='word_1_317' title='bbox 1128 4189 1626 4280; x_wconf 75' lang='lat' dir='ltr'><strong>superioribusz,</strong></span> <span class='ocrx_word' id='word_1_318' title='bbox 1659 4186 1828 4271; x_wconf 82' lang='grc' dir='ltr'><strong><em>φασί</em></strong></span> <span class='ocrx_word' id='word_1_319' title='bbox 1870 4211 1931 4252; x_wconf 77' lang='grc' dir='ltr'><strong>τι</strong></span> <span class='ocrx_word' id='word_1_320' title='bbox 1981 4186 2212 4269; x_wconf 71' lang='grc' dir='ltr'><strong><em>πρᾶξαι</em></strong></span> <span class='ocrx_word' id='word_1_321' title='bbox 2258 4187 2400 4259; x_wconf 80' lang='grc' dir='ltr'><strong><em>τοὺς</em></strong></span> <span class='ocrx_word' id='word_1_322' title='bbox 2452 4187 2654 4252; x_wconf 74' lang='grc' dir='ltr'><strong><em>Φαία-</em></strong></span> 
     </span>
     <span class='ocr_line' id='line_1_37' title="bbox 261 4292 2023 4380; baseline -0.005 -12"><span class='ocrx_word' id='word_1_323' title='bbox 261 4325 387 4374; x_wconf 81' lang='grc' dir='ltr'><strong>κας</strong></span> <span class='ocrx_word' id='word_1_324' title='bbox 430 4305 701 4367; x_wconf 69' lang='grc' dir='ltr'><strong><em>τοιοῦτον</em></strong></span> <span class='ocrx_word' id='word_1_325' title='bbox 747 4299 818 4378; x_wconf 79' lang='grc' dir='ltr'><strong>ἔξ</strong></span> <span class='ocrx_word' id='word_1_326' title='bbox 863 4298 934 4367; x_wconf 78' lang='grc' dir='ltr'><strong>οὖ</strong></span> <span class='ocrx_word' id='word_1_327' title='bbox 979 4300 1236 4372; x_wconf 74' lang='grc' dir='ltr'><strong><em>κίνδυνος</em></strong></span> <span class='ocrx_word' id='word_1_328' title='bbox 1289 4292 1355 4372; x_wconf 75' lang='grc' dir='ltr'><strong>ἦν</strong></span> <span class='ocrx_word' id='word_1_329' title='bbox 1399 4295 1615 4380; x_wconf 73' lang='grc' dir='ltr'><strong><em>ἀδοξία</em></strong></span> <span class='ocrx_word' id='word_1_330' title='bbox 1658 4301 2023 4374; x_wconf 79' lang='grc' dir='ltr'><strong><em>περιπεσεῖν.</em></strong></span> 
     </span>
    </p>
   </div>
   <div class='ocr_carea' id='block_1_4' title="bbox 360 4391 2654 4547">
    <p class='ocr_par' dir='ltr' id='par_1_4' title="bbox 360 4391 2654 4547">
     <span class='ocr_line' id='line_1_38' title="bbox 360 4391 2654 4492; baseline -0.006 -20"><span class='ocrx_word' id='word_1_331' title='bbox 360 4405 649 4473; x_wconf 83' lang='lat' dir='ltr'><strong>Notanda</strong></span> <span class='ocrx_word' id='word_1_332' title='bbox 698 4417 797 4474; x_wconf 88' lang='lat' dir='ltr'><strong>est</strong></span> <span class='ocrx_word' id='word_1_333' title='bbox 844 4403 1015 4492; x_wconf 89' lang='lat' dir='ltr'><strong>apud</strong></span> <span class='ocrx_word' id='word_1_334' title='bbox 1076 4399 1481 4470; x_wconf 89' lang='lat' dir='ltr'><strong>Heraclidem</strong></span> <span class='ocrx_word' id='word_1_335' title='bbox 1521 4419 1582 4486; x_wconf 89' lang='lat' dir='ltr'><strong>p.</strong></span> <span class='ocrx_word' id='word_1_336' title='bbox 1641 4401 1813 4475; x_wconf 71' lang='lat'><strong>565,</strong></span> <span class='ocrx_word' id='word_1_337' title='bbox 1876 4400 1961 4462; x_wconf 78' lang='lat'><strong>29</strong></span> <span class='ocrx_word' id='word_1_338' title='bbox 2008 4396 2279 4463; x_wconf 85' lang='lat' dir='ltr'><strong>locutio:</strong></span> <span class='ocrx_word' id='word_1_339' title='bbox 2342 4394 2510 4460; x_wconf 76' lang='grc' dir='ltr'><strong><em>οὐδὲν</em></strong></span> <span class='ocrx_word' id='word_1_340' title='bbox 2557 4391 2654 4460; x_wconf 78' lang='grc' dir='ltr'><strong>οὖν</strong></span> 
     </span>
     <span class='ocr_line' id='line_1_39' title="bbox 2299 4504 2330 4547; baseline 0 0"><span class='ocrx_word' id='word_1_341' title='bbox 2299 4504 2330 4547; x_wconf 77' lang='lat'>2</span> 
     </span>
    </p>
   </div>
  </div>
 </body>
</html>
