2934 5050
412 286 544 350 268
1209 303 1519 351 cucumim
1567 305 1642 352 er
1690 303 1999 352 tucrum.

410 470 475 535 in
542 489 610 537 re
670 473 959 559 asperior
1013 482 1125 541 aut
1190 473 1610 543 inhumanior
1674 472 1874 539 luisse
1940 468 2283 547 videare”‚
2349 468 2459 536 ubi
2523 469 2604 538 de
2670 490 2763 537 una

405 575 684 662 quadam
746 581 1232 665 opportunitate
1279 583 1539 668 agitur,
1598 598 1719 643 non
1773 598 1875 644 res
1922 577 2252 662 cogitatur
2294 596 2462 662 quae
2512 576 2763 662 quotidie

407 680 500 748 fit.
609 680 924 750 Similiter
984 684 1063 752 de
1116 686 1261 753 Nat.
1333 687 1408 753 D.
1459 688 1508 753 1.
1571 690 1716 763 22..
1776 689 1897 750 59:
1966 703 2194 769 -roges
2260 703 2399 760 me,
2465 681 2624 770 quid
2680 690 2765 750 aut

406 787 595 873 quale
642 789 727 853 sit
775 787 969 869 deuS,
1019 799 1283 859 auctore
1337 801 1483 859 utar
1531 790 1936 868 Simonide’',
1984 788 2062 856 de
2097 809 2172 855 eo
2212 788 2379 876 quod
2426 787 2615 876 paulo
2652 798 2761 876 post

405 891 542 960 fieri
594 914 775 980 posse
822 895 1252 982 significatur.
1349 898 1504 965 Hor.
1550 897 1684 964 Sat.
1731 896 1815 962 11.
1859 899 1922 962 6.
1965 899 2088 962 39:
2130 895 2424 961 »Dixeris
2463 897 2760 982 experiar:

402 1002 457 1066 si
517 1002 646 1079 vis,
698 1011 919 1089 potes,
972 1002 1151 1070 addit
1196 1013 1261 1072 et
1306 1006 1577 1072 instat’'.
1677 1002 1764 1070 lb.
1818 1003 1866 1069 1.
1921 1008 1984 1070 5.
2044 1008 2157 1068 15:
2208 1000 2471 1067 »Decies
2522 1009 2759 1067 centena

400 1105 686 1174 dedisses
745 1108 908 1175 Huic
973 1130 1167 1196 parco
1230 1112 1454 1197 paucis
1502 1118 1844 1188 contento,
1893 1109 2183 1195 quinque
2231 1106 2463 1173 diebus
2509 1104 2611 1173 Nil
2648 1114 2760 1173 erat

403 1213 466 1277 in
535 1211 828 1279 loculis’'.
935 1216 1017 1280 At
1080 1215 1157 1282 de
1219 1236 1295 1283 eo
1335 1214 1503 1303 quod
1552 1216 1810 1303 saepius
1856 1223 1921 1281 et
1972 1215 2161 1300 vulgo
2213 1214 2319 1292 fit,
2373 1222 2440 1279 in
2489 1233 2618 1300 quo
2660 1232 2759 1279 non

398 1319 737 1404 quaeritur
807 1338 959 1386 num
1036 1340 1107 1387 re
1176 1342 1326 1388 vera
1399 1320 1746 1408 aliquando
1792 1320 2080 1389 accidat:
2156 1319 2573 1385 indicativus,
2634 1319 2758 1385 lior.

398 1421 536 1490 Sat.
603 1424 684 1490 Il.
750 1428 877 1499 94;
943 1424 1099 1493 »das
1160 1426 1403 1513 aliquid
1468 1426 1679 1494 famae
1723 1465 1816 1479 —-
1862 1425 2142 1513 grandes
2202 1424 2456 1492 rhombi
2506 1428 2757 1513 patinae·

395 1547 521 1614 que
589 1528 833 1614 grande
906 1529 1123 1598 lerunt
1183 1572 1272 1582 —
1336 1532 1681 1601 dedecus'’.
1774 1533 2006 1602 Juven.
2073 1531 2182 1597 tlt.
2255 1535 2422 1597 100:
2515 1529 2756 1605 fflides,

397 1631 640 1702 maiore
686 1635 1001 1703 cachinno
1048 1637 1475 1718 Concutitur;
1520 1639 1626 1707 flet
1653 1689 1671 1719 ‚
1722 1640 1775 1705 si
1823 1638 2127 1704 lacrimas
2173 1637 2507 1724 conspexit
2552 1637 2755 1711 amici,

393 1739 521 1807 Nec
608 1739 844 1811 dolet”.
938 1743 1027 1810 De
1099 1743 1241 1822 illo,
1312 1766 1464 1812 num
1541 1766 1610 1812 re
1681 1765 1830 1811 vera
1905 1745 2105 1810 visuri
2177 1745 2310 1809 sint
2380 1742 2578 1810 alieni
2644 1761 2747 1808 non

390 1850 769 1936 quaeritur,
834 1847 1020 1915 facile
1083 1848 1241 1917 illud
1310 1851 1446 1917 lieri
1508 1871 1689 1939 posse
1749 1851 2025 1937 quisque
2090 1849 2312 1916 sentit.
2412 1850 2495 1915 At
2540 1849 2644 1914 uhi
2684 1846 2749 1913 de

390 1954 639 2021 incerto
708 1954 801 2021 rei
856 1963 1091 2021 eventu
1154 1957 1480 2042 cogitatur
1540 1957 1994 2024 coniunctivus
2057 1965 2200 2034 est,
2261 1953 2460 2021 veluti
2526 1956 2750 2042 quoties

390 2058 682 2146 apodosis
728 2059 920 2127 hahet
970 2059 1299 2128 futurum:
1352 2063 1484 2128 »sit
1531 2083 1677 2149 spes
1714 2060 2015 2142 fallendi3
2061 2059 2361 2127 miscebis
2403 2080 2585 2126 sacra
2623 2078 2751 2146 pro·

390 2162 627 2232 lanis'’.
662 2166 815 2235 nor.
861 2166 1036 2248 Quae
1077 2167 1156 2234 M.
1189 2167 1399 2235 adfert
1436 2167 1566 2234 huc
1593 2168 1914 2255 pertinere
1939 2187 2063 2232 non
2094 2165 2429 2233 videntur:
2457 2165 2618 2233 xlv,
2650 2169 2746 2231 to:

524 2271 971 2339 naumachiam
1024 2272 1172 2340 licet
1218 2271 1417 2351 haec,
1467 2275 1775 2360 inquam,
1822 2271 2267 2359 alveolumque
2318 2281 2650 2360 putareet

523 2375 749 2444 calces
801 2377 1076 2447 delectes
1124 2388 1220 2457 te,
1269 2378 1401 2446 hilo
1449 2401 1575 2447 nou
1626 2381 1872 2447 rectius
1921 2381 2141 2457 vivaS,

384 2500 551 2568 quae
613 2503 739 2550 non
804 2504 1129 2553 morosum
1196 2485 1524 2554 hominem
1575 2495 1870 2575 spectant
1916 2484 2028 2553 sed
2076 2484 2248 2553 dicta
2298 2495 2454 2554 sunt
2502 2487 2565 2553 in
2605 2482 2745 2553 ludi·

382 2586 597 2655 hrium
637 2589 1195 2679 philosophorum,
1236 2593 1345 2681 qui
1393 2595 1592 2659 vitam
1634 2613 1781 2660 cum
1820 2592 2008 2671 ludo,
2048 2613 2251 2660 cursu
2274 2602 2389 2660 aut
2415 2592 2747 2661 certamine

380 2704 778 2782 comparant,
826 2700 1015 2764 cuius
1064 2699 1154 2766 rei
1209 2699 1556 2766 utilitatem
1609 2719 1729 2765 non
1782 2700 2115 2786 perspicit.
2168 2698 2455 2766 Delectes
2493 2708 2744 2767 estcon·
2848 2779 2849 2794 χ

380 2799 708 2884 cedentis;
763 2804 818 2868 si
857 2812 1115 2889 gratum
1160 2799 1273 2870 tibi
1320 2802 1516 2870 suerit
1560 2803 1788 2882 saciaS,
1830 2802 2031 2870 nihilo
2071 2805 2314 2871 rectius
2355 2807 2552 2872 vivas
2596 2802 2737 2892 (Non
2848 2803 2849 2868 l

377 2928 540 2995 opus
600 2917 700 2975 est
766 2910 1125 2977 mutatione
1176 2908 1459 2976 Muelleri
1510 2912 1757 2986 seond,
1809 2930 1975 2998 quae
2028 2909 2267 2976 nullam
2318 2912 2523 2997 priori
2568 2909 2739 2977 versi·

377 3012 524 3080 culo
581 3012 791 3081 lucem
860 3014 1187 3098 offundit).
1282 3014 1527 3083 Deinde
1595 3017 1793 3083 XXX.
1864 3020 2045 3104 122„
2089 3016 2142 3081 si
2196 3026 2371 3083 recte
2418 3015 2736 3105 legeretur:

381 3116 539 3185 »hoc
589 3121 857 3187 missum
911 3119 1140 3197 facies,
1181 3119 1285 3187 illo
1325 3142 1426 3187 me
1467 3130 1649 3189 utere
1690 3121 2001 3189 libentei’'
2045 3141 2272 3188 novam
2315 3120 2588 3190 formam
2614 3139 2737 3189 con·
2846 3155 2847 3234 p

376 3222 713 3292 dicionalis
771 3228 1091 3293 enuntiati
1155 3228 1546 3302 contineret,
1607 3229 1669 3293 in
1733 3246 1860 3314 qua
1912 3227 2275 3295 membrum
2329 3225 2737 3296 condicionale

377 3331 445 3396 iu
496 3328 715 3398 l'uturo
763 3341 934 3399 esset
982 3335 1304 3420 positum;
1357 3333 1465 3399 sed
1517 3332 1860 3419 legendum
1911 3333 2152 3421 [aciens
2198 3354 2275 3400 ex
2324 3334 2520 3402 Torn.

465 3436 636 3504 xlx.
685 3442 747 3506 6.
803 3438 1398 3507 Peniculamentum
1455 3459 1606 3505 vero
1649 3438 2120 3526 reprehendere
2169 3439 2320 3506 noli.

464 3541 699 3612 Codd.:
771 3543 1332 3632 »penulameneo”.
1402 3542 1644 3611 Scrih.:
1686 3546 2206 3631 peniculamenta.
2257 3545 2449 3613 Plaut
2491 3547 2613 3614 mit.
2659 3542 2733 3610 Gl.
2844 3541 2845 3602 i

376 3656 495 3719 ὅδε
569 3650 704 3717 »vel
764 3651 953 3732 illae,
1018 3671 1182 3738 quae
1247 3651 1397 3718 here
1465 3650 1657 3738 pallio
1706 3671 1808 3718 me
1856 3651 2482 3739 reprehenderunt”.
2574 3647 2730 3739 Epid.
2842 3741 2843 3744 Ἴ

372 3757 597 3823 initio=
646 3756 848 3825 »heus
887 3756 1295 3825 adulescens!
1341 3757 1451 3823 Tu.
1508 3754 1666 3838 Quis
1707 3766 2161 3844 properantem
2209 3778 2310 3825 me
2352 3755 2733 3846 reprehendit

372 3861 579 3952 (codd.
616 3863 983 3949 prehendit)
1029 3861 1310 3949 pallio?”
1384 3861 1674 3950 (Troclt.)
1718 3862 1902 3929 Trin.
1945 3867 2114 3930 624:
2158 3863 2312 3931 »ille
2350 3860 2731 3953 reprehendit
2842 3857 2843 3890 ³

372 3967 546 4035 hunc
587 3970 864 4057 priorem
907 3967 1163 4056 pallio”.
1238 3967 1821 4055 »Reprehendere”
1860 3970 2118 4058 saepius
2155 3977 2254 4036 est
2278 3990 2356 4037 ex
2380 3970 2531 4057 suga
2558 3978 2725 4037 retra·
2842 3939 2843 3970 ¹

372 4072 527 4142 here
567 4083 636 4141 ut
676 4095 777 4163 ap.
825 4074 962 4143 Cic.
1030 4074 1303 4141 »Virtus
1342 4072 1756 4162 reprehendit
1795 4075 2058 4142 manu”.
2123 4075 2217 4142 Ad
2244 4096 2438 4163 quam
2469 4090 2725 4143 normam
2840 4075 2841 4126 ὲ

307 4221 310 4222 ⁷
371 4179 427 4249 si
471 4181 770 4267 exigatur
811 4181 1134 4247 »animam
1178 4179 1527 4267 reprendi’'
1567 4181 1607 4247 1.
1636 4180 1772 4248 XX.
1801 4201 1856 4247 v.
1902 4185 2021 4259 10,
2047 4181 2217 4269 apud
2254 4182 2336 4251 Μ.
2362 4184 2457 4250 sic
2480 4183 2723 4268 scripto:

646 4284 948 4373 Calpurni
1001 4305 1188 4353 saeva
1238 4284 1377 4374 lege
1415 4287 1480 4353 in
1534 4286 1772 4353 Pisoni’
1817 4285 2118 4374 reprendi

643 4391 963 4477 eduxique
1008 4392 1291 4459 animam
1344 4392 1728 4478 primorihu’
1773 4391 2053 4480 partihu’
2106 4394 2321 4472 naris,
