2934 5050
382 272 511 345 242
1187 285 1499 335 noctuam
1549 286 1617 333 ιτ
1669 285 1975 333 tucinam.

379 454 598 524 versui
642 454 937 543 adaptari
983 474 1109 524 non
1159 462 1413 543 posset,
1465 456 1528 523 in
1577 464 1873 543 poemate
1917 451 2184 522 Numeri
2230 452 2548 531 ferendum
2582 468 2697 518 esse

381 570 607 650 putat:

1203 666 1503 735 servandi
1561 666 1846 757 [numeri
1892 676 1957 734 et
2006 687 2234 736 versus
2284 664 2552 734 faciendi

509 773 671 851 ,Nos
717 773 931 861 clau]
983 773 1259 851 Nonam,
1310 792 1656 841 numerum
1710 782 1782 840 ut
1830 775 2154 841 servemu’
2204 773 2599 859 modumque.

389 881 516 948 inc.
564 878 647 947 fr.
694 885 822 959 36,
864 881 1016 945 olim
1056 877 1221 945 libro
1265 878 1373 945 tx.
1416 885 1485 947 6.
1554 881 1629 946 Iu
1669 880 1907 966 quibus
1949 877 2145 947 verba
2175 879 2436 948 inducta
2464 879 2721 944 nituntur

386 984 607 1053 codice
653 986 904 1053 Dousae
951 986 1186 1073 patriS,
1233 987 1343 1072 qui
1393 1006 1510 1051 nec
1559 985 1810 1053 fraudis
1858 1007 1976 1053 nec
2024 987 2269 1053 erroris
2324 984 2608 1052 convinci
2646 1001 2729 1069 po-

387 1101 558 1174 test3
614 1112 761 1159 nam
813 1095 868 1158 si
921 1093 1068 1179 quis
1114 1091 1289 1158 dicat
1336 1092 1521 1158 CAssu
1572 1091 1863 1159 additum
1926 1091 2199 1179 prodere
2247 1090 2729 1179 interpolatorem

388 1197 692 1286 quoniam
741 1197 949 1269 Castu
1001 1205 1212 1283 posset
1251 1206 1428 1265 certe
1479 1206 1684 1263 metro
1723 1196 2044 1287 adaptari,
2092 1198 2375 1266 fateatur
2416 1207 2624 1264 tamen
2653 1213 2733 1259 ne·

389 1323 569 1372 cesse
630 1310 766 1381 est,
829 1302 1154 1391 plerisque
1218 1303 1377 1370 locis
1431 1304 1615 1371 Cum
1664 1301 1920 1371 facilius
1969 1323 2226 1371 versum
2279 1301 2533 1391 ingredi
2572 1317 2733 1389 quam
2786 1370 2787 1373 ,

395 1406 800 1498 trisyllabam
872 1406 1166 1477 sormam.
1264 1408 1568 1477 Ceterum
1641 1407 1723 1475 cl.
1797 1410 2078 1477 Coniect.
2150 1410 2204 1476 1.
2280 1429 2345 1496 p.
2398 1413 2508 1475 43.
2596 1404 2789 1473 mem*

391 1514 683 1583 Lucilius
731 1515 796 1580 in
848 1517 1137 1582 vocativo
1184 1515 1478 1603 probavit
1526 1536 1583 1582 ει
1622 1515 1731 1583 tx.
1783 1519 1898 1582 19:
1949 1536 2205 1582 uranici
2254 1534 2547 1591 runtourz
2581 1509 2745 1578 addes

400 1643 436 1688 n
489 1640 639 1688 cum
710 1619 904 1687 »mm'
968 1622 1187 1688 runm”
1250 1622 1590 1689 iusseris’'.
1686 1619 1820 1687 Iam
1874 1640 2025 1688 vero
2072 1623 2125 1688 si
2178 1631 2367 1709 poeta
2411 1639 2597 1688 suam
2641 1619 2748 1704 ipse

394 1726 754 1794 doctrinam
806 1735 1069 1793 secutus
1108 1736 1249 1805 est,
1300 1727 1364 1792 in
1410 1727 1706 1813 genetivo
1751 1727 1921 1814 sing.
1962 1727 2257 1794 omnium
2298 1728 2365 1793 in
2403 1748 2485 1792 ua
2521 1723 2747 1811 scripsit

396 1856 453 1912 1,
516 1834 582 1907 in
647 1832 887 1898 nomin.
953 1831 1118 1920 plur.
1177 1834 1515 1900 nominum
1565 1834 1630 1898 in
1680 1854 1755 1898 us
1799 1840 1865 1899 et
1914 1833 2203 1900 vocativo
2250 1834 2657 1921 propriorum
2697 1830 2747 1894 iu

391 1940 495 2006 ius
551 1959 649 2017 ει,
699 1940 920 2025 ltaque
966 1938 1179 2017 Αεὶοἰ,
1226 1938 1419 2005 Lucci
1435 1988 1454 2016 ,
1503 1937 1789 2004 Ambivei
1836 1939 2097 2027 (vocat.)
2144 1948 2211 2006 et
2257 1938 2632 2016 sceler-osci,
2674 1956 2751 2001 ce·

397 2044 576 2123 terei,
624 2045 837 2122 terrei,
886 2044 1167 2122 miserei,
1204 2044 1522 2133 reliqiosei
1560 2044 1758 2133 (nom.
1794 2043 1998 2133 plur.)
2049 2044 2193 2111 Alia
2233 2043 2544 2131 ambigua
2572 2040 2753 2110 ortho-

402 2148 711 2236 graphiae
772 2169 890 2237 ope
951 2148 1258 2217 distincta
1323 2150 1559 2227 voluit,
1625 2157 1696 2216 ut
1730 2150 1867 2237 pila
1912 2160 1977 2218 et
2014 2151 2264 2239 peilam
2315 2149 2513 2240 (plur.
2556 2149 2752 2239 peila).
2800 2208 2801 2223 ,

401 2254 651 2342 Ubique
697 2265 956 2333 autem,
1004 2256 1288 2342 exceptis
1334 2255 1494 2334 illis,
1544 2255 1623 2322 de
1664 2255 1900 2343 quibus
1933 2257 2147 2325 adbuc
2182 2259 2586 2345 expositum,
2631 2272 2755 2322 eum

402 2369 518 2427 aut
573 2380 635 2426 at
701 2368 815 2427 aut
881 2379 906 2427 1
967 2359 1284 2450 (longum)
1349 2361 1688 2448 scripsisse
1749 2362 2060 2429 constitui
2121 2383 2247 2429 non
2296 2372 2531 2450 potest.
2621 2360 2755 2429 Ram
2802 2344 2803 2355 ¹

403 2465 756 2532 »librorum
813 2466 1198 2554 corruptelis
1245 2467 1416 2534 haud
1460 2489 1612 2534 sane
1647 2468 1870 2556 paucis
1917 2487 2231 2556 apparere
2279 2486 2428 2536 eum
2483 2467 2759 2556 diphton-

404 2592 558 2659 gum
623 2571 973 2639 maluisse'’
1043 2571 1131 2662 (p.
1196 2577 1354 2662 225)
1421 2595 1546 2641 non
1604 2575 1903 2642 dixerim.
1998 2575 2254 2642 Etenim
2309 2575 2389 2641 iis
2436 2574 2624 2652 locis,
2671 2570 2758 2638 ubi

408 2699 584 2747 nunc
644 2678 728 2745 M.
780 2680 837 2746 ei
886 2679 1211 2756 restituit,
1264 2699 1461 2766 paene
1507 2680 1809 2748 omnibus
1856 2701 1983 2747 non
2030 2680 2287 2748 litterae
2335 2682 2762 2752 inveniuntur,

405 2805 572 2873 quae
617 2804 767 2852 cum
819 2786 877 2851 ei
924 2784 1167 2852 formae
1214 2784 1542 2873 quandam
1591 2785 2083 2853 similitudinem
2127 2784 2396 2862 babent,
2445 2787 2559 2853 sed
2600 2784 2761 2852 modo

409 2914 515 2970 ae,
575 2891 761 2958 modo
805 2912 874 2970 o,
935 2890 1124 2957 modo
1170 2913 1238 2969 e,
1302 2890 1491 2958 modo
1535 2893 1602 2973 i,
1671 2893 1860 2959 modo
1907 2915 2014 2972 er,
2082 2890 2273 2958 niodo
2321 2913 2436 2972 en,
2491 2892 2681 2960 veluti
2721 2889 2759 2955 l.

410 3001 496 3063 52
576 3018 976 3085 quaeeunque
1044 2996 1153 3063 ubi
1226 2997 1314 3064 Μ.
1363 2996 1707 3065 admodum
1783 2997 1977 3064 dubia
2054 2998 2492 3067 correctione:
2565 3015 2766 3086 »porro

410 3102 842 3190 queicumque
881 3112 946 3169 et
963 3117 970 3122 ·
988 3102 1069 3192 (ἲ)
1095 3104 1462 3191 cuicunque
1491 3153 1505 3170 .
1538 3155 1552 3170 .
1582 3152 1597 3170 .
1619 3102 1986 3171 obstiterit”
2014 3124 2126 3192 pro
2149 3124 2554 3192 quaecunque
2577 3115 2632 3173 et
2652 3101 2767 3191 qui-

409 3229 693 3296 cunque,·
744 3207 860 3273 Vll
912 3208 1129 3296 »queis
1174 3208 1343 3275 oculi
1395 3230 1519 3276 non
1567 3211 1765 3276 sunt”
1812 3228 1888 3277 ex
1927 3231 2111 3297 quon
2158 3209 2272 3276 lX.
2325 3215 2412 3276 54
2466 3211 2755 3286 »fervere3

409 3314 514 3380 nei
573 3311 871 3399 longum,
932 3334 1155 3381 verum
1223 3314 1345 3381 hoc
1407 3315 1756 3383 lectoribus
1800 3315 2097 3383 tradam''
2147 3313 2344 3382 dubia
2389 3318 2761 3386 correctione

412 3439 531 3509 pro
590 3441 713 3500 ηας
778 3419 1226 3507 praetulerim:
1293 3420 1582 3488 »fervere
1642 3442 1723 3489 ne
1781 3422 2045 3509 longum
2112 3423 2223 3511 (sc.
2291 3424 2564 3514 facias),
2610 3419 2765 3490 verbo

413 3527 536 3593 boc
594 3525 636 3593 1.
701 3526 828 3602 t.”;
880 3525 1016 3591 XV.
1077 3530 1160 3592 27
1213 3535 1352 3593 »ter
1399 3547 1543 3605 sex,
1604 3537 1811 3595 aetate
1859 3530 2082 3615 quasi,
2132 3532 2391 3598 aunei?
2441 3552 2520 3599 ex
2567 3547 2761 3602 aarum

415 3633 584 3701 XVI.
648 3638 689 3699 6
754 3632 1000 3720 »atquei
1059 3631 1215 3719 quid
1267 3631 1632 3700 mundum”
1679 3653 1756 3701 ex
1801 3644 2021 3722 atque,
2080 3635 2251 3723 quod
2301 3636 2557 3704 librarii
2603 3632 2761 3703 solita

411 3738 702 3808 socordia
750 3759 901 3806 cum
946 3739 1120 3827 atqui
1164 3737 1629 3815 confuderunt3
1678 3740 1961 3807 XXVlll.
2001 3746 2087 3809 49
2116 3743 2461 3829 praetr-cito
2500 3763 2575 3810 ex
2613 3757 2761 3828 proe-

410 3848 559 3915 lrilo
622 3844 761 3937 (sed
818 3845 999 3912 locus
1044 3845 1195 3913 dub.
1244 3844 1327 3912 cl'.
1378 3845 1621 3937 inlra);
1689 3846 1889 3915 XXX.
1941 3851 2026 3914 95
2077 3847 2329 3915 libentes*
2374 3869 2456 3916 ex
2503 3849 2757 3920 libentem

412 3954 498 4023 ib.
554 3958 680 4022 129
732 3953 862 4018 »sei
908 3953 1355 4019 nutricatum”
1404 3972 1483 4019 ex
1529 3974 1658 4019 sen.
1753 3951 1867 4019 His
1919 3953 2120 4040 igitur
2166 3953 2325 4022 locis
2374 3953 2551 4021 nulla
2592 3951 2758 4041 palae·

158 4062 759 4166 ‘'Whica
808 4078 999 4125 causa
1042 4066 1140 4125 est
1179 4078 1301 4125 cur
1340 4058 1419 4126 de
1458 4079 1519 4125 ιι
1558 4057 1926 4124 oblitterato
1965 4060 2178 4146 potius
2212 4060 2575 4146 cogitemus
2598 4072 2756 4145 quam

394 4183 472 4253 de
529 4164 664 4243 ab}
712 4163 1009 4252 ,quadam
1055 4164 1443 4249 corruptela.
1541 4163 1671 4230 Nec
1720 4162 1903 4231 video
1949 4184 2068 4230 cur
2105 4166 2337 4253 potin-ei
2387 4165 2494 4233 Vl.
2544 4171 2583 4232 6
2627 4160 2758 4228 scri-

390 4294 654 4365 bamus,
702 4263 890 4363 qdmd
941 4271 1006 4335 in
1059 4288 1188 4333 uno
1240 4269 1411 4335 Harl.
1459 4270 1700 4356 potire,
1744 4271 1809 4335 in
1855 4269 2119 4357 reliquis
2153 4273 2349 4359 potiri
2384 4279 2628 4358 exstat,
2663 4282 2755 4332 nec

393 4419 513 4471 cur
554 4369 857 4485 publiceis
907 4371 1178 4439 XXVII.
1239 4377 1352 4448 15,
1405 4373 1574 4462 quod
1624 4374 1773 4441 libri
1815 4374 2051 4444 habent
2084 4378 2373 4464 pulices,
2417 4387 2533 4447 aut.
2567 4374 2753 4445 cleiso-
