2934 5050
340 270 364 330 1
385 267 462 330 12
1321 260 1722 328 muscetanum

329 450 673 520 Plutarcho
698 451 954 537 cognita
978 450 1199 528 fuisse,
1235 451 1436 537 quiet
1478 450 1541 515 in
1571 449 1701 514 vita
1728 446 1948 514 Niciae
1979 452 2278 520 παλαιοῖς
2305 446 2720 530 ψηφίσμασιν

333 579 517 626 usum
569 579 637 625 se
700 558 927 624 scribit
987 567 1047 625 ct
1112 559 1358 625 Crateri
1419 556 1826 635 συναγωγήν,
1874 573 2066 641 quam
2117 552 2313 619 semel
2363 559 2431 619 et
2479 553 2719 617 iterum

329 665 567 732 diserte
638 664 957 742 laudavit,
1026 665 1300 732 hahebat
1366 665 1430 729 in
1491 661 1811 728 manibus,
1914 659 2042 726 Hoc
2107 678 2361 746 quoque
2431 656 2591 723 mihi
2625 657 2721 723 ah

327 770 1052 839 omnihusconcessum
1105 773 1185 838 iri
1236 771 1570 847 existimo,
1642 765 2060 834 Plutarchum
2114 765 2558 852 psephismata
2607 764 2723 830 Pe·

330 876 542 954 ricliS‚
616 896 816 962 quum
884 879 1026 946 eius
1097 880 1292 944 vitam
1353 877 1721 963 scripturus
1796 882 1995 949 esset.
2061 871 2230 938 haud
2303 868 2726 955 indiligenter

330 982 676 1060 lectitasse,
717 984 884 1069 quod
932 993 995 1052 et
1040 1004 1153 1072 per
1178 1004 1245 1049 se
1272 982 1533 1070 planum
1565 989 1662 1048 est
1686 990 1748 1046 et
1786 977 2029 1067 liquido
2054 985 2321 1066 apparet
2344 997 2424 1044 ex
2452 977 2535 1043 iis
2558 995 2729 1062 quae

329 1109 467 1176 cap.
519 1092 626 1155 50.
700 1090 994 1177 scripsit:
1066 1095 1246 1157 τοῦτο
1318 1089 1432 1168 μὲν
1497 1083 1595 1153 οὐν
1653 1088 1723 1153 τὸ
1800 1086 2115 1169 ψήφισμα
2177 1083 2538 1165 Περικλέους
2596 1082 2730 1153 {eir

330 1195 702 1275 εὐγνώμονος
764 1196 869 1262 καὶ
923 1197 1353 1279 φιλανθρώπου
1403 1195 1827 1274 δικαιολογίας
1873 1192 2189 1275 ἐχόμενον.
2284 1190 2511 1277 ltaque
2576 1210 2732 1277 pro·

331 1299 561 1367 habilis
585 1299 931 1367 admodum
959 1302 1242 1390 suspicio
1267 1310 1397 1380 est,
1443 1321 1608 1388 quae
1635 1299 2078 1387 Psephismata
2105 1295 2273 1385 apud
2305 1294 2732 1364 Plutarchum

331 1408 396 1472 in
452 1405 714 1472 Periclis
764 1408 892 1473 vita
956 1417 1550 1475 commemorentur
1598 1418 1662 1474 et
1712 1405 2157 1492 proferantur,
2222 1422 2296 1468 ea
2343 1411 2458 1469 aut
2506 1402 2734 1468 omnia

331 1520 445 1578 aut
494 1521 668 1578 certe
712 1513 1011 1600 pleraque
1052 1533 1130 1580 ex
1178 1513 1425 1580 Crateri
1462 1512 1839 1580 collectione
1874 1531 2013 1579 esse
2050 1509 2373 1577 desumta.
2438 1508 2740 1575 Comme·

336 1627 627 1683 moratur
690 1628 904 1685 autem
980 1618 1348 1707 psephisma
1411 1620 1677 1686 Periclis
1755 1638 1895 1706 cap.
1963 1622 2025 1684 8.
2092 1618 2121 1683 ὂ
2183 1622 2484 1697 Περικλῆς
2527 1653 2616 1664 -
2655 1615 2738 1682 τὸ

332 1726 644 1810 ψήφισμα
712 1724 976 1805 γράψας
1048 1728 1291 1799 αὐτὸς
1357 1724 1571 1792 ἐκάλει
1641 1726 1745 1791 τὸν
1813 1722 2006 1805 ἄνδρα
2078 1723 2207 1812 (τὸν
2279 1721 2596 1812 Κίμωνα),
2664 1729 2736 1788 et
2811 1753 2826 1760 ·

334 1852 476 1919 cap.
537 1837 611 1898 17
676 1832 704 1898 ὃ
771 1831 1441 1913 Περικλῆς-γράφει
1500 1827 2197 1915 ψήφισμα-πάντας
2233 1828 2556 1904 Ἕλληνας
2597 1852 2732 1894 πα-

334 1946 630 2020 ρακαλεῖν
677 1939 806 2004 κτὲ.
867 1946 932 2004 et
991 1958 1130 2024 cap.
1189 1942 1275 2006 20
1339 1939 1702 2020 ἐψηφίσατο
1765 1935 1855 2025 (id
1918 1945 2014 2002 est
2073 1936 2387 2019 ψήφισμα
2450 1933 2733 2023 ἔγραψε)

334 2052 515 2110 πλεῖν
573 2045 659 2116 εἰς
719 2044 997 2118 Σινώπην
1055 2045 1183 2110 xri.
1243 2053 1307 2111 et
1366 2064 1509 2129 cap.
1568 2049 1649 2110 225
1704 2040 2067 2129 psephisma
2119 2042 2386 2110 Periclis
2430 2042 2511 2111 de
2561 2043 2730 2112 hello

336 2148 632 2214 Samiaco
678 2157 743 2214 et
790 2169 932 2235 cap.
987 2152 1073 2216 29
1120 2149 1199 2216 de
1246 2148 1488 2215 auxilio
1535 2146 2040 2237 Corcyrensihus
2091 2147 2350 2216 ferendo
2382 2159 2447 2217 et
2491 2148 2729 2217 decan-

338 2261 544 2321 talum
596 2252 751 2319 illud
800 2256 1111 2336 ψήφισμα
1144 2258 1214 2321 τὸ
1255 2255 1644 2337 Μεγαρικόν,
1692 2263 1754 2320 et
1793 2273 1932 2340 cap.
1963 2258 2049 2320 30
2088 2255 2366 2321 alterum
2405 2258 2728 2340 ψήφισμα

335 2359 414 2427 de
462 2361 943 2446 Megarensibus
1004 2369 1066 2427 et
1132 2363 1386 2442 Χαρίνου
1434 2363 1747 2444 ψήφισμα
1796 2369 1857 2426 et
1908 2380 2046 2446 cap.
2098 2366 2171 2426 51
2235 2361 2551 2436 Γλύκωνος
2599 2363 2726 2444 ψη·

333 2474 550 2550 φισμα
588 2466 823 2534 Μένωνι
863 2467 1157 2535 άτέλειαν
1196 2467 1587 2551 γράψαντος,
1627 2476 1689 2533 et
1725 2485 1866 2553 cap.
1900 2471 1983 2534 52
2021 2467 2373 2543 Διοπείθους
2407 2469 2723 2553 ψήφισμα

331 2584 394 2642 et
438 2577 746 2654 Ἀγνωνος
797 2584 859 2642 et
902 2595 1040 2663 cap.
1085 2580 1168 2642 54
1221 2575 1329 2641 uhi
1396 2573 1740 2659 legendum
1790 2575 2163 2655 κληρουχίας
2213 2573 2493 2658 ἔγραφεν
2570 2577 2727 2666 (non

332 2681 714 2764 ἀνέγραφεν)
761 2681 1127 2767 psephisma
1163 2680 1424 2748 Periclis
1450 2680 1530 2745 de
1566 2680 1810 2745 colonia
1853 2681 1916 2745 in
1960 2681 2269 2764 Aeginam
2311 2679 2728 2759 deducenda.

331 2798 393 2854 et
441 2809 582 2876 cap.
660 2795 725 2853 11
786 2788 989 2853 multa
1041 2787 1473 2874 psephismata
1525 2786 1604 2852 de
1663 2785 1930 2851 coloniis
1982 2788 2047 2851 in
2095 2786 2603 2867 Chersonesum,
2658 2789 2727 2854 in

334 2894 608 2960 insulam
660 2893 989 2962 Andrum.
1040 2895 1103 2958 in
1171 2892 1512 2958 Thraciam
1563 2902 1626 2958 et
1681 2893 1742 2956 in
1796 2890 2046 2957 ltaliam
2105 2890 2524 2960 deducendis.
2624 2894 2723 2961 Ex

335 2998 435 3065 his
501 3001 702 3086 igitur
771 2998 1074 3065 nonnulla
1143 2998 1328 3084 paulo
1389 2997 1767 3083 diligentius
1838 2997 2284 3084 inspiciamus.
2383 2998 2725 3087 Imprimis

337 3103 746 3170 memorabile
806 3115 905 3171 est
972 3105 1235 3170 Periclis
1298 3106 1650 3187 ψήφισμα,
1719 3102 1885 3190 quod
1954 3124 2096 3190 cap.
2151 3109 2230 3170 17
2280 3126 2315 3170 a
2373 3104 2725 3172 Plutarcho

338 3210 558 3275 multis
598 3218 967 3276 enarratur:
994 3212 1350 3291 άρχομένων
1391 3212 1454 3277 δὲ
1497 3210 1997 3288 Λακεδαιμονίων
2022 3209 2326 3292 ἄχθεσθαι
2357 3221 2436 3295 τῇ
2463 3212 2727 3290 αὐξήσει

335 3323 452 3383 τῶν
499 3316 830 3391 Ἀθηναίων
889 3317 1149 3396 ἐπαίρων
1213 3319 1240 3382 ὃ
1304 3328 1603 3398 Περικλῆς
1664 3317 1768 3383 τὸν
1830 3317 2017 3395 δῆμον
2083 3316 2172 3383 ἔτι
2230 3323 2476 3398 μᾶλλον
2541 3321 2728 3400 μέγα

335 3429 573 3506 φρονεῖν
619 3422 724 3489 καὶ
781 3422 1083 3501 μεγάλων
1145 3424 1361 3490 ἑαυτὸν
1423 3422 1629 3501 άξιοῦν
1674 3422 2068 3505 πραγμάτων
2114 3425 2353 3507 γράφει
2407 3426 2728 3507 ψήφισμα

333 3528 579 3602 πάντας
623 3530 943 3605 Ἕλληνας
990 3531 1129 3602 τοὺς
1179 3530 1451 3607 ὁπήποτε
1514 3535 1957 3603 κατοικοῦντας
2001 3529 2189 3619 (adde
2234 3531 2373 3615 τῆς)
2424 3532 2725 3612 Εὐρώπης

335 3638 370 3713 ἢ
422 3636 584 3724 (lege
632 3635 764 3721 καὶ)
807 3644 919 3712 τῆς
956 3636 1177 3710 Ἀσίας
1220 3645 1613 3716 παρακαλεῖν
1648 3637 1754 3703 καὶ
1795 3639 2019 3717 μικράν
2062 3634 2240 3703 πόλιν
2278 3637 2384 3703 καὶ
2426 3638 2728 3716 μεγάλην

335 3743 420 3814 εἷς
469 3741 776 3819 σύλλογον
816 3742 1085 3820 πέμπειν
1132 3743 1430 3825 Ἀθήναζε
1473 3745 1613 3813 τοὺς
1659 3743 2178 3822 βουλευσομένους
2228 3744 2361 3824 περὶ
2412 3745 2532 3808 τῶν
2575 3747 2728 3812 Ἑλ·

336 3854 589 3922 ληνικῶν
636 3849 799 3928 ἱερῶν
844 3845 888 3913 ἃ
937 3848 1333 3929 κατέπρησαν
1398 3852 1449 3914 οἱ
1497 3849 1803 3928 βάρβαροι
1854 3849 1958 3914 καὶ
2008 3856 2126 3915 τῶν
2172 3851 2382 3915 θυσιῶν
2429 3842 2509 3923 ἃς
2554 3850 2726 3934 δΦεΙ·

338 3970 540 4020 λουσιν
588 3954 732 4034 ὑπὲρ
780 3962 891 4030 τῆς
940 3954 1240 4028 Ἑλλάδος
1289 3953 1612 4032 εὐξάμενοι
1657 3962 1784 4028 τοῖς
1833 3955 1983 4027 θεοῖς
2031 3952 2132 4021 ὅτε
2180 3957 2325 4036 πρὸς
2373 3955 2516 4029 τοὺς
2570 3958 2725 4039 βαρ-

336 4059 567 4141 βάρους
631 4058 943 4139 έμάχοντο
1003 4061 1108 4126 καὶ
1171 4070 1282 4137 τῆς
1347 4060 1666 4135 θαλάττης
1728 4057 1887 4133 ὅπως
1950 4060 2181 4127 πλέωσι
2245 4060 2479 4132 πάντες
2537 4062 2728 4137 &3254-

340 4168 444 4232 καὶ
499 4169 609 4242 τὴν
670 4167 897 4246 εἰρήνην
952 4166 1207 4246 ἄγωσιν.
1295 4167 1441 4233 Ἐπὶ
1501 4171 1712 4232 ταῦτα
1774 4167 1825 4232 δ’
1873 4166 2085 4248 ἄνδρες
2149 4167 2336 4232 εἴκοσι
2399 4173 2519 4233 τῶν
2583 4170 2731 4251 ὑπὲρ

346 4271 729 4346 πεντήκοντα
799 4270 905 4347 ἔτη
966 4273 1309 4351 γεγονότων
1371 4272 1784 4354 ἐπέμφθησαν
1845 4270 1922 4338 ὦν
1968 4272 2152 4338 πέντε
2200 4274 2314 4351 μὲν
2351 4274 2577 4347 Ἴωνας
2625 4275 2728 4341 καὶ

350 4385 595 4458 Δωριεῖς
642 4379 781 4451 τοὺς
830 4380 892 4444 έν
938 4381 1124 4464 Ἀσία
1172 4380 1278 4445 καὶ
1327 4382 1626 4457 νησιώτας
1661 4378 1813 4461 ἄχρι
1857 4378 2110 4460 Λέσβου
2150 4379 2256 4447 καὶ
2296 4378 2500 4447 Ῥόδου
2537 4405 2730 4464 παρε-
