2934 5050
979 327 1071 374 m
1112 326 1422 377 rui-oms
1467 325 1772 377 sonsum.
2451 309 2578 375 149

228 499 325 561 τοῦ
376 493 725 576 Περικλέους
792 498 873 563 ab
938 495 1219 562 Aristide
1278 496 1349 561 in
1403 515 1520 563 suo
1581 496 1840 578 Gor-,oica
1899 493 2130 564 Codice
2188 517 2323 564 esse
2379 495 2566 562 lecta.

228 598 421 665 Ἀλλὰ
462 600 526 666 τί
560 604 776 678 τοῦτος
825 602 1045 690 Longe
1081 603 1369 667 maxima
1401 621 1548 688 pars
1584 601 1965 668 mendorum
2000 605 2068 667 et
2104 600 2568 666 emblematum

225 704 327 769 diu
367 709 503 771 ante
546 706 849 771 Aristidis
892 712 1168 772 aetatem
1211 703 1475 772 Codices
1516 706 1802 771 Platonis
1846 704 2375 772 commaculabat.

302 808 393 874 Ex
432 830 555 896 quo
598 809 786 876 Plato
830 813 1097 877 excessit
1139 831 1175 875 e
1216 812 1356 876 vita
1398 817 1464 877 et
1507 810 1658 877 libri
1700 810 2016 877 Platonici
2058 814 2364 897 perpetua
2406 812 2570 876 serie

222 912 324 979 alii
364 934 438 980 ex
482 915 627 981 aliis
668 918 1003 1004 propagati
1036 921 1185 980 sunt
1219 915 1300 981 ad
1334 921 1618 981 nostram
1653 918 2032 981 memoriam
2049 963 2066 993 ,
2113 915 2571 1002 praeterierunt

221 1021 355 1083 anni
395 1019 539 1105 plus
579 1041 774 1106 quam
817 1022 916 1086 bis
958 1020 1142 1086 mille
1186 1019 1463 1086 ducenti.
1534 1018 1707 1085 Satis
1741 1021 1915 1085 enim
1952 1026 2197 1085 constat
2229 1017 2567 1086 Platonem

208 1124 432 1190 obiisse
487 1125 662 1190 diem
722 1145 884 1191 anno
947 1122 1098 1191 347.
1147 1145 1203 1190 a.
1254 1122 1401 1190 Chr‚
1494 1123 1654 1190 Plus
1695 1124 1916 1190 damni
1960 1131 2026 1190 et
2067 1127 2377 1191 vitiorum
2419 1123 2567 1190 Pla-

218 1231 342 1293 toni
382 1231 806 1315 importarunt
849 1229 1107 1315 quinque
1148 1232 1359 1315 priora
1403 1229 1655 1295 saecula
1698 1249 1892 1315 quam
1937 1229 2271 1315 quindecim
2310 1250 2571 1314 sequen-

219 1334 301 1397 tia
315 1380 333 1410 ,
392 1354 470 1398 ex
526 1355 652 1419 quo
713 1334 970 1421 Dialogi
1024 1334 1312 1400 Platonis
1358 1334 1679 1400 emendari
1726 1338 1791 1399 et
1832 1334 1902 1399 in
1944 1335 2272 1421 integrum
2316 1334 2571 1399 restitui

221 1439 410 1522 coepti
466 1445 636 1503 sunt.
729 1439 846 1504 Est
904 1460 1126 1525 operae
1186 1441 1468 1525 pretium
1526 1437 1595 1503 id
1654 1436 1822 1523 quod
1882 1458 2051 1503 nunc
2107 1459 2271 1524 pono
2313 1443 2571 1505 tantum

218 1540 442 1607 idoneis
503 1546 902 1630 argumentis
962 1550 1027 1609 et
1081 1544 1269 1608 certis
1328 1543 1582 1608 indiciis
1637 1544 1730 1608 ita
1774 1542 2205 1610 demonstrare
2248 1548 2315 1610 et
2357 1541 2574 1610 confir-

216 1665 377 1712 mare
434 1653 509 1712 ut
571 1650 641 1712 in
700 1650 1191 1715 controversiam
1248 1648 1462 1713 vocari
1513 1646 1775 1732 posthac
1833 1667 1960 1713 non
2000 1649 2221 1732 possit.
2312 1648 2574 1714 Faciam

217 1750 278 1815 id
319 1751 534 1818 sedulo
583 1757 649 1817 et
691 1752 770 1818 de
811 1752 1125 1818 industria
1170 1753 1279 1817 σὺν
1325 1753 1433 1832 θεῷ
1480 1751 1867 1837 propediem.
1958 1751 2147 1818 Nunc
2188 1775 2395 1818 unum
2436 1759 2574 1819 tan-

217 1855 349 1919 tum
389 1856 762 1942 exemplum
802 1877 1037 1942 ponam
1078 1861 1146 1922 et
1188 1858 1613 1923 vetustissimi
1657 1855 2079 1922 additamenti
2124 1862 2190 1921 et
2231 1859 2574 1923 inveterati

217 1961 425 2025 erroris
480 1962 837 2027 scribarum
893 1963 1141 2028 incuria
1198 1962 1545 2027 commissi.
1637 1959 1843 2025 Locus
1902 1964 1999 2024 est
2057 1962 2129 2025 in
2173 1959 2336 2027 libro
2382 1959 2434 2025 I.
2496 1962 2573 2026 dc

220 2061 354 2147 ΒΨ.
413 2086 566 2154 pag.
619 2064 769 2130 341.
818 2083 875 2131 c.
936 2066 1051 2131 ubi
1109 2065 1623 2152 Thrasymachus
1679 2063 1979 2130 iracunde
2031 2065 2126 2130 ita
2168 2065 2361 2131 dicit:
2425 2064 2571 2146 πρὸς

122 2214 131 2219 -
214 2170 411 2234 ταῦτα
468 2170 802 2251 κακούργει
862 2170 969 2235 καὶ
1031 2168 1403 2253 συκοφάντει
1432 2220 1450 2247 ,
1515 2169 1573 2233 εἴ
1626 2193 1691 2235 τι
1751 2167 2033 2235 δύνασαι.
2097 2171 2203 2234 cui
2246 2167 2572 2236 Socrates:

216 2268 313 2336 οἴει
368 2272 495 2355 γὰρ
555 2271 635 2338 ἄν
696 2298 780 2353 με
841 2272 994 2340 οὕτω
1055 2283 1324 2353 μανῆναι
1380 2272 1499 2345 ciis-e
1542 2272 1739 2355 ξυρεῖν
1785 2274 2117 2356 ἐπιχειρεῖν
2162 2273 2389 2340 λέοντα
2437 2270 2574 2360 [καὶ
2675 2334 2705 2360 ‚

215 2382 611 2459 συκοφαντεῖν
659 2378 1155 2467 Θρασύμαχον];
1204 2380 1465 2445 Primus
1508 2381 1802 2445 omnium
1843 2377 2071 2444 Editor
2111 2378 2402 2445 fraudem
2438 2398 2574 2445 sen-

217 2479 295 2544 sit
340 2502 410 2548 ac
465 2482 900 2570 deprehendit.
992 2484 1199 2551 Periit
1255 2484 1596 2551 verborum
1656 2482 1833 2570 lepor
1890 2488 1956 2549 et
2012 2489 2313 2552 venustas
2357 2505 2431 2552 ac
2471 2485 2575 2552 vis

212 2583 359 2664 dicti
372 2634 391 2665 ,
435 2589 553 2655 ubi
598 2591 803 2655 otiosa
845 2589 1184 2678 explicatio
1229 2590 1642 2655 adscribitur:
1690 2588 1761 2653 τὸ
1796 2586 1900 2652 τὸν
1940 2589 2367 2670 Θρασύμαχον
2403 2613 2579 2655 συκο·

214 2693 461 2768 Φαντεῖν
518 2692 750 2760 ταύτόν
812 2697 904 2765 kt
964 2697 1050 2776 τῷ
1105 2693 1329 2761 λέοντα
1372 2691 1570 2774 ξυρεῖν
1615 2693 1943 2773 ἐπιχειρεῖν
1965 2739 1984 2770 ,
2054 2714 2216 2779 quae
2262 2696 2577 2760 sententia

204 2793 407 2862 multo
461 2799 700 2865 melius
759 2805 825 2866 et
883 2800 1110 2867 salsius
1168 2804 1407 2865 resecto
1469 2797 1856 2863 emblemate
1917 2798 1987 2861 in
2029 2797 2317 2863 Platonis
2358 2798 2573 2865 verbis

215 2901 575 2968 continetur.
667 2903 945 2990 Nempe,
1008 2910 1084 2969 ut
1125 2905 1195 2968 in
1237 2902 1590 2988 proverbiis
1633 2899 1772 2966 fieri
1818 2899 1981 2967 solet
1997 2948 2015 2978 ,
2062 2901 2134 2966 τὸ
2179 2901 2284 2967 τὸν
2331 2900 2575 2982 Θρασύ-

214 3022 412 3082 μῶκον
454 3011 868 3089 συκοφαντεῖν
911 3009 1147 3074 dicitur
1188 3028 1322 3073 esse
1365 3006 1589 3072 λέοντα
1624 3006 1838 3087 ξυρεῖν,
1885 3009 1951 3070 et
1985 3004 2172 3071 facile
2207 3006 2572 3073 admonitus

214 3123 499 3193 agnosces
541 3112 800 3177 fatuum
839 3133 973 3178 esse
1015 3114 1111 3177 ita
1154 3110 1389 3177 dicere:
1436 3111 1509 3176 τὸ
1546 3111 1651 3177 τὸν
1689 3110 2118 3191 Θρασύμαχον
2162 3115 2572 3193 συκοφαντεῖν

214 3213 426 3279 ταύτόν
469 3215 566 3285 ἕςι
614 3218 700 3298 τῷ
745 3216 967 3283 λέοντα
1012 3213 1208 3296 ξυρεῖν
1254 3217 1587 3298 ἐπιχειρεῖν
1631 3215 1737 3281 καὶ
1786 3212 2218 3297 Θρασύμαχον
2258 3225 2569 3300 συκοφαν·

211 3322 345 3382 τεῒν.
437 3315 764 3406 Compone
823 3342 990 3387 nunc
1047 3322 1218 3387 mihi
1277 3342 1427 3387 cum
1487 3321 1591 3386 his
1644 3319 1861 3386 locum
1904 3320 2207 3385 Aristidis
2252 3320 2435 3388 Tom.
2480 3318 2565 3386 11.

210 3438 347 3507 pag.
400 3421 554 3488 192.
601 3421 739 3489 ὅσθ’
784 3420 892 3506 ὅρα
937 3425 1028 3504 μὴ
1072 3424 1297 3492 λέοντα
1339 3422 1535 3506 ξυρεῖν
1582 3424 1985 3506 ἐπιχειρῶμεν
2027 3424 2095 3490 ού
2137 3424 2570 3505 Θρασύμαχον

210 3530 610 3608 συκοφαντεῖν
665 3529 1111 3611 ἐπιχειροῦντες
1172 3531 1349 3597 ἄλλα
1409 3529 1716 3611 κωμῳδεῖν
1774 3526 2096 3610 Περικλέα.
2188 3527 2307 3594 Est
2361 3530 2570 3617 igitur

209 3633 527 3696 vetustum
595 3633 915 3700 emblema
936 3681 953 3711 ,
1025 3634 1134 3700 sed
1200 3633 1537 3700 emblema.
1645 3632 1973 3698 Proferam
2037 3653 2206 3698 nunc
2268 3636 2568 3719 pervetus

209 3734 511 3802 scribendi
554 3739 797 3803 vitium
839 3741 909 3803 in
958 3739 1181 3820 Gorqia
1222 3759 1368 3826 pag.
1418 3736 1571 3803 524.
1618 3756 1682 3802 A.
1731 3737 1902 3818 Μίνῳ
1947 3736 2012 3802 δὲ
2048 3736 2363 3818 πρεσβεῖα
2399 3734 2565 3803 δύσω

210 3834 622 3921 ἐπιδιακρίνειν
667 3843 776 3907 ἐὰν
820 3840 856 3924 ᾖ
902 3841 1236 3924 ἀπόρρητόν
1279 3864 1341 3906 τι
1384 3842 1472 3925 τῷ
1517 3839 1721 3922 ἑτέρῳ.
1811 3840 2197 3907 Plutarchus
2237 3842 2309 3906 in
2356 3841 2565 3907 Conco-

210 3941 309 4006 lat.
368 3947 453 4008 cd
514 3947 786 4030 Apollon.
846 3968 996 4036 pag.
1048 3947 1197 4014 121.
1244 3967 1304 4013 n.
1365 3948 1538 4014 hunc
1595 3946 1812 4012 locum
1867 3946 2221 4011 describens
2270 3945 2561 4034 legebat:

211 4043 311 4111 ἐὰν
350 4049 687 4130 ἀπόρρητόν
730 4075 791 4116 τι
838 4049 873 4132 ἦ
919 4052 1004 4132 τῷ
1049 4052 1248 4132 ἑτέρῳ.
1318 4051 1432 4118 Nil
1475 4051 1857 4116 dissentiunt
1902 4042 2164 4117 Codices
2200 4050 2310 4117 sed
2345 4072 2566 4121 omnes

210 4147 469 4219 fideliter
527 4159 905 4242 conspirant.
997 4156 1073 4222 In
1130 4177 1258 4223 uno
1317 4161 1571 4223 tantum
1631 4159 1889 4241 apparet
1945 4175 2175 4222 manus
2238 4155 2563 4225 Platonis:

210 4253 311 4320 ἐὰν
354 4257 761 4341 ἀπορῆτόν
805 4283 865 4324 τι
910 4262 1011 4326 τὼ
1058 4260 1331 4341 ἑτέρω,
1378 4281 1539 4346 quae
1582 4261 1823 4325 eximia
1861 4259 2052 4327 lectio
2095 4280 2220 4327 non
2260 4283 2375 4349 per
2416 4266 2567 4329 scri-

212 4359 425 4427 barum
483 4385 712 4431 manus
771 4370 1115 4453 propagata
1176 4372 1271 4433 est
1332 4366 1440 4432 sed
1500 4366 1578 4433 ab
1622 4371 1808 4434 acuto
1852 4372 1918 4432 et
1960 4368 2288 4455 ingenioso
2331 4366 2568 4436 lectore
