<?xml version="1.0" encoding="UTF-8"?>
<!DOCTYPE html PUBLIC "-//W3C//DTD XHTML 1.0 Transitional//EN"
    "http://www.w3.org/TR/xhtml1/DTD/xhtml1-transitional.dtd">
<html xmlns="http://www.w3.org/1999/xhtml" xml:lang="en" lang="en">
 <head>
  <title>
</title>
<meta http-equiv="Content-Type" content="text/html;charset=utf-8" />
  <meta name='ocr-system' content='tesseract 3.04.00' />
  <meta name='ocr-capabilities' content='ocr_page ocr_carea ocr_par ocr_line ocrx_word'/>
</head>
<body>
  <div class='ocr_page' id='page_1' title='image "./mnemosynebiblio09servgoog/mnemosynebiblio09servgoog_0882.png"; bbox 0 0 2934 5050; ppageno 0'>
   <div class='ocr_carea' id='block_1_1' title="bbox 355 242 2860 328">
    <p class='ocr_par' dir='ltr' id='par_1_1' title="bbox 355 242 2860 328">
     <span class='ocr_line' id='line_1_1' title="bbox 355 242 2860 328; baseline -0.002 -16"><span class='ocrx_word' id='word_1_1' title='bbox 355 242 488 312; x_wconf 78' lang='lat'><strong>310</strong></span> <span class='ocrx_word' id='word_1_2' title='bbox 1023 260 1112 309; x_wconf 76' lang='lat' dir='ltr'><strong>n&gt;</strong></span> <span class='ocrx_word' id='word_1_3' title='bbox 1155 257 1620 311; x_wconf 68' lang='lat' dir='ltr'><strong>mmomeuu</strong></span> <span class='ocrx_word' id='word_1_4' title='bbox 1662 260 2053 312; x_wconf 60' lang='lat' dir='ltr'><strong>ruamur.</strong></span> <span class='ocrx_word' id='word_1_5' title='bbox 2854 291 2860 328; x_wconf 47' lang='grc' dir='ltr'><strong>μ</strong></span> 
     </span>
    </p>
   </div>
   <div class='ocr_carea' id='block_1_2' title="bbox 352 430 2710 1234">
    <p class='ocr_par' dir='ltr' id='par_1_2' title="bbox 355 430 2697 835">
     <span class='ocr_line' id='line_1_2' title="bbox 355 430 2697 517; baseline -0.001 -18"><span class='ocrx_word' id='word_1_6' title='bbox 355 433 512 499; x_wconf 77' lang='lat' dir='ltr'><strong>haec</strong></span> <span class='ocrx_word' id='word_1_7' title='bbox 555 431 718 497; x_wconf 84' lang='lat' dir='ltr'><strong>fuit:</strong></span> <span class='ocrx_word' id='word_1_8' title='bbox 762 430 842 496; x_wconf 89' lang='lat' dir='ltr'><strong>de</strong></span> <span class='ocrx_word' id='word_1_9' title='bbox 885 436 1064 517; x_wconf 83' lang='lat' dir='ltr'><strong>patre</strong></span> <span class='ocrx_word' id='word_1_10' title='bbox 1109 431 1366 497; x_wconf 79' lang='lat' dir='ltr'><strong>Amoris</strong></span> <span class='ocrx_word' id='word_1_11' title='bbox 1411 437 1524 497; x_wconf 88' lang='lat' dir='ltr'><strong>aut</strong></span> <span class='ocrx_word' id='word_1_12' title='bbox 1571 431 1745 517; x_wconf 88' lang='lat' dir='ltr'><strong>prole</strong></span> <span class='ocrx_word' id='word_1_13' title='bbox 1790 451 1915 497; x_wconf 85' lang='lat' dir='ltr'><strong>nou</strong></span> <span class='ocrx_word' id='word_1_14' title='bbox 1960 431 2218 516; x_wconf 90' lang='lat' dir='ltr'><strong>loquor;</strong></span> <span class='ocrx_word' id='word_1_15' title='bbox 2268 437 2515 497; x_wconf 81' lang='lat' dir='ltr'><strong>neutros</strong></span> <span class='ocrx_word' id='word_1_16' title='bbox 2549 433 2697 496; x_wconf 71' lang='lat' dir='ltr'><strong>etnim</strong></span> 
     </span>
     <span class='ocr_line' id='line_1_3' title="bbox 357 526 2018 621; baseline -0.002 -17"><span class='ocrx_word' id='word_1_17' title='bbox 357 536 605 605; x_wconf 79' lang='lat' dir='ltr'><strong>habuit.</strong></span> <span class='ocrx_word' id='word_1_18' title='bbox 676 535 853 617; x_wconf 80' lang='lat' dir='ltr'><strong>Quae</strong></span> <span class='ocrx_word' id='word_1_19' title='bbox 895 538 1209 602; x_wconf 80' lang='lat' dir='ltr'><strong>sententia</strong></span> <span class='ocrx_word' id='word_1_20' title='bbox 1233 526 1309 601; x_wconf 78' lang='lat' dir='ltr'><strong>‘si</strong></span> <span class='ocrx_word' id='word_1_21' title='bbox 1352 556 1505 602; x_wconf 80' lang='lat' dir='ltr'><strong>vera</strong></span> <span class='ocrx_word' id='word_1_22' title='bbox 1550 541 1646 601; x_wconf 88' lang='lat' dir='ltr'><strong>est</strong></span> <span class='ocrx_word' id='word_1_23' title='bbox 1662 582 1680 613; x_wconf 88' lang='lat'><strong><em>,</em></strong></span> <span class='ocrx_word' id='word_1_24' title='bbox 1728 538 2018 621; x_wconf 76' lang='lat' dir='ltr'><strong>scripsit:</strong></span> 
     </span>
     <span class='ocr_line' id='line_1_4' title="bbox 630 640 1860 721; baseline -0.001 -14"><span class='ocrx_word' id='word_1_25' title='bbox 630 642 892 721; x_wconf 71' lang='grc' dir='ltr'><strong>γενέτας</strong></span> <span class='ocrx_word' id='word_1_26' title='bbox 940 643 993 708; x_wconf 81' lang='grc' dir='ltr'><strong>δ’</strong></span> <span class='ocrx_word' id='word_1_27' title='bbox 1039 641 1181 708; x_wconf 77' lang='grc' dir='ltr'><strong><em>οὔτε</em></strong></span> <span class='ocrx_word' id='word_1_28' title='bbox 1228 664 1354 714; x_wconf 77' lang='grc' dir='ltr'><strong>τις</strong></span> <span class='ocrx_word' id='word_1_29' title='bbox 1397 640 1541 708; x_wconf 79' lang='grc' dir='ltr'><strong><em>οὔτε</em></strong></span> <span class='ocrx_word' id='word_1_30' title='bbox 1584 641 1860 719; x_wconf 73' lang='grc' dir='ltr'><strong>γένος.</strong></span> 
     </span>
     <span class='ocr_line' id='line_1_5' title="bbox 445 745 873 835; baseline -0.005 -22"><span class='ocrx_word' id='word_1_31' title='bbox 445 747 670 835; x_wconf 79' lang='lat' dir='ltr'><strong>Epigr.</strong></span> <span class='ocrx_word' id='word_1_32' title='bbox 722 745 873 813; x_wconf 82' lang='lat'>184.</span> 
     </span>
    </p>

    <p class='ocr_par' dir='ltr' id='par_1_3' title="bbox 352 849 2710 1234">
     <span class='ocr_line' id='line_1_6' title="bbox 355 849 2707 938; baseline -0.001 -19"><span class='ocrx_word' id='word_1_33' title='bbox 355 856 526 919; x_wconf 78' lang='lat' dir='ltr'><strong>arcte</strong></span> <span class='ocrx_word' id='word_1_34' title='bbox 570 852 900 919; x_wconf 87' lang='lat' dir='ltr'><strong>cohaerere</strong></span> <span class='ocrx_word' id='word_1_35' title='bbox 942 852 1199 919; x_wconf 84' lang='lat' dir='ltr'><strong>videtur</strong></span> <span class='ocrx_word' id='word_1_36' title='bbox 1244 871 1395 917; x_wconf 86' lang='lat' dir='ltr'><strong>cum</strong></span> <span class='ocrx_word' id='word_1_37' title='bbox 1440 850 1908 938; x_wconf 72' lang='lat' dir='ltr'><strong>epigrammate</strong></span> <span class='ocrx_word' id='word_1_38' title='bbox 1950 849 2103 919; x_wconf 79' lang='lat'>182.</span> <span class='ocrx_word' id='word_1_39' title='bbox 2173 850 2489 937; x_wconf 82' lang='lat' dir='ltr'><strong>Loquitur</strong></span> <span class='ocrx_word' id='word_1_40' title='bbox 2522 853 2675 917; x_wconf 77' lang='lat' dir='ltr'><strong>mim</strong></span> <span class='ocrx_word' id='word_1_41' title='bbox 2688 896 2707 926; x_wconf 84' lang='lat'><strong><em>,</em></strong></span> 
     </span>
     <span class='ocr_line' id='line_1_7' title="bbox 353 955 2708 1042; baseline -0 -19"><span class='ocrx_word' id='word_1_42' title='bbox 353 958 481 1023; x_wconf 85' lang='lat' dir='ltr'><strong>nisi</strong></span> <span class='ocrx_word' id='word_1_43' title='bbox 534 956 724 1024; x_wconf 82' lang='lat' dir='ltr'><strong>fallor</strong></span> <span class='ocrx_word' id='word_1_44' title='bbox 740 1003 759 1036; x_wconf 88' lang='lat'><em>,</em></span> <span class='ocrx_word' id='word_1_45' title='bbox 823 956 997 1023; x_wconf 88' lang='lat' dir='ltr'><strong>idem</strong></span> <span class='ocrx_word' id='word_1_46' title='bbox 1054 957 1168 1042; x_wconf 85' lang='lat' dir='ltr'><strong>qui</strong></span> <span class='ocrx_word' id='word_1_47' title='bbox 1227 955 1364 1021; x_wconf 89' lang='lat' dir='ltr'><strong>illic</strong></span> <span class='ocrx_word' id='word_1_48' title='bbox 1419 955 1500 1021; x_wconf 90' lang='lat' dir='ltr'><strong>ad</strong></span> <span class='ocrx_word' id='word_1_49' title='bbox 1557 976 1807 1023; x_wconf 81' lang='lat' dir='ltr'><strong>servam</strong></span> <span class='ocrx_word' id='word_1_50' title='bbox 1823 1003 1842 1036; x_wconf 89' lang='lat'><em>,</em></span> <span class='ocrx_word' id='word_1_51' title='bbox 1904 957 2012 1023; x_wconf 88' lang='lat' dir='ltr'><strong>hic</strong></span> <span class='ocrx_word' id='word_1_52' title='bbox 2058 957 2138 1023; x_wconf 89' lang='lat' dir='ltr'><strong>ad</strong></span> <span class='ocrx_word' id='word_1_53' title='bbox 2184 960 2325 1022; x_wconf 82' lang='lat' dir='ltr'><strong>eius</strong></span> <span class='ocrx_word' id='word_1_54' title='bbox 2368 955 2708 1033; x_wconf 71' lang='lat' dir='ltr'><strong>dominam,</strong></span> 
     </span>
     <span class='ocr_line' id='line_1_8' title="bbox 352 1059 2710 1148; baseline -0 -20"><span class='ocrx_word' id='word_1_55' title='bbox 352 1060 619 1128; x_wconf 85' lang='lat' dir='ltr'><strong>infidam</strong></span> <span class='ocrx_word' id='word_1_56' title='bbox 662 1060 789 1130; x_wconf 83' lang='lat' dir='ltr'><strong>sibi</strong></span> <span class='ocrx_word' id='word_1_57' title='bbox 831 1059 1135 1147; x_wconf 85' lang='lat' dir='ltr'><strong>puellam.</strong></span> <span class='ocrx_word' id='word_1_58' title='bbox 1206 1059 1389 1126; x_wconf 87' lang='lat' dir='ltr'><strong>Unde</strong></span> <span class='ocrx_word' id='word_1_59' title='bbox 1424 1060 1669 1128; x_wconf 81' lang='lat' dir='ltr'><strong>factum</strong></span> <span class='ocrx_word' id='word_1_60' title='bbox 1685 1108 1705 1139; x_wconf 87' lang='lat'><em>,</em></span> <span class='ocrx_word' id='word_1_61' title='bbox 1745 1067 1822 1127; x_wconf 89' lang='lat' dir='ltr'><strong>ut</strong></span> <span class='ocrx_word' id='word_1_62' title='bbox 1858 1062 1965 1130; x_wconf 90' lang='lat' dir='ltr'><strong>hic</strong></span> <span class='ocrx_word' id='word_1_63' title='bbox 1998 1082 2124 1128; x_wconf 85' lang='lat' dir='ltr'><strong>non</strong></span> <span class='ocrx_word' id='word_1_64' title='bbox 2164 1068 2463 1148; x_wconf 74' lang='lat' dir='ltr'>appareat</span> <span class='ocrx_word' id='word_1_65' title='bbox 2485 1060 2710 1148; x_wconf 76' lang='lat' dir='ltr'><strong>puellae</strong></span> 
     </span>
     <span class='ocr_line' id='line_1_9' title="bbox 354 1185 609 1234; baseline 0 -1"><span class='ocrx_word' id='word_1_66' title='bbox 354 1185 609 1234; x_wconf 81' lang='lat' dir='ltr'><strong>nomen.</strong></span> 
     </span>
    </p>
   </div>
   <div class='ocr_carea' id='block_1_3' title="bbox 444 1268 989 1360">
    <p class='ocr_par' dir='ltr' id='par_1_4' title="bbox 444 1268 989 1360">
     <span class='ocr_line' id='line_1_10' title="bbox 444 1268 989 1360; baseline -0.002 -23"><span class='ocrx_word' id='word_1_67' title='bbox 444 1271 669 1360; x_wconf 78' lang='lat' dir='ltr'><strong>Epigr.</strong></span> <span class='ocrx_word' id='word_1_68' title='bbox 722 1268 877 1337; x_wconf 81' lang='lat'><strong>193.</strong></span> <span class='ocrx_word' id='word_1_69' title='bbox 922 1268 989 1336; x_wconf 83' lang='lat'><strong>4.</strong></span> 
     </span>
    </p>
   </div>
   <div class='ocr_carea' id='block_1_4' title="bbox 355 1373 2717 2505">
    <p class='ocr_par' dir='ltr' id='par_1_5' title="bbox 355 1373 2717 2075">
     <span class='ocr_line' id='line_1_11' title="bbox 807 1373 2075 1455; baseline 0.001 -14"><span class='ocrx_word' id='word_1_70' title='bbox 807 1373 1132 1453; x_wconf 68' lang='grc' dir='ltr'><strong><em>σύμπλουν</em></strong></span> <span class='ocrx_word' id='word_1_71' title='bbox 1174 1374 1313 1441; x_wconf 90' lang='grc' dir='ltr'><strong>σύν</strong></span> <span class='ocrx_word' id='word_1_72' title='bbox 1355 1399 1458 1455; x_wconf 79' lang='grc' dir='ltr'><strong>με</strong></span> <span class='ocrx_word' id='word_1_73' title='bbox 1502 1375 1780 1454; x_wconf 73' lang='grc' dir='ltr'><strong><em>λαβὼν</em></strong></span> <span class='ocrx_word' id='word_1_74' title='bbox 1825 1375 2075 1454; x_wconf 70' lang='grc' dir='ltr'><strong>ἀγέτω.</strong></span> 
     </span>
     <span class='ocr_line' id='line_1_12' title="bbox 357 1477 2715 1567; baseline 0.001 -20"><span class='ocrx_word' id='word_1_75' title='bbox 357 1480 565 1567; x_wconf 75' lang='lat' dir='ltr'><strong>Supra</strong></span> <span class='ocrx_word' id='word_1_76' title='bbox 609 1477 734 1558; x_wconf 80' lang='lat'><strong>53,</strong></span> <span class='ocrx_word' id='word_1_77' title='bbox 784 1478 827 1545; x_wconf 89' lang='lat'>4</span> <span class='ocrx_word' id='word_1_78' title='bbox 873 1481 1085 1547; x_wconf 84' lang='lat' dir='ltr'><strong>editur</strong></span> <span class='ocrx_word' id='word_1_79' title='bbox 1129 1479 1291 1558; x_wconf 80' lang='grc' dir='ltr'><strong>σύμ</strong></span> <span class='ocrx_word' id='word_1_80' title='bbox 1334 1504 1434 1559; x_wconf 79' lang='grc' dir='ltr'><strong>με</strong></span> <span class='ocrx_word' id='word_1_81' title='bbox 1479 1479 1791 1560; x_wconf 75' lang='grc' dir='ltr'><strong>λαβών.</strong></span> <span class='ocrx_word' id='word_1_82' title='bbox 1840 1481 2008 1549; x_wconf 81' lang='lat' dir='ltr'><strong>Loco</strong></span> <span class='ocrx_word' id='word_1_83' title='bbox 2052 1480 2207 1560; x_wconf 80' lang='lat' dir='ltr'><strong>VII,</strong></span> <span class='ocrx_word' id='word_1_84' title='bbox 2248 1481 2374 1562; x_wconf 82' lang='lat'><strong>89,</strong></span> <span class='ocrx_word' id='word_1_85' title='bbox 2418 1482 2462 1548; x_wconf 83' lang='lat'><strong>5</strong></span> <span class='ocrx_word' id='word_1_86' title='bbox 2503 1485 2715 1549; x_wconf 77' lang='lat' dir='ltr'><strong>iterum</strong></span> 
     </span>
     <span class='ocr_line' id='line_1_13' title="bbox 356 1583 2715 1667; baseline 0.001 -15"><span class='ocrx_word' id='word_1_87' title='bbox 356 1586 496 1652; x_wconf 91' lang='grc' dir='ltr'><strong>σύν</strong></span> <span class='ocrx_word' id='word_1_88' title='bbox 540 1608 646 1665; x_wconf 81' lang='grc' dir='ltr'><strong>μοι</strong></span> <span class='ocrx_word' id='word_1_89' title='bbox 690 1583 1061 1664; x_wconf 78' lang='grc' dir='ltr'><strong><em>βούλευσον,</em></strong></span> <span class='ocrx_word' id='word_1_90' title='bbox 1110 1588 1232 1651; x_wconf 88' lang='lat' dir='ltr'><strong>etsi</strong></span> <span class='ocrx_word' id='word_1_91' title='bbox 1273 1585 1470 1652; x_wconf 83' lang='lat' dir='ltr'><strong>codex</strong></span> <span class='ocrx_word' id='word_1_92' title='bbox 1507 1584 1703 1652; x_wconf 89' lang='lat' dir='ltr'><strong>habet</strong></span> <span class='ocrx_word' id='word_1_93' title='bbox 1739 1585 1898 1664; x_wconf 79' lang='grc' dir='ltr'><strong>σύμ</strong></span> <span class='ocrx_word' id='word_1_94' title='bbox 1933 1610 2067 1664; x_wconf 80' lang='grc' dir='ltr'><strong>μοι</strong></span> <span class='ocrx_word' id='word_1_95' title='bbox 2105 1587 2482 1667; x_wconf 82' lang='grc' dir='ltr'><strong><em>βούλευσον,</em></strong></span> <span class='ocrx_word' id='word_1_96' title='bbox 2522 1594 2715 1655; x_wconf 69' lang='lat' dir='ltr'><strong>contu</strong></span> 
     </span>
     <span class='ocr_line' id='line_1_14' title="bbox 356 1687 2717 1779; baseline -0.001 -18"><span class='ocrx_word' id='word_1_97' title='bbox 356 1691 510 1770; x_wconf 83' lang='lat' dir='ltr'><strong>VII,</strong></span> <span class='ocrx_word' id='word_1_98' title='bbox 577 1687 728 1758; x_wconf 84' lang='grc'><strong>172.</strong></span> <span class='ocrx_word' id='word_1_99' title='bbox 782 1689 830 1755; x_wconf 84' lang='grc'>8</span> <span class='ocrx_word' id='word_1_100' title='bbox 872 1692 1034 1770; x_wconf 73' lang='grc' dir='ltr'><strong><em>τούμ</em></strong></span> <span class='ocrx_word' id='word_1_101' title='bbox 1078 1691 1271 1756; x_wconf 74' lang='grc' dir='ltr'><strong>ποσίν.</strong></span> <span class='ocrx_word' id='word_1_102' title='bbox 1343 1689 1628 1776; x_wconf 81' lang='lat' dir='ltr'><strong>Utraque</strong></span> <span class='ocrx_word' id='word_1_103' title='bbox 1693 1691 2010 1758; x_wconf 79' lang='lat' dir='ltr'><strong>scribendi</strong></span> <span class='ocrx_word' id='word_1_104' title='bbox 2074 1696 2242 1760; x_wconf 69' lang='lat' dir='ltr'><strong>ratio</strong></span> <span class='ocrx_word' id='word_1_105' title='bbox 2284 1694 2487 1779; x_wconf 75' lang='lat' dir='ltr'><strong>proba</strong></span> <span class='ocrx_word' id='word_1_106' title='bbox 2528 1700 2619 1761; x_wconf 78' lang='lat' dir='ltr'><strong>eet</strong></span> <span class='ocrx_word' id='word_1_107' title='bbox 2659 1699 2717 1758; x_wconf 75' lang='lat' dir='ltr'><strong>et</strong></span> 
     </span>
     <span class='ocr_line' id='line_1_15' title="bbox 356 1795 2716 1886; baseline -0.001 -21"><span class='ocrx_word' id='word_1_108' title='bbox 356 1799 622 1883; x_wconf 78' lang='lat' dir='ltr'><strong>antiqua</strong></span> <span class='ocrx_word' id='word_1_109' title='bbox 635 1846 653 1873; x_wconf 90' lang='lat'><strong>‚</strong></span> <span class='ocrx_word' id='word_1_110' title='bbox 717 1796 828 1862; x_wconf 91' lang='lat' dir='ltr'><strong>sed</strong></span> <span class='ocrx_word' id='word_1_111' title='bbox 885 1816 1013 1862; x_wconf 86' lang='lat' dir='ltr'><strong>uon</strong></span> <span class='ocrx_word' id='word_1_112' title='bbox 1069 1795 1388 1862; x_wconf 87' lang='lat' dir='ltr'><strong>laudanda</strong></span> <span class='ocrx_word' id='word_1_113' title='bbox 1439 1801 1538 1861; x_wconf 87' lang='lat' dir='ltr'><strong>est</strong></span> <span class='ocrx_word' id='word_1_114' title='bbox 1582 1795 1844 1863; x_wconf 77' lang='lat' dir='ltr'><strong>editoris</strong></span> <span class='ocrx_word' id='word_1_115' title='bbox 1881 1799 2305 1865; x_wconf 84' lang='lat' dir='ltr'><strong>inconstantia</strong></span> <span class='ocrx_word' id='word_1_116' title='bbox 2320 1846 2339 1877; x_wconf 90' lang='lat'><strong>,</strong></span> <span class='ocrx_word' id='word_1_117' title='bbox 2388 1801 2502 1886; x_wconf 84' lang='lat' dir='ltr'><strong>qui</strong></span> <span class='ocrx_word' id='word_1_118' title='bbox 2546 1797 2716 1864; x_wconf 86' lang='lat' dir='ltr'><strong>modo</strong></span> 
     </span>
     <span class='ocr_line' id='line_1_16' title="bbox 359 1902 2717 1991; baseline 0 -22"><span class='ocrx_word' id='word_1_119' title='bbox 359 1902 596 1970; x_wconf 89' lang='lat' dir='ltr'><strong>codicis</strong></span> <span class='ocrx_word' id='word_1_120' title='bbox 675 1902 1057 1987; x_wconf 82' lang='lat' dir='ltr'><strong>scripturam</strong></span> <span class='ocrx_word' id='word_1_121' title='bbox 1139 1903 1706 1986; x_wconf 76' lang='lat' dir='ltr'><strong>repraesentaverit</strong></span> <span class='ocrx_word' id='word_1_122' title='bbox 1720 1947 1740 1979; x_wconf 86' lang='lat'><strong><em>,</em></strong></span> <span class='ocrx_word' id='word_1_123' title='bbox 1816 1902 2010 1970; x_wconf 88' lang='lat' dir='ltr'><strong>modo</strong></span> <span class='ocrx_word' id='word_1_124' title='bbox 2084 1903 2522 1991; x_wconf 75' lang='lat' dir='ltr'><strong>vulgatiorem</strong></span> <span class='ocrx_word' id='word_1_125' title='bbox 2585 1904 2717 1969; x_wconf 79' lang='lat' dir='ltr'><strong>scri-</strong></span> 
     </span>
     <span class='ocr_line' id='line_1_17' title="bbox 355 2008 1611 2075; baseline -0.003 0"><span class='ocrx_word' id='word_1_126' title='bbox 355 2008 549 2075; x_wconf 86' lang='lat' dir='ltr'><strong>bendi</strong></span> <span class='ocrx_word' id='word_1_127' title='bbox 591 2026 838 2072; x_wconf 88' lang='lat' dir='ltr'><strong>morem</strong></span> <span class='ocrx_word' id='word_1_128' title='bbox 880 2011 1136 2072; x_wconf 88' lang='lat' dir='ltr'><strong>secutus</strong></span> <span class='ocrx_word' id='word_1_129' title='bbox 1179 2008 1287 2071; x_wconf 83' lang='lat' dir='ltr'><strong>sit.</strong></span> <span class='ocrx_word' id='word_1_130' title='bbox 1600 2022 1611 2027; x_wconf 80' lang='lat'><em>·</em></span> 
     </span>
    </p>

    <p class='ocr_par' dir='ltr' id='par_1_6' title="bbox 447 2109 1000 2199">
     <span class='ocr_line' id='line_1_18' title="bbox 447 2109 1000 2199; baseline -0.009 -19"><span class='ocrx_word' id='word_1_131' title='bbox 447 2113 671 2199; x_wconf 85' lang='lat' dir='ltr'><strong>Epigr.</strong></span> <span class='ocrx_word' id='word_1_132' title='bbox 722 2109 886 2191; x_wconf 84' lang='lat'><strong>195,</strong></span> <span class='ocrx_word' id='word_1_133' title='bbox 938 2109 1000 2175; x_wconf 88' lang='lat'><strong>4.</strong></span> 
     </span>
    </p>

    <p class='ocr_par' dir='ltr' id='par_1_7' title="bbox 355 2213 2243 2410">
     <span class='ocr_line' id='line_1_19' title="bbox 811 2213 2243 2296; baseline 0.001 -16"><span class='ocrx_word' id='word_1_134' title='bbox 811 2216 856 2280; x_wconf 75' lang='grc' dir='ltr'><strong>οἱ</strong></span> <span class='ocrx_word' id='word_1_135' title='bbox 902 2214 965 2280; x_wconf 72' lang='grc' dir='ltr'><strong>δὲ</strong></span> <span class='ocrx_word' id='word_1_136' title='bbox 1008 2213 1291 2293; x_wconf 75' lang='grc' dir='ltr'><strong><em>λόγοις</em></strong></span> <span class='ocrx_word' id='word_1_137' title='bbox 1337 2216 1423 2281; x_wconf 79' lang='grc' dir='ltr'><strong>τὸ</strong></span> <span class='ocrx_word' id='word_1_138' title='bbox 1474 2214 2015 2296; x_wconf 71' lang='grc' dir='ltr'><strong><em>γλυκύμυθον</em></strong></span> <span class='ocrx_word' id='word_1_139' title='bbox 2062 2215 2243 2289; x_wconf 68' lang='grc' dir='ltr'><strong>ἔπος.</strong></span> 
     </span>
     <span class='ocr_line' id='line_1_20' title="bbox 355 2320 1107 2410; baseline -0.008 -21"><span class='ocrx_word' id='word_1_140' title='bbox 355 2321 699 2410; x_wconf 77' lang='lat' dir='ltr'><strong>Eleganter</strong></span> <span class='ocrx_word' id='word_1_141' title='bbox 740 2320 1107 2388; x_wconf 84' lang='lat' dir='ltr'><strong>Heckerus:</strong></span> 
     </span>
    </p>

    <p class='ocr_par' dir='ltr' id='par_1_8' title="bbox 811 2423 2198 2505">
     <span class='ocr_line' id='line_1_21' title="bbox 811 2423 2198 2505; baseline 0.001 -16"><span class='ocrx_word' id='word_1_142' title='bbox 811 2427 856 2490; x_wconf 77' lang='grc' dir='ltr'><strong>οἱ</strong></span> <span class='ocrx_word' id='word_1_143' title='bbox 901 2424 953 2489; x_wconf 73' lang='grc' dir='ltr'><strong>δ’</strong></span> <span class='ocrx_word' id='word_1_144' title='bbox 1000 2424 1265 2505; x_wconf 68' lang='grc' dir='ltr'><strong><em>δώροις</em></strong></span> <span class='ocrx_word' id='word_1_145' title='bbox 1311 2425 1398 2490; x_wconf 79' lang='grc' dir='ltr'><strong>τὸ</strong></span> <span class='ocrx_word' id='word_1_146' title='bbox 1445 2423 1979 2505; x_wconf 74' lang='grc' dir='ltr'><strong><em>γλυκύθυμον</em></strong></span> <span class='ocrx_word' id='word_1_147' title='bbox 2023 2426 2198 2501; x_wconf 73' lang='grc' dir='ltr'><strong>ἔτος.</strong></span> 
     </span>
    </p>
   </div>
   <div class='ocr_carea' id='block_1_5' title="bbox 2857 182 2860 1288">
    <p class='ocr_par' dir='ltr' id='par_1_9' title="bbox 2857 182 2860 1288">
     <span class='ocr_line' id='line_1_22' title="bbox 2857 182 2860 1288; baseline 0 0"><span class='ocrx_word' id='word_1_148' title='bbox 2857 182 2860 1288; x_wconf 95' lang='lat' dir='ltr'><strong> </strong></span> 
     </span>
    </p>
   </div>
   <div class='ocr_carea' id='block_1_6' title="bbox 347 2530 2859 4407">
    <p class='ocr_par' dir='ltr' id='par_1_10' title="bbox 347 2530 2859 4407">
     <span class='ocr_line' id='line_1_23' title="bbox 444 2530 2726 2613; baseline 0.002 -16"><span class='ocrx_word' id='word_1_149' title='bbox 444 2533 534 2597; x_wconf 79' lang='lat' dir='ltr'><strong>At</strong></span> <span class='ocrx_word' id='word_1_150' title='bbox 591 2533 786 2599; x_wconf 81' lang='lat' dir='ltr'><strong>verbo</strong></span> <span class='ocrx_word' id='word_1_151' title='bbox 848 2530 1281 2611; x_wconf 68' lang='grc' dir='ltr'><strong>γλυκυμυθεῖν</strong></span> <span class='ocrx_word' id='word_1_152' title='bbox 1342 2552 1499 2599; x_wconf 72' lang='lat' dir='ltr'><strong>usus</strong></span> <span class='ocrx_word' id='word_1_153' title='bbox 1556 2538 1653 2597; x_wconf 84' lang='lat' dir='ltr'><strong>est</strong></span> <span class='ocrx_word' id='word_1_154' title='bbox 1713 2534 1887 2599; x_wconf 88' lang='lat' dir='ltr'><strong>idem</strong></span> <span class='ocrx_word' id='word_1_155' title='bbox 1933 2533 2306 2599; x_wconf 73' lang='lat' dir='ltr'>MRLRAGRR</span> <span class='ocrx_word' id='word_1_156' title='bbox 2350 2532 2516 2612; x_wconf 84' lang='lat' dir='ltr'>XII,</span> <span class='ocrx_word' id='word_1_157' title='bbox 2570 2533 2691 2601; x_wconf 78' lang='lat'><strong>122</strong></span> <span class='ocrx_word' id='word_1_158' title='bbox 2706 2580 2726 2613; x_wconf 81' lang='lat'><em>,</em></span> 
     </span>
     <span class='ocr_line' id='line_1_24' title="bbox 357 2638 2859 2726; baseline 0.001 -22"><span class='ocrx_word' id='word_1_159' title='bbox 357 2643 423 2704; x_wconf 89' lang='lat' dir='ltr'><strong>et</strong></span> <span class='ocrx_word' id='word_1_160' title='bbox 465 2638 729 2704; x_wconf 85' lang='lat' dir='ltr'><strong>fortasse</strong></span> <span class='ocrx_word' id='word_1_161' title='bbox 773 2638 850 2703; x_wconf 89' lang='lat' dir='ltr'><strong>de</strong></span> <span class='ocrx_word' id='word_1_162' title='bbox 894 2638 1208 2704; x_wconf 86' lang='lat' dir='ltr'><strong>industria</strong></span> <span class='ocrx_word' id='word_1_163' title='bbox 1252 2639 1316 2701; x_wconf 83' lang='lat' dir='ltr'><strong>in</strong></span> <span class='ocrx_word' id='word_1_164' title='bbox 1357 2640 1736 2724; x_wconf 81' lang='lat' dir='ltr'><strong>synonymis</strong></span> <span class='ocrx_word' id='word_1_165' title='bbox 1772 2638 1999 2704; x_wconf 78' lang='lat' dir='ltr'><strong>lusisse</strong></span> <span class='ocrx_word' id='word_1_166' title='bbox 2035 2638 2358 2725; x_wconf 87' lang='lat' dir='ltr'><strong>putandus</strong></span> <span class='ocrx_word' id='word_1_167' title='bbox 2396 2648 2495 2705; x_wconf 88' lang='lat' dir='ltr'><strong>est</strong></span> <span class='ocrx_word' id='word_1_168' title='bbox 2510 2687 2532 2720; x_wconf 85' lang='lat'><em>,</em></span> <span class='ocrx_word' id='word_1_169' title='bbox 2569 2639 2727 2726; x_wconf 84' lang='lat' dir='ltr'><strong>quod</strong></span> <span class='ocrx_word' id='word_1_170' title='bbox 2858 2714 2859 2717; x_wconf 8' lang='grc' dir='ltr'><strong>Ἴ</strong></span> 
     </span>
     <span class='ocr_line' id='line_1_25' title="bbox 354 2741 2726 2830; baseline 0.001 -21"><span class='ocrx_word' id='word_1_171' title='bbox 354 2764 481 2810; x_wconf 87' lang='lat' dir='ltr'><strong>non</strong></span> <span class='ocrx_word' id='word_1_172' title='bbox 539 2744 870 2809; x_wconf 90' lang='lat' dir='ltr'><strong>abhorrere</strong></span> <span class='ocrx_word' id='word_1_173' title='bbox 927 2741 1183 2808; x_wconf 81' lang='lat' dir='ltr'><strong>videtur</strong></span> <span class='ocrx_word' id='word_1_174' title='bbox 1242 2763 1280 2809; x_wconf 89' lang='lat' dir='ltr'><strong>a</strong></span> <span class='ocrx_word' id='word_1_175' title='bbox 1337 2745 1763 2830; x_wconf 87' lang='lat' dir='ltr'><strong>grammatico</strong></span> <span class='ocrx_word' id='word_1_176' title='bbox 1822 2746 2013 2809; x_wconf 88' lang='lat' dir='ltr'><strong>istius</strong></span> <span class='ocrx_word' id='word_1_177' title='bbox 2063 2746 2207 2810; x_wconf 79' lang='lat' dir='ltr'><strong>aevi</strong></span> <span class='ocrx_word' id='word_1_178' title='bbox 2258 2749 2595 2829; x_wconf 82' lang='lat' dir='ltr'><strong>poetarum</strong></span> <span class='ocrx_word' id='word_1_179' title='bbox 2638 2748 2726 2810; x_wconf 85' lang='lat' dir='ltr'><strong>in·</strong></span> 
     </span>
     <span class='ocr_line' id='line_1_26' title="bbox 357 2822 2859 2936; baseline 0 -23"><span class='ocrx_word' id='word_1_180' title='bbox 357 2851 566 2936; x_wconf 88' lang='lat' dir='ltr'><strong>genio.</strong></span> <span class='ocrx_word' id='word_1_181' title='bbox 651 2847 936 2929; x_wconf 84' lang='lat' dir='ltr'><strong>Quorum</strong></span> <span class='ocrx_word' id='word_1_182' title='bbox 979 2848 1262 2913; x_wconf 82' lang='lat' dir='ltr'><strong>carmina</strong></span> <span class='ocrx_word' id='word_1_183' title='bbox 1315 2848 1781 2934; x_wconf 75' lang='lat' dir='ltr'><strong>corrigentibus</strong></span> <span class='ocrx_word' id='word_1_184' title='bbox 1834 2849 2180 2936; x_wconf 84' lang='lat' dir='ltr'><strong>diligenter</strong></span> <span class='ocrx_word' id='word_1_185' title='bbox 2236 2850 2594 2917; x_wconf 78' lang='lat' dir='ltr'><strong>cavendum</strong></span> <span class='ocrx_word' id='word_1_186' title='bbox 2654 2871 2729 2916; x_wconf 83' lang='lat' dir='ltr'><strong>ue</strong></span> <span class='ocrx_word' id='word_1_187' title='bbox 2858 2822 2859 2913; x_wconf 45' lang='lat' dir='ltr'><strong>l</strong></span> 
     </span>
     <span class='ocr_line' id='line_1_27' title="bbox 358 2952 2726 3040; baseline 0 -21"><span class='ocrx_word' id='word_1_188' title='bbox 358 2955 584 3019; x_wconf 80' lang='lat' dir='ltr'><strong>invitis</strong></span> <span class='ocrx_word' id='word_1_189' title='bbox 644 2955 787 3019; x_wconf 88' lang='lat' dir='ltr'><strong>istis</strong></span> <span class='ocrx_word' id='word_1_190' title='bbox 848 2953 1264 3019; x_wconf 85' lang='lat' dir='ltr'><strong>obtrudamus</strong></span> <span class='ocrx_word' id='word_1_191' title='bbox 1320 2956 1612 3017; x_wconf 87' lang='lat' dir='ltr'><strong>nostrum</strong></span> <span class='ocrx_word' id='word_1_192' title='bbox 1671 2952 1924 3038; x_wconf 81' lang='lat' dir='ltr'><strong>pulchri</strong></span> <span class='ocrx_word' id='word_1_193' title='bbox 1972 2974 2229 3020; x_wconf 88' lang='lat' dir='ltr'><strong>sensum</strong></span> <span class='ocrx_word' id='word_1_194' title='bbox 2275 2959 2470 3040; x_wconf 87' lang='lat' dir='ltr'><strong>atque</strong></span> <span class='ocrx_word' id='word_1_195' title='bbox 2507 2954 2726 3022; x_wconf 80' lang='lat' dir='ltr'><strong>decori.</strong></span> 
     </span>
     <span class='ocr_line' id='line_1_28' title="bbox 363 3056 2727 3147; baseline 0.002 -25"><span class='ocrx_word' id='word_1_196' title='bbox 363 3056 561 3138; x_wconf 81' lang='lat' dir='ltr'><strong>Quid,</strong></span> <span class='ocrx_word' id='word_1_197' title='bbox 623 3063 700 3122; x_wconf 89' lang='lat' dir='ltr'><strong>ut</strong></span> <span class='ocrx_word' id='word_1_198' title='bbox 755 3058 875 3124; x_wconf 87' lang='lat' dir='ltr'><strong>hoc</strong></span> <span class='ocrx_word' id='word_1_199' title='bbox 933 3062 1112 3133; x_wconf 86' lang='lat' dir='ltr'><strong>utar,</strong></span> <span class='ocrx_word' id='word_1_200' title='bbox 1177 3057 1257 3123; x_wconf 87' lang='lat' dir='ltr'><strong>ad</strong></span> <span class='ocrx_word' id='word_1_201' title='bbox 1301 3063 1593 3123; x_wconf 87' lang='lat' dir='ltr'><strong>nostrum</strong></span> <span class='ocrx_word' id='word_1_202' title='bbox 1640 3078 1897 3124; x_wconf 89' lang='lat' dir='ltr'><strong>sensum</strong></span> <span class='ocrx_word' id='word_1_203' title='bbox 1943 3060 2161 3124; x_wconf 87' lang='lat' dir='ltr'><strong>minus</strong></span> <span class='ocrx_word' id='word_1_204' title='bbox 2204 3058 2501 3147; x_wconf 83' lang='lat' dir='ltr'><strong>elegans,</strong></span> <span class='ocrx_word' id='word_1_205' title='bbox 2544 3080 2727 3147; x_wconf 81' lang='lat' dir='ltr'><strong>quam</strong></span> 
     </span>
     <span class='ocr_line' id='line_1_29' title="bbox 361 3162 1355 3247; baseline 0.001 -21"><span class='ocrx_word' id='word_1_206' title='bbox 361 3162 529 3247; x_wconf 88' lang='lat' dir='ltr'><strong>quod</strong></span> <span class='ocrx_word' id='word_1_207' title='bbox 574 3162 746 3227; x_wconf 88' lang='lat' dir='ltr'><strong>idem</strong></span> <span class='ocrx_word' id='word_1_208' title='bbox 784 3167 971 3247; x_wconf 89' lang='lat' dir='ltr'><strong>poeta</strong></span> <span class='ocrx_word' id='word_1_209' title='bbox 1016 3163 1241 3227; x_wconf 87' lang='lat' dir='ltr'><strong>scribit</strong></span> <span class='ocrx_word' id='word_1_210' title='bbox 1285 3165 1355 3227; x_wconf 87' lang='lat' dir='ltr'><strong>iu</strong></span> 
     </span>
     <span class='ocr_line' id='line_1_30' title="bbox 448 3264 1117 3353; baseline -0.003 -20"><span class='ocrx_word' id='word_1_211' title='bbox 448 3266 669 3353; x_wconf 80' lang='lat' dir='ltr'><strong>Epigr.</strong></span> <span class='ocrx_word' id='word_1_212' title='bbox 723 3264 850 3332; x_wconf 87' lang='lat'><strong>197</strong></span> <span class='ocrx_word' id='word_1_213' title='bbox 868 3314 886 3344; x_wconf 87' lang='lat'><em>,</em></span> <span class='ocrx_word' id='word_1_214' title='bbox 940 3267 979 3331; x_wconf 84' lang='lat'>5</span> <span class='ocrx_word' id='word_1_215' title='bbox 1026 3287 1117 3352; x_wconf 88' lang='lat' dir='ltr'><strong>sq.</strong></span> 
     </span>
     <span class='ocr_line' id='line_1_31' title="bbox 538 3369 2513 3454; baseline 0.004 -20"><span class='ocrx_word' id='word_1_216' title='bbox 538 3372 720 3449; x_wconf 83' lang='grc' dir='ltr'><strong><em>βαιὸν</em></strong></span> <span class='ocrx_word' id='word_1_217' title='bbox 765 3369 892 3451; x_wconf 80' lang='grc' dir='ltr'><strong>ἔχω</strong></span> <span class='ocrx_word' id='word_1_218' title='bbox 939 3369 1013 3437; x_wconf 77' lang='grc' dir='ltr'><strong>τό</strong></span> <span class='ocrx_word' id='word_1_219' title='bbox 1055 3395 1134 3450; x_wconf 73' lang='grc' dir='ltr'><strong>γε</strong></span> <span class='ocrx_word' id='word_1_220' title='bbox 1184 3370 1486 3454; x_wconf 68' lang='grc' dir='ltr'><strong>λειφθέν,</strong></span> <span class='ocrx_word' id='word_1_221' title='bbox 1524 3373 1724 3454; x_wconf 76' lang='grc' dir='ltr'><strong>Ἔρως</strong></span> <span class='ocrx_word' id='word_1_222' title='bbox 1749 3424 1768 3450; x_wconf 91' lang='grc'><strong>,</strong></span> <span class='ocrx_word' id='word_1_223' title='bbox 1819 3374 1919 3440; x_wconf 71' lang='grc' dir='ltr'><strong>ἐπὶ</strong></span> <span class='ocrx_word' id='word_1_224' title='bbox 1959 3374 2209 3454; x_wconf 75' lang='grc' dir='ltr'><strong><em>χείλεσι</em></strong></span> <span class='ocrx_word' id='word_1_225' title='bbox 2259 3379 2513 3453; x_wconf 69' lang='grc' dir='ltr'><strong>πνεῦμα</strong></span> 
     </span>
     <span class='ocr_line' id='line_1_32' title="bbox 627 3474 2445 3558; baseline 0.003 -18"><span class='ocrx_word' id='word_1_226' title='bbox 627 3478 679 3541; x_wconf 78' lang='grc' dir='ltr'><strong>εἰ</strong></span> <span class='ocrx_word' id='word_1_227' title='bbox 728 3476 780 3540; x_wconf 74' lang='grc' dir='ltr'><strong>δ’</strong></span> <span class='ocrx_word' id='word_1_228' title='bbox 832 3474 1070 3549; x_wconf 68' lang='grc' dir='ltr'><strong><em>ἐθέλεις</em></strong></span> <span class='ocrx_word' id='word_1_229' title='bbox 1119 3477 1222 3542; x_wconf 81' lang='grc' dir='ltr'><strong>καὶ</strong></span> <span class='ocrx_word' id='word_1_230' title='bbox 1270 3480 1462 3556; x_wconf 79' lang='grc' dir='ltr'><strong><em>τοῦτ’,</em></strong></span> <span class='ocrx_word' id='word_1_231' title='bbox 1514 3478 1687 3553; x_wconf 72' lang='grc' dir='ltr'><strong><em>εἰσι-ε’,</em></strong></span> <span class='ocrx_word' id='word_1_232' title='bbox 1735 3479 1840 3544; x_wconf 80' lang='grc' dir='ltr'><strong>καὶ</strong></span> <span class='ocrx_word' id='word_1_233' title='bbox 1891 3478 2445 3558; x_wconf 72' lang='grc' dir='ltr'><strong>ἐκττύσομαι.</strong></span> 
     </span>
     <span class='ocr_line' id='line_1_33' title="bbox 359 3581 1973 3667; baseline 0.002 -22"><span class='ocrx_word' id='word_1_234' title='bbox 359 3600 471 3666; x_wconf 88' lang='lat' dir='ltr'><strong>pro</strong></span> <span class='ocrx_word' id='word_1_235' title='bbox 518 3581 929 3659; x_wconf 73' lang='grc' dir='ltr'><strong>ἓκπνεύσομαι</strong></span> <span class='ocrx_word' id='word_1_236' title='bbox 953 3630 969 3658; x_wconf 85' lang='grc'><strong>,</strong></span> <span class='ocrx_word' id='word_1_237' title='bbox 1018 3583 1187 3667; x_wconf 89' lang='lat' dir='ltr'><strong>quod</strong></span> <span class='ocrx_word' id='word_1_238' title='bbox 1230 3588 1437 3649; x_wconf 89' lang='lat' dir='ltr'><strong>metro</strong></span> <span class='ocrx_word' id='word_1_239' title='bbox 1483 3581 1973 3649; x_wconf 77' lang='lat' dir='ltr'><strong>excludebatur?</strong></span> 
     </span>
     <span class='ocr_line' id='line_1_34' title="bbox 447 3684 2721 3777; baseline 0.003 -27"><span class='ocrx_word' id='word_1_240' title='bbox 447 3684 807 3771; x_wconf 82' lang='lat' dir='ltr'><strong>Depravata</strong></span> <span class='ocrx_word' id='word_1_241' title='bbox 866 3692 1084 3753; x_wconf 87' lang='lat' dir='ltr'><strong>autem</strong></span> <span class='ocrx_word' id='word_1_242' title='bbox 1143 3688 1365 3774; x_wconf 89' lang='lat' dir='ltr'><strong>procul</strong></span> <span class='ocrx_word' id='word_1_243' title='bbox 1406 3689 1604 3755; x_wconf 89' lang='lat' dir='ltr'><strong>dubio</strong></span> <span class='ocrx_word' id='word_1_244' title='bbox 1652 3709 1814 3774; x_wconf 87' lang='lat' dir='ltr'><strong>quae</strong></span> <span class='ocrx_word' id='word_1_245' title='bbox 1857 3689 2101 3755; x_wconf 89' lang='lat' dir='ltr'><strong>ibidem</strong></span> <span class='ocrx_word' id='word_1_246' title='bbox 2148 3694 2240 3757; x_wconf 90' lang='lat' dir='ltr'><strong>sic</strong></span> <span class='ocrx_word' id='word_1_247' title='bbox 2286 3694 2524 3777; x_wconf 84' lang='lat' dir='ltr'><strong>scripta</strong></span> <span class='ocrx_word' id='word_1_248' title='bbox 2564 3708 2721 3777; x_wconf 72' lang='lat' dir='ltr'><strong>prae-</strong></span> 
     </span>
     <span class='ocr_line' id='line_1_35' title="bbox 359 3790 628 3858; baseline -0.019 0"><span class='ocrx_word' id='word_1_249' title='bbox 359 3790 628 3858; x_wconf 86' lang='lat' dir='ltr'><strong>cedunt:</strong></span> 
     </span>
     <span class='ocr_line' id='line_1_36' title="bbox 530 3893 2385 3980; baseline 0.004 -22"><span class='ocrx_word' id='word_1_250' title='bbox 530 3894 627 3961; x_wconf 79' lang='grc' dir='ltr'><strong>ναὶ</strong></span> <span class='ocrx_word' id='word_1_251' title='bbox 678 3893 871 3960; x_wconf 72' lang='grc' dir='ltr'><strong><em>πάλιν</em></strong></span> <span class='ocrx_word' id='word_1_252' title='bbox 922 3894 1179 3970; x_wconf 69' lang='grc' dir='ltr'><strong><em>Ἰλιάδος</em></strong></span> <span class='ocrx_word' id='word_1_253' title='bbox 1227 3897 1395 3979; x_wconf 73' lang='grc' dir='ltr'><strong>Φίλα</strong></span> <span class='ocrx_word' id='word_1_254' title='bbox 1441 3898 1752 3977; x_wconf 74' lang='grc' dir='ltr'><strong><em>παίγνια,</em></strong></span> <span class='ocrx_word' id='word_1_255' title='bbox 1806 3898 1902 3963; x_wconf 77' lang='grc' dir='ltr'><strong>ναὶ</strong></span> <span class='ocrx_word' id='word_1_256' title='bbox 1950 3899 2385 3980; x_wconf 69' lang='grc' dir='ltr'><strong>φιλαγρυπνον</strong></span> 
     </span>
     <span class='ocr_line' id='line_1_37' title="bbox 641 3999 2195 4082; baseline 0.004 -17"><span class='ocrx_word' id='word_1_257' title='bbox 641 3999 907 4079; x_wconf 83' lang='grc' dir='ltr'><strong>λύχνον,</strong></span> <span class='ocrx_word' id='word_1_258' title='bbox 963 4001 1123 4078; x_wconf 78' lang='grc' dir='ltr'><strong><em>ἐμῶν</em></strong></span> <span class='ocrx_word' id='word_1_259' title='bbox 1161 4003 1374 4080; x_wconf 77' lang='grc' dir='ltr'><strong><em>κώμων</em></strong></span> <span class='ocrx_word' id='word_1_260' title='bbox 1419 4003 1690 4068; x_wconf 75' lang='grc' dir='ltr'><strong><em>πολλὰ</em></strong></span> <span class='ocrx_word' id='word_1_261' title='bbox 1737 4001 1961 4067; x_wconf 74' lang='grc' dir='ltr'><strong><em>πιόντα</em></strong></span> <span class='ocrx_word' id='word_1_262' title='bbox 2007 4004 2195 4082; x_wconf 75' lang='grc' dir='ltr'><strong>μέλη.</strong></span> 
     </span>
     <span class='ocr_line' id='line_1_38' title="bbox 350 4104 2719 4194; baseline 0.002 -25"><span class='ocrx_word' id='word_1_263' title='bbox 350 4104 477 4169; x_wconf 84' lang='lat' dir='ltr'><strong>Fac</strong></span> <span class='ocrx_word' id='word_1_264' title='bbox 519 4108 693 4170; x_wconf 88' lang='lat' dir='ltr'><strong>enim</strong></span> <span class='ocrx_word' id='word_1_265' title='bbox 737 4107 929 4171; x_wconf 72' lang='grc' dir='ltr'><strong><em>πίνειν</em></strong></span> <span class='ocrx_word' id='word_1_266' title='bbox 973 4111 1140 4170; x_wconf 85' lang='lat' dir='ltr'><strong>recte</strong></span> <span class='ocrx_word' id='word_1_267' title='bbox 1187 4106 1314 4172; x_wconf 90' lang='lat' dir='ltr'><strong>dici</strong></span> <span class='ocrx_word' id='word_1_268' title='bbox 1358 4127 1473 4192; x_wconf 89' lang='lat' dir='ltr'><strong>pro</strong></span> <span class='ocrx_word' id='word_1_269' title='bbox 1519 4109 1761 4174; x_wconf 76' lang='grc' dir='ltr'><strong>ἀκούειν</strong></span> <span class='ocrx_word' id='word_1_270' title='bbox 1782 4157 1797 4183; x_wconf 85' lang='grc'><em>,</em></span> <span class='ocrx_word' id='word_1_271' title='bbox 1847 4110 2017 4194; x_wconf 88' lang='lat' dir='ltr'><strong>quod</strong></span> <span class='ocrx_word' id='word_1_272' title='bbox 2062 4116 2278 4175; x_wconf 84' lang='lat' dir='ltr'><strong>tamen</strong></span> <span class='ocrx_word' id='word_1_273' title='bbox 2324 4118 2477 4192; x_wconf 86' lang='lat' dir='ltr'><strong>(non</strong></span> <span class='ocrx_word' id='word_1_274' title='bbox 2521 4110 2719 4177; x_wconf 82' lang='lat' dir='ltr'><strong>addito</strong></span> 
     </span>
     <span class='ocr_line' id='line_1_39' title="bbox 349 4210 2717 4301; baseline 0.002 -29"><span class='ocrx_word' id='word_1_275' title='bbox 349 4215 478 4278; x_wconf 79' lang='grc' dir='ltr'><strong><em>τοῖς</em></strong></span> <span class='ocrx_word' id='word_1_276' title='bbox 534 4210 700 4292; x_wconf 80' lang='grc' dir='ltr'><strong>ὠσίν)</strong></span> <span class='ocrx_word' id='word_1_277' title='bbox 747 4210 935 4276; x_wconf 86' lang='lat' dir='ltr'><strong>valde</strong></span> <span class='ocrx_word' id='word_1_278' title='bbox 975 4210 1246 4275; x_wconf 87' lang='lat' dir='ltr'><strong>dubium</strong></span> <span class='ocrx_word' id='word_1_279' title='bbox 1292 4220 1422 4291; x_wconf 88' lang='lat' dir='ltr'><strong>est,</strong></span> <span class='ocrx_word' id='word_1_280' title='bbox 1472 4213 1583 4279; x_wconf 85' lang='lat' dir='ltr'><strong>sed</strong></span> <span class='ocrx_word' id='word_1_281' title='bbox 1628 4214 1727 4279; x_wconf 85' lang='lat' dir='ltr'><strong>fac</strong></span> <span class='ocrx_word' id='word_1_282' title='bbox 1777 4222 1947 4281; x_wconf 88' lang='lat' dir='ltr'><strong>recte</strong></span> <span class='ocrx_word' id='word_1_283' title='bbox 1993 4214 2151 4293; x_wconf 83' lang='lat' dir='ltr'><strong>dici,</strong></span> <span class='ocrx_word' id='word_1_284' title='bbox 2202 4220 2479 4301; x_wconf 87' lang='lat' dir='ltr'><strong>permire</strong></span> <span class='ocrx_word' id='word_1_285' title='bbox 2524 4224 2717 4281; x_wconf 79' lang='lat' dir='ltr'><strong>tamen</strong></span> 
     </span>
     <span class='ocr_line' id='line_1_40' title="bbox 347 4309 2718 4407; baseline 0.004 -31"><span class='ocrx_word' id='word_1_286' title='bbox 347 4309 638 4378; x_wconf 87' lang='lat' dir='ltr'><strong>lucernae</strong></span> <span class='ocrx_word' id='word_1_287' title='bbox 695 4318 1002 4380; x_wconf 88' lang='lat' dir='ltr'><strong>tribuitur</strong></span> <span class='ocrx_word' id='word_1_288' title='bbox 1062 4317 1362 4381; x_wconf 85' lang='lat' dir='ltr'><strong>audiendi</strong></span> <span class='ocrx_word' id='word_1_289' title='bbox 1421 4318 1691 4384; x_wconf 79' lang='lat' dir='ltr'><strong>facultas</strong></span> <span class='ocrx_word' id='word_1_290' title='bbox 1708 4367 1727 4397; x_wconf 90' lang='lat'><em>,</em></span> <span class='ocrx_word' id='word_1_291' title='bbox 1788 4323 1895 4385; x_wconf 88' lang='lat' dir='ltr'><strong>cui</strong></span> <span class='ocrx_word' id='word_1_292' title='bbox 1941 4322 2159 4385; x_wconf 77' lang='lat' dir='ltr'><strong>visum</strong></span> <span class='ocrx_word' id='word_1_293' title='bbox 2206 4323 2409 4388; x_wconf 84' lang='lat' dir='ltr'><strong>tribui</strong></span> <span class='ocrx_word' id='word_1_294' title='bbox 2454 4345 2491 4388; x_wconf 90' lang='lat' dir='ltr'><strong>a</strong></span> <span class='ocrx_word' id='word_1_295' title='bbox 2533 4321 2718 4407; x_wconf 72' lang='lat' dir='ltr'><strong>poetis</strong></span> 
     </span>
    </p>
   </div>
   <div class='ocr_carea' id='block_1_7' title="bbox 2858 4284 2861 4983">
    <p class='ocr_par' dir='ltr' id='par_1_11' title="bbox 2858 4284 2861 4983">
     <span class='ocr_line' id='line_1_41' title="bbox 2858 4284 2861 4983; baseline 0 0"><span class='ocrx_word' id='word_1_296' title='bbox 2858 4284 2861 4983; x_wconf 95' lang='lat' dir='ltr'><strong> </strong></span> 
     </span>
    </p>
   </div>
  </div>
 </body>
</html>
