2934 5050
981 324 1067 372 ΑΒ
1116 324 1423 373 ΡιΑτοΝιε
1472 322 1773 371 eoseum,
2438 304 2565 369 125

231 491 424 570 λέγειν
483 493 595 569 μὲν
656 492 984 567 δύνασθαι,
1048 499 1288 574 Φρονεῖν
1350 494 1401 558 δ’
1447 493 1536 559 οὔ.
1630 492 1963 558 Praeterea
2026 493 2374 579 incongrua
2427 498 2577 558 sunt

230 595 483 678 ἔπῇνεσοὶ
522 620 591 661 σε
639 595 730 662 ὅτι
779 621 880 674 μοι
931 596 1122 670 δοκεῖς
1168 595 1235 663 εὖ
1282 599 1726 664 πεπαιδεῦσθαι
1774 616 1888 681 pro
1932 596 2201 677 ἕπῇνεσοὶ
2249 620 2317 662 σε
2366 593 2457 661 ὅτι
2505 592 2572 663 εὖ

225 702 644 767 πεπαίδευσαι.
743 701 928 767 Nihil
974 703 1238 787 expedio
1254 751 1273 781 ,
1334 724 1538 788 neque
1582 701 1820 767 urendo
1864 705 1929 766 et
1971 700 2234 767 secando
2279 701 2446 786 quod
2490 703 2578 767 sit

224 805 529 890 probabile
571 808 862 892 reperias.

301 909 493 975 Multi
532 915 682 976 sunt
717 914 785 975 in
827 906 1052 991 Gor-qia
1072 910 1197 977 loci
1220 910 1600 977 conclamati
1631 916 1694 977 et
1727 910 1998 996 depositi
2020 917 2085 976 et
2112 909 2375 983 ἀνιάτως
2401 908 2574 990 ἕχον-

219 1037 313 1087 τες
329 1063 344 1089 ,
403 1035 557 1099 quos
614 1035 802 1079 nemo
861 1034 1188 1100 umquam.
1232 1037 1434 1101 neque
1496 1015 1789 1101 expedire
1845 1018 2079 1100 poterit
2120 1036 2323 1101 neque
2366 1036 2577 1081 emen-

222 1116 372 1184 dare.

298 1329 450 1418 Pag.
501 1329 652 1396 4¹72.
701 1351 762 1396 A.
812 1331 1247 1411 Ἀριςοκράτης
1289 1332 1322 1395 ’ὅ
1373 1330 1714 1404 Σκελλίου,
1773 1326 1843 1396 οὖ
1889 1331 2013 1401 {ew
2060 1331 2121 1394 ἐν
2169 1332 2357 1395 Πυθοῖ
2394 1335 2574 1395 τοῦτο

218 1434 280 1497 τὸ
323 1434 508 1499 καλὸν
567 1434 914 1520 ἀνάθημα]
1012 1433 1357 1523 Corrigunt
1416 1436 1606 1500 Πυθοῖ
1658 1437 1857 1499 eiecta
1913 1436 2406 1520 praepositione:
2467 1433 2577 1500 sed

220 1541 393 1603 Πυθοῖ
442 1559 558 1624 pro
617 1539 678 1603 ἐν
742 1548 1019 1612 Δελφοῖς
1091 1541 1327 1605 dieitur
1391 1539 1507 1604 ubi
1568 1540 1642 1602 de
1699 1540 1864 1602 ludis
1915 1540 2155 1624 Pythii-v
2207 1558 2414 1605 sermo
2458 1548 2573 1604 est.

216 1639 421 1727 Itaque
464 1645 750 1729 suspicor
802 1664 1032 1709 verum
1078 1664 1210 1709 esse
1255 1645 1316 1708 ἔν
1361 1644 1560 1725 Πυθίῳ
1578 1691 1596 1718 ,
1659 1644 1729 1708 id
1773 1649 1869 1708 est
1909 1644 2179 1708 Athenis
2221 1646 2289 1709 in
2335 1642 2577 1728 templo

216 1745 520 1831 Apollinis
564 1750 900 1814 notissimo
914 1797 932 1825 ‚
986 1750 1153 1834 quod
1199 1746 1558 1814 aedificavit
1599 1746 1992 1812 Pisistratus.
2039 1747 2118 1813 of.
2161 1746 2450 1835 Thucyd.
2490 1745 2573 1811 Π.

223 1848 316 1913 15.
383 1849 647 1917 Strattis
694 1853 863 1937 apud
910 1852 1121 1918 Sehol.
1169 1854 1364 1917 Arist.
1412 1853 1583 1916 Pbut.
1637 1849 1812 1915 1194

569 1954 743 2033 ὑμεῖς
792 1981 861 2021 τε
908 1956 1141 2029 πάντες
1189 1955 1339 2033 ἔξιτ’
1388 1957 1489 2020 ἐπὶ
1537 1955 1608 2021 τὸ
1657 1955 1896 2020 Πύθιον.

214 2065 276 2123 et
328 2059 441 2125 alii
498 2064 761 2146 passim.
873 2062 1200 2148 Imprimis
1257 2063 1383 2126 huc
1441 2062 1597 2127 facit
1652 2060 1923 2125 Photius
1982 2082 2045 2125 v.
2107 2057 2355 2124 Πύθιονε
2426 2057 2578 2136 ἱερὸν

218 2164 599 2238 ’Λπόλλωνος
662 2169 977 2241 Ἀθήνησιν
1026 2168 1139 2232 ὑπὸ
1188 2166 1589 2247 Πεισιςροὶτου
1635 2166 1924 2244 γεγονὸς,
1973 2166 2058 2234 εἰς
2104 2159 2132 2228 ὃ
2180 2164 2321 2233 τοὺς
2367 2162 2578 2242 τρίπο·

218 2266 319 2341 δας
366 2271 645 2335 ἐτίθεσαν
691 2273 742 2335 οἱ
789 2274 873 2352 τῷ
919 2272 1143 2353 κυκλίῳ
1203 2274 1364 2352 χορῷ
1426 2271 1782 2345 νικήσαντες
1839 2268 2191 2348 Θαργήλια.
2286 2264 2578 2333 Comme-

215 2381 411 2440 morat
454 2378 662 2464 igitur
708 2376 993 2442 Socrates
1054 2378 1139 2441 τὰ
1185 2376 1566 2454 ἀναθήματα
1613 2377 1738 2440 sibi
1783 2380 1849 2441 et
1893 2374 2189 2439 omnibus
2235 2373 2578 2438 Athenien-

214 2478 382 2544 sibus
424 2483 794 2559 notissima,
845 2482 985 2554 τοὺς
1030 2482 1320 2562 τρίποδας
1357 2481 1498 2554 τοὺς
1538 2479 1764 2563 ἐφεξῆς
1803 2480 2037 2554 ἓςῶτοις
2074 2480 2136 2544 ἐν
2169 2479 2253 2560 τῷ
2289 2480 2578 2561 Διονυσίῳ

216 2589 277 2647 et
316 2585 377 2647 ἐν
420 2586 622 2665 Πυθίῳ
669 2591 846 2651 τοῦτο
878 2587 962 2652 ’τὸ
1010 2587 1202 2652 καλὸν
1248 2586 1565 2664 οένοὶθημοο.

298 2686 462 2754 Sunt
503 2692 577 2754 in
620 2690 840 2756 Photii
885 2692 1118 2758 Lexieo
1162 2691 1478 2778 plurimae
1522 2689 1720 2766 λέξεις
1767 2689 2168 2754 Πλατωνικαί
2188 2738 2203 2763 ,
2267 2708 2422 2773 quas
2469 2691 2580 2773 qui

217 2790 557 2880 diligenter
600 2798 984 2880 conquisitas
1031 2797 1247 2861 ordine
1291 2797 1670 2882 disposuerit
1714 2814 1934 2879 operae
1978 2795 2258 2878 pretium
2297 2792 2581 2857 facturus

214 2902 305 2961 est
347 2904 411 2962 et
453 2898 716 2964 Platoni
759 2901 1146 2985 profuturus.

299 3105 456 3196 Pag.
509 3104 665 3173 472.
715 3126 769 3173 0.
833 3107 923 3176 ἔςι
985 3111 1098 3188 μὲν
1151 3105 1248 3176 οὖν
1302 3106 1475 3179 οὗτός
1523 3116 1666 3172 TIC
1710 3106 1927 3187 τρόπος
1988 3105 2303 3187 ἐλέγχου,
2355 3142 2438 3155 -
2490 3102 2579 3173 ἕςι

216 3211 276 3274 δὲ
321 3214 423 3276 καὶ
473 3211 724 3301 ἄλλος]
768 3216 1182 3280 manifestum
1228 3222 1324 3279 est
1368 3211 1539 3287 οὗτος
1582 3223 1713 3278 ΕΙΟ
1749 3214 1965 3293 τρόπος
2001 3232 2115 3297 pro
2153 3219 2296 3278 TIC
2331 3211 2587 3276 restitui

219 3322 517 3400 oportere.
619 3317 1039 3383 Tralaticium
1082 3321 1202 3384 hoc
1248 3323 1312 3384 et
1357 3319 1646 3403 frequens
1688 3320 1927 3384 vitium
1966 3320 2079 3382 est.
2150 3315 2481 3401 Exemplis
2516 3316 2616 3398 in⁸

213 3428 357 3487 noto
402 3443 530 3487 usu
577 3424 691 3488 vix
738 3442 912 3506 opus.
1005 3424 1177 3494 Audi
1222 3424 1713 3507 Aristophanem
1755 3423 2015 3485 Acharn.
2069 3419 2265 3485 1162.

340 3529 523 3590 τοῦτο
575 3527 688 3602 μὲν
738 3528 904 3607 αὐτῷ
954 3527 1142 3592 κακὸν
1181 3529 1328 3591 ἛΝ
1375 3524 1511 3610 κᾷθ’
1559 3524 1756 3607 ἕτερον
1803 3524 2127 3604 νυκτερινὸν
2174 3524 2428 3603 γένοιτο.

213 3633 274 3692 et
314 3632 565 3714 passim
610 3637 675 3695 et
721 3630 906 3697 Plato
955 3638 1021 3697 et
1063 3632 1296 3717 reliqui
1341 3652 1560 3697 omnes
1602 3634 1693 3696 sio
1736 3631 2102 3715 loquuntm.

295 3841 457 3929 Pag.
512 3838 669 3907 4¹73.
723 3859 779 3906 o.
827 3842 938 3907 ἐὰν
985 3878 1073 3892 -—-
1123 3843 1343 3924 διαβιῷ
1390 3847 1569 3908 ποιῶν
1614 3839 1678 3918 ὅ,
1737 3866 1797 3908 τι
1845 3840 1921 3906 ἂν
1965 3840 2273 3919 βούληται
2320 3836 2588 3920 ζηλωτὸς

213 3943 285 4008 ὢν
339 3945 473 4032 [καὶ
529 3946 1122 4033 εὐδαιμονιζόμενος]
1176 3949 1291 4014 ὑπὸ
1340 3955 1456 4013 τῶν
1502 3949 1784 4013 πολιτῶν.
1875 3946 2134 4022 Editor,
2195 3946 2305 4028 qui
2351 3944 2591 4028 passim

213 4049 489 4136 insipida
564 4049 903 4116 sciolorum
973 4056 1535 4139 interpretamenta
1577 4051 1872 4128 sustulit,
1935 4056 2011 4114 ut
2055 4052 2123 4114 in
2183 4049 2351 4121 δίκην
2395 4045 2589 4119 διδοὺς

221 4152 349 4239 [καὶ
398 4154 837 4245 κολαζόμενος]
874 4158 980 4224 vel
1019 4160 1127 4222 ἐὰν
1173 4161 1260 4235 μὴ
1306 4158 1441 4236 διδῷ
1489 4157 1656 4230 δίκην
1706 4155 1887 4241 [μηδὲ
1933 4153 2229 4235 τυγχάνῃ
2272 4149 2593 4240 τιμωρίας]

214 4265 276 4323 et
316 4259 534 4324 multa
576 4260 678 4324 his
725 4261 966 4327 similia
1012 4261 1204 4339 alibi,
1253 4268 1421 4327 reete
1467 4262 1755 4326 iudicans
1798 4281 1924 4325 non
1970 4279 2102 4325 esse
2141 4258 2428 4324 Platonis
2467 4257 2593 4322 duo

203 4365 386 4443 plane
432 4363 778 4442 ἱσοδύνοιμοι
829 4368 963 4431 sine
1009 4365 1148 4456 ulla
1191 4370 1432 4431 ratione
1479 4366 1896 4454 coniungere,
1944 4364 2007 4427 h.
2055 4363 2099 4428 1.
2149 4384 2273 4428 non
2311 4360 2594 4429 animad-
