2934 5050
356 282 486 343 396
1208 292 1601 336 coxineum
1643 291 1872 336 urim.

346 462 635 528 »dm”
746 459 989 525 Felices
1054 457 1291 544 quibus
1372 458 1526 525 talia
1596 456 2060 544 persuadeant,
2149 477 2357 543 neque
2437 460 2688 525 sentiant

343 565 589 651 aliquid
650 566 963 630 interesse
1028 566 1197 629 inter
1238 583 1425 630 usum
1470 561 1690 639 verbi,
1731 561 1900 649 quod
1965 571 2064 629 est
2126 563 2386 641 sedere,
2449 562 2578 628 loco
2621 562 2688 629 de

347 693 477 758 quo
513 667 991 756 disputabimus
1024 678 1093 734 et
1130 667 1288 733 locis
1322 668 1478 734 inis!
1549 666 1764 734 Sensit
1819 665 2180 744 Scholtius,
2233 669 2452 734 minus
2502 677 2686 734 tamen

345 777 625 843 feliciter
686 794 1044 860 pmpouens
1110 785 1341 859 crepui.
1434 773 1600 853 Quid
1671 771 2108 858 reponendum
2169 775 2291 848 sit,
2354 792 2434 840 ex
2490 773 2688 839 intima

348 880 633 948 universi
684 879 805 945 loci
853 880 1099 943 ratione
1142 898 1373 944 eruere
1417 876 1817 944 conabimur.

440 984 597 1052 lude
641 1003 678 1049 a
722 1004 817 1048 vs.
860 988 948 1050 87
998 993 1181 1069 poeta
1228 984 1516 1068 exagitat
1568 985 1669 1048 sui
1716 983 1858 1048 aevi
1902 984 2268 1048 ovas-itiam:

1660 1086 1917 1173 quando
1964 1086 2108 1174 (ait)

624 1196 829 1260 maior
871 1196 1171 1260 acrisiae
1219 1193 1427 1279 patuit
1473 1192 1696 1258 sinus?
1749 1192 1888 1259 alea
1933 1192 2192 1278 quando

624 1300 739 1365 bos
785 1299 1079 1365 animos?
1130 1318 1337 1384 neque
1382 1298 1556 1363 enim
1606 1294 1834 1362 loculis
1879 1296 2347 1364 comitantibus
2397 1299 2528 1363 itur

624 1403 705 1468 ad
752 1422 976 1470 casum
1028 1403 1317 1476 tabulae,
1366 1404 1572 1489 posita
1618 1401 1731 1467 sed
1779 1401 2028 1468 luditur
2072 1422 2244 1469 arca.

624 1510 864 1596 proelia
912 1518 1153 1593 quanta
1199 1507 1332 1573 illic
1377 1505 1820 1592 dispensatore
1868 1506 2113 1573 videbis

622 1615 979 1696 armigero!
1026 1613 1383 1699 simplexne
1427 1610 1611 1676 furor
1656 1614 1952 1677 sestertia
2005 1621 2268 1678 centum

622 1717 893 1804 perdere
940 1728 1001 1783 et
1044 1719 1323 1782 horrenti
1364 1716 1640 1780 tunimo·
1683 1738 1807 1779 non
1851 1716 2111 1782 reddere
2153 1719 2380 1783 servo?

443 1823 728 1888 Avaritia
798 1831 864 1887 et
908 1843 1055 1908 spes
1104 1823 1266 1887 lucri
1317 1819 1610 1886 homines
1655 1820 1904 1886 inducit
1951 1830 2024 1886 ut
2072 1822 2370 1906 ingentes
2415 1821 2690 1909 pecuniae

354 1946 645 1994 summas
705 1929 991 1994 incertae
1059 1926 1356 1992 fortunae
1412 1925 1589 1991 aleae
1645 1928 2091 2004 committant,
2164 1946 2366 2011 quum
2431 1926 2692 2014 pauculis

356 2032 676 2108 nummis,
718 2031 957 2115 quibus
1008 2032 1229 2097 tunica
1270 2038 1528 2096 ematur
1575 2028 1837 2114 frigenti
1886 2050 2071 2097 servo
2120 2030 2396 2116 (bomini
2441 2029 2690 2116 tamen),

352 2135 607 2202 eosdem
657 2156 923 2221 parcere
966 2136 1212 2203 videas.
1308 2135 1437 2201 Nec
1479 2134 1683 2199 multo
1729 2133 1958 2201 melius
1996 2144 2282 2203 tractant
2322 2139 2494 2204 cives
2528 2154 2689 2209 suos,

355 2241 644 2307 moribus
686 2240 873 2326 longe
918 2241 1157 2307 diversi
1204 2260 1240 2306 a
1290 2238 1644 2305 maioribus
1691 2241 1969 2317 nostris,
2017 2242 2130 2325 qui
2181 2260 2374 2327 parce
2409 2251 2473 2309 et
2510 2240 2693 2306 sobrie

352 2345 479 2430 ipsi
531 2346 816 2412 viventes
862 2345 1130 2411 clientes
1176 2364 1327 2411 suos
1374 2342 1740 2408 vocitabant
1778 2343 1857 2408 ad
1897 2364 2183 2410 coenam.
2257 2345 2458 2414 Hodie
2494 2352 2689 2412 contra

352 2458 488 2514 est:
536 2449 661 2536 ipsi
705 2448 1020 2536 plurimas
1065 2447 1251 2515 villas
1296 2447 1676 2523 aedificant,
1727 2448 2212 2536 lautissimeque
2257 2460 2555 2528 coenant,
2595 2448 2686 2515 sed

351 2553 511 2620 soli.-
560 2555 819 2621 miseris
866 2553 1215 2621 clientibus
1253 2552 1495 2620 dantur
1541 2554 1856 2640 sportulae
1904 2556 2161 2622 nomine
2210 2556 2258 2620 G
2297 2556 2689 2643 quadrantes.

348 2667 424 2724 ut
471 2656 778 2725 multum.

532 2763 693 2846 Quis
739 2765 1002 2829 totidem
1051 2765 1254 2828 erexit
1306 2762 1524 2839 villaS,
1573 2765 1722 2848 quis
1769 2761 2008 2830 fercula
2067 2775 2312 2850 septem

533 2876 781 2958 secreto
826 2868 1079 2935 cenavit
1123 2866 1325 2932 avus?
1376 2887 1548 2932 nunc
1595 2870 1873 2953 sportula
1921 2872 2129 2956 primo

532 2971 754 3038 limine
795 2994 993 3058 por-vo
1040 2991 1267 3048 scon,
1318 2972 1548 3037 turbae
1593 2973 1891 3058 rapienda
1933 2982 2210 3058 togatae.

448 3076 527 3142 lJt
572 3078 797 3163 paucis
852 3076 1216 3152 absolvam,
1277 3078 1498 3160 gravis
1547 3096 1650 3141 me
1701 3087 1873 3144 tenet
1934 3081 2220 3165 suspicio
2283 3092 2528 3167 poetam
2573 3100 2691 3148 cum

350 3181 573 3247 acerbo
614 3182 819 3247 ironia
864 3180 1237 3267 scripsisse:

434 3295 443 3302 “
1482 3306 1653 3352 nunc
1700 3287 1986 3373 sportula
2036 3289 2243 3373 primo
2291 3291 2513 3357 limine

532 3410 725 3478 parva
773 3410 958 3456 necn-
1004 3411 1144 3477 sqq.

350 3497 392 3559 i.
434 3514 491 3560 e.
538 3495 761 3561 decoro
807 3495 1109 3572 habetur,
1176 3493 1277 3560 bis
1337 3494 1700 3573 iudicibus,
1748 3496 1903 3562 dum
1953 3497 2104 3566 olim
2154 3518 2424 3565 avorum
2472 3505 2696 3564 nostro·

350 3618 495 3664 rum
546 3598 857 3664 memoria
918 3599 1170 3664 decebat
1234 3603 1299 3666 in
1364 3599 1560 3666 rebus
1617 3601 1755 3667 suis
1816 3620 2084 3686 parcum
2148 3622 2330 3680 esse,
2383 3603 2450 3669 in
2493 3599 2694 3668 alienis

349 3703 639 3786 largum,
686 3711 753 3770 et
802 3711 1128 3790 tamquam
1180 3707 1280 3770 sui
1330 3723 1517 3790 pares
1554 3706 1730 3771 cives
1763 3707 2094 3772 tenuiores
2143 3704 2419 3772 invitare
2456 3705 2534 3772 ad
2568 3723 2691 3771 coe·

351 3824 522 3871 nam.
617 3804 882 3872 Accedit
928 3810 1020 3873 rei
1075 3806 1461 3892 indignum,
1509 3817 1658 3895 apte
1693 3829 1995 3895 expressa
2042 3809 2466 3896 sequentibus
2512 3807 2692 3875 verbis
2835 3845 2836 3848 ¹

347 3909 563 3974 curbae
652 3910 953 3996 rapiendo
1041 3921 1283 3998 loqueos
1364 3922 1429 3978 et
1501 3921 1634 3979 tota
1694 3933 1859 3998 quse
1919 3913 2341 3998 subsequitur
2409 3912 2685 3987 rationis,

349 4030 478 4096 qua
524 4011 792 4078 daretur
837 4014 1159 4100 sportula,
1206 4014 1643 4103 descriptione
1690 4019 1931 4104 optime
1977 4016 2324 4084 illustrata.
2397 4017 2530 4086 Non
2567 4017 2684 4082 sine

349 4115 552 4180 ironia
613 4116 834 4183 eodem
887 4118 1077 4183 verbo
1141 4120 1349 4185 utitur
1409 4122 1464 4185 is
1512 4123 1622 4207 qui
1684 4122 1822 4189 Sat.
1880 4122 1986 4198 tv,
2032 4126 2255 4209 panxit
2304 4144 2399 4191 vs.
2458 4129 2531 4191 15
2574 4138 2682 4206 sip:

665 4238 814 4286 nam
859 4223 1023 4306 qnod
1066 4232 1245 4307 turm
1292 4221 1502 4300 bonis,
1551 4226 1695 4291 Tito
1743 4226 2012 4312 Seioque
2039 4237 2058 4304 ,'
2104 4227 2356 4294 decebat

661 4323 1049 4408 Crispinum.
