2934 5050
191 304 209 321 ·
338 276 467 341 524
1135 292 1612 341 nasammonas
1659 290 1926 338 eunucu.

334 481 413 527 eo
450 478 570 527 usu
607 458 1083 527 coniunctionis
1115 462 1166 527 εἰ
1207 468 1459 528 constat
1507 462 1677 526 inter
1708 476 1961 529 omnes;
2005 452 2160 521 illud
2196 453 2538 520 dubitatur
2562 470 2717 519 num

334 573 521 631 extra
568 564 816 630 Ioniam
865 563 1093 632 Graeci
1138 565 1363 631 eodem
1414 565 1603 630 modo
1648 564 1864 630 dicere
1910 561 2157 628 fuerint
2204 558 2399 626 soliti.
2496 557 2721 641 Tragi-

333 688 558 735 corum
607 667 859 735 diversa
909 670 1073 735 ratio
1114 679 1213 735 est
1273 678 1339 736 et
1388 671 1737 756 separatim
1801 667 1929 734 erit
1973 665 2321 753 aliqnando
2366 659 2717 728 videndum

335 773 415 840 de
462 781 745 859 quatuor
803 772 961 840 locis
1023 774 1192 860 apud
1258 773 1674 861 Sophoclem,
1724 773 1835 859 qui
1884 791 1963 837 ex
2012 789 2280 837 numero
2324 766 2478 833 olim
2526 764 2723 853 paulo

336 879 578 946 nlaiore
627 898 800 946 nunc
847 878 962 944 soli
999 889 1378 965 supersunt,
1423 878 1577 946 Oed.
1627 878 1780 964 Reg.
1830 882 1957 944 198
1996 876 2054 942 εἴ
2092 901 2153 944 τι
2202 873 2311 952 νὺξ
2346 875 2527 956 ἀφῇ,
2557 869 2722 938 ssed.

332 984 491 1069 Reg.
542 987 675 1049 874
734 985 786 1049 εἷ
858 985 1295 1067 ὑπερπλησθῇ,
1362 982 1516 1050 Oed.
1580 983 1795 1048 Colon.
1872 987 2041 1048 1443
2099 981 2157 1047 εἴ
2209 1002 2314 1047 σου
2376 980 2591 1059 sepul&
2650 985 2723 1043 et

337 1089 637 1172 Antigoo.
704 1092 835 1154 710
885 1086 946 1153 εἴ
1004 1113 1100 1161 τις
1162 1087 1198 1170 ᾖ
1259 1087 1470 1171 σοφός.
1567 1086 2093 1153 Consultantihus
2150 1084 2483 1172 apparebit
2549 1080 2722 1148 nihil

331 1212 471 1260 esse
521 1190 934 1259 tribuendum
985 1201 1228 1279 septem
1281 1192 1440 1258 locis
1488 1213 1525 1258 e
1573 1191 2020 1259 Demosthenis
2069 1191 2504 1260 Timocraten.
2548 1205 2727 1272 quos

331 1296 658 1364 Dobraeus
699 1295 961 1382 collegit
1010 1298 1074 1362 iu
1125 1296 1531 1364 Adversariis
1579 1297 1630 1363 1.
1685 1318 1744 1382 p.
1787 1303 1945 1363 2555.
2045 1296 2277 1360 Parum
2326 1290 2522 1359 refert
2564 1289 2723 1357 Plu·

332 1400 630 1468 tarchnm
673 1402 1010 1487 scripsisse
1046 1403 1100 1466 εἰ
1140 1400 1428 1481 πρίηται,
1479 1421 1540 1488 p.
1582 1405 1811 1467 10990.
1872 1420 1948 1466 ex
1999 1396 2440 1465 emendatione
2477 1394 2724 1463 cobeti

332 1508 399 1573 in
450 1505 664 1571 Variis
711 1505 1121 1573 Lectionibus
1167 1526 1228 1592 p.
1274 1511 1430 1573 363.
1507 1506 1735 1572 Utilior
1776 1504 1957 1570 locus
1997 1514 2096 1570 est
2132 1501 2301 1589 apud
2329 1499 2724 1569 Aeschinm

325 1611 406 1678 de
448 1610 615 1678 Fals.
664 1610 810 1696 Leg.
863 1615 1010 1696 §64
1050 1614 1427 1677 ἀνεκοινοῦτο
1472 1613 1526 1677 εἰ
1574 1610 1668 1693 δῷ
1713 1611 1800 1692 τῷ
1840 1615 2256 1691 γραμματεῖ,
2306 1625 2471 1692 quae
2514 1604 2725 1671 verba

327 1723 713 1802 repetuntur
759 1720 929 1802 §⁶8-
1027 1716 1276 1783 Pariter
1325 1717 1388 1780 in
1442 1714 1895 1802 Ctesiphontea
1942 1712 2198 1779 invenio
2247 1715 2282 1796 ς
2334 1714 2464 1777 202
2505 1710 2721 1776 ἐπαν-

326 1821 600 1903 ερομένου
644 1825 1077 1902 Κτησιφῶντος
1142 1821 1192 1886 εἰ
1257 1819 1563 1902 καλέσῃ
1625 1817 2005 1896 Δημοσθένη.
2101 1817 2269 1883 Haec
2314 1818 2371 1881 si
2438 1816 2723 1902 scripsit

325 1924 712 2000 Aeschines,
777 1944 904 2010 qua
962 1924 1041 1990 de
1103 1943 1174 1989 re
1233 1944 1357 1989 non
1408 1925 1592 1990 video
1637 1923 1956 2010 quomodo
2007 1922 2233 1989 umbra
2278 1920 2721 1987 dubitationis

324 2031 479 2096 oriri
527 2027 759 2118 possit,
804 2029 1059 2115 longius
1101 2028 1237 2115 jam
1289 2028 1827 2116 progrediendum
1877 2028 2136 2095 videtur
2177 2035 2246 2094 et
2292 2024 2722 2093 consideran-

323 2133 477 2201 dum
527 2156 608 2202 an
659 2134 1008 2220 Xenophon
1059 2132 1214 2200 dare
1251 2136 1533 2221 potnerit
1581 2136 1645 2199 in
1687 2132 2206 2200 Memorabilibus
2236 2132 2352 2211 111,
2396 2134 2457 2196 2.
2502 2136 2541 2197 25
2582 2132 2721 2198 ra·

321 2263 487 2321 τερον
524 2251 602 2323 τῇ
631 2241 802 2321 τύχη
829 2237 1172 2320 ἐπιτρέπεις
1215 2237 1346 2304 εὀὶν
1380 2241 1478 2311 τίς
1516 2263 1609 2306 σοι
1644 2241 1826 2322 Φίλος
1853 2236 2053 2321 ὥσπερ
2076 2246 2246 2316 ,μυῖα
2284 2234 2717 2319 πρόσπτηται.

323 2343 448 2411 Alii
477 2343 835 2411 diiudicent
868 2363 946 2408 an
984 2363 1207 2409 verum
1257 2344 1342 2407 sit
1390 2344 1557 2429 quod
1627 2343 1784 2408 mihi
1843 2341 2090 2408 arridet
2134 2344 2238 2408 εἰ.
2272 2391 2287 2406 .
2317 2390 2333 2406 .
2383 2340 2715 2421 πρόσπτη-

320 2472 451 2515 ται.
503 2449 740 2515 Verum
791 2448 947 2514 haec
993 2447 1233 2526 obiter,
1263 2467 1409 2512 nam
1435 2448 1531 2513 ·ab
1566 2447 1901 2514 Heliodoro
1944 2455 2120 2514 certe
2156 2446 2316 2513 tales
2339 2445 2717 2533 elegantiae

321 2554 566 2620 alienae
620 2562 812 2633 sunt,
870 2555 982 2640 qui
1032 2575 1095 2641 p.
1148 2559 1300 2619 252.
1343 2557 1426 2620 27
1476 2554 1763 2621 scribere
1821 2573 1944 2618 non
2002 2552 2212 2640 potuit
2259 2554 2313 2618 εἰ
2360 2552 2486 2634 γὰρ
2536 2548 2707 2618 οὕτω

318 2659 760 2742 βουληθῇς·
797 2657 1250 2744 corrigendum
1277 2659 1451 2723 enim
1498 2666 1598 2725 est
1643 2659 2167 2738 βουληθείης,
2217 2656 2413 2723 sicuti
2441 2676 2501 2743 p.
2532 2659 2705 2723 295.

321 2767 410 2830 36
462 2771 528 2829 et
587 2767 741 2830 236.
808 2768 893 2830 59
944 2770 1115 2830 recte
1162 2761 1423 2848 legitur.
1518 2761 1699 2843 Quod
1748 2771 2076 2850 praeterea
2124 2763 2384 2828 invenio
2429 2781 2490 2848 p.
2537 2763 2703 2828 2:54.

327 2874 406 2937 15
468 2868 961 2951 προσεπιτρίψεις
1008 2869 1176 2946 ἧμας
1225 2869 1276 2933 εἰ
1333 2869 1446 2942 την
1492 2869 1752 2944 κακίςην
1813 2867 2194 2949 ἀτιμώρητον
2256 2864 2522 2949 ἐάσῃς,
2570 2862 2703 2932 hoo

321 2974 543 3059 utique
589 2973 867 3047 ἐάσεις
915 2971 1163 3037 dictum
1214 2972 1520 3059 oportuit.

405 3078 542 3145 Non
590 3086 690 3144 est
735 3075 858 3143 alia
908 3076 1112 3143 lenior
1159 3075 1517 3155 medicina,
1564 3096 1758 3163 qnam
1808 3097 1936 3164 qua
1989 3076 2369 3144 sanabimus
2424 3096 2486 3164 p.
2532 3080 2697 3144 234.

317 3187 403 3249 425
446 3182 765 3261 Κνημων
810 3180 970 3261 ἐβόα
1017 3181 1242 3262 νύκτωρ
1289 3206 1362 3248 τε
1406 3181 1512 3247 καὶ
1571 3182 1710 3261 μεθ’
1764 3181 2028 3264 ἡμέραν,
2076 3201 2227 3249 nam
2278 3182 2524 3250 Graece
2570 3179 2697 3247 hoe

315 3289 410 3354 sic
468 3283 713 3351 dicitnr
769 3287 1120 3364 Κνημων’
1179 3286 1358 3365 ἐβόα.
1452 3286 1692 3355 Eadem
1757 3290 2007 3354 ratione
2066 3286 2319 3354 librarii
2386 3292 2695 3354 errarunt

315 3412 377 3479 p.
413 3394 567 3457 248.
598 3395 681 3457 45
728 3389 844 3455 τίν’
888 3386 987 3456 οὖν
1030 3389 1437 3467 ανακαλέσως
1481 3392 1622 3457 τίνα
1665 3391 2176 3476 προσφθέγξομαι
2224 3391 2299 3479 (Ι.
2333 3389 2693 3474 προσφθέγ-

311 3495 545 3583 ξωμαι)
606 3492 857 3572 λοιπόν;
922 3493 959 3572 ἦ
1002 3493 1124 3576 ἄρα
1169 3493 1240 3560 τὸ
1295 3494 1546 3562 πάντων
1606 3497 1917 3576 ὀνομάτων
1981 3498 2179 3576 §eaeor
2224 3496 2689 3579 Χαρίκλεια,

316 3600 423 3666 ubi
506 3600 646 3686 lege
731 3600 1243 3680 Χαρίκλειαν.
1360 3599 1587 3668 Simile
1658 3603 1888 3667 vitium
1976 3600 2129 3667 olim
2203 3601 2267 3667 in
2359 3596 2689 3688 Sophoclis

316 3704 512 3770 Aiace
555 3724 616 3770 v.
669 3708 826 3771 2569.

402 3809 601 3875 Miror
644 3808 814 3896 quod
880 3809 1118 3895 legitur
1165 3829 1228 3896 p.
1274 3814 1428 3878 256.
1478 3815 1519 3877 9
1567 3809 1946 3892 προστιθέναι
1994 3810 2254 3892 τάχος
2302 3818 2433 3886 τοῖς
2477 3808 2687 3886 δεδογ-

314 3913 514 3994 μένοις
558 3913 825 3980 ἱκέτευεν
862 3923 927 3980 et
968 3934 1185 3982 veram
1222 3914 1560 3981 lectionem
1603 3935 1745 3983 esse
1782 3916 2062 3983 coniicio
2102 3915 2367 3988 τέλος.
2432 3916 2497 3981 Ρ.
2524 3907 2679 3978 2³6.

318 4023 395 4085 41
450 4019 584 4085 καὶ
630 4018 1114 4098 μεταβαλέσθαι
1159 4020 1612 4102 προσδοκήσας,
1660 4005 1995 4087 literarum
2034 4019 2397 4087 similitudo
2430 4017 2574 4086 fecit
2600 4022 2683 4082 ut

316 4142 662 4210 pronomen
737 4123 1067 4209 personale
1127 4123 1487 4198 excideret,
1564 4143 1712 4190 nam
1781 4143 2045 4210 prorsus
2092 4125 2530 4192 necessarium
2574 4126 2681 4184 est

315 4226 566 4304 κάμέ,
632 4228 822 4294 sicuti
872 4236 1046 4296 recle
1096 4249 1155 4314 p.
1196 4235 1349 4295 241.
1402 4232 1488 4296 46
1534 4230 1699 4296 οὐδὲν
1746 4227 1897 4296 οὕτω
1944 4230 2148 4310 βίαιον
2193 4228 2312 4301 ὅτε
2356 4254 2439 4309 με
2480 4245 2677 4305 μετ’·

316 4334 653 4407 πεισθῆναι.
751 4332 986 4398 Eadem
1055 4332 1158 4397 illa
1221 4337 1449 4419 pagina
1516 4338 1647 4400 256
1712 4342 1873 4400 extr.
1940 4333 2131 4402 verba
2194 4343 2350 4402 sunt
2418 4326 2679 4400 Thisben
