<?xml version="1.0" encoding="UTF-8"?>
<!DOCTYPE html PUBLIC "-//W3C//DTD XHTML 1.0 Transitional//EN"
    "http://www.w3.org/TR/xhtml1/DTD/xhtml1-transitional.dtd">
<html xmlns="http://www.w3.org/1999/xhtml" xml:lang="en" lang="en">
 <head>
  <title>
</title>
<meta http-equiv="Content-Type" content="text/html;charset=utf-8" />
  <meta name='ocr-system' content='tesseract 3.04.00' />
  <meta name='ocr-capabilities' content='ocr_page ocr_carea ocr_par ocr_line ocrx_word'/>
</head>
<body>
  <div class='ocr_page' id='page_1' title='image "./mnemosynebiblio09servgoog_0611.png"; bbox 0 0 2934 5050; ppageno 0'>
   <div class='ocr_carea' id='block_1_1' title="bbox 921 295 2558 366">
    <p class='ocr_par' dir='ltr' id='par_1_1' title="bbox 921 295 2558 366">
     <span class='ocr_line' id='line_1_1' title="bbox 921 295 2558 366; baseline -0.003 -1"><span class='ocrx_word' id='word_1_1' title='bbox 921 317 1006 365; x_wconf 70' lang='lat' dir='ltr'>An</span> <span class='ocrx_word' id='word_1_2' title='bbox 1057 315 1320 366; x_wconf 67' lang='lat' dir='ltr'>sromm</span> <span class='ocrx_word' id='word_1_3' title='bbox 1365 316 1819 366; x_wconf 60' lang='lat' dir='ltr'>nonuncium.</span> <span class='ocrx_word' id='word_1_4' title='bbox 2474 295 2558 361; x_wconf 86' lang='lat'>93</span> 
     </span>
    </p>
   </div>
   <div class='ocr_carea' id='block_1_2' title="bbox 199 484 2559 678">
    <p class='ocr_par' dir='ltr' id='par_1_2' title="bbox 199 484 2559 678">
     <span class='ocr_line' id='line_1_2' title="bbox 200 484 2559 565; baseline -0.003 -11"><span class='ocrx_word' id='word_1_5' title='bbox 200 488 586 554; x_wconf 84' lang='lat' dir='ltr'>substitueris</span> <span class='ocrx_word' id='word_1_6' title='bbox 630 486 890 565; x_wconf 76' lang='grc' dir='ltr'><strong><em>τάγαθά</em></strong></span> <span class='ocrx_word' id='word_1_7' title='bbox 938 492 1004 551; x_wconf 89' lang='lat' dir='ltr'>et</span> <span class='ocrx_word' id='word_1_8' title='bbox 1048 486 1320 551; x_wconf 87' lang='lat' dir='ltr'>absurda</span> <span class='ocrx_word' id='word_1_9' title='bbox 1362 489 1674 552; x_wconf 87' lang='lat' dir='ltr'>sententia</span> <span class='ocrx_word' id='word_1_10' title='bbox 1717 486 1950 552; x_wconf 80' lang='lat' dir='ltr'>exibit:</span> <span class='ocrx_word' id='word_1_11' title='bbox 2002 486 2223 553; x_wconf 89' lang='lat' dir='ltr'>eodem</span> <span class='ocrx_word' id='word_1_12' title='bbox 2265 484 2456 552; x_wconf 85' lang='lat' dir='ltr'>modo</span> <span class='ocrx_word' id='word_1_13' title='bbox 2501 486 2559 549; x_wconf 89' lang='lat' dir='ltr'>si</span> 
     </span>
     <span class='ocr_line' id='line_1_3' title="bbox 199 589 2018 678; baseline -0.002 -20"><span class='ocrx_word' id='word_1_14' title='bbox 199 612 308 678; x_wconf 82' lang='lat' dir='ltr'>pro</span> <span class='ocrx_word' id='word_1_15' title='bbox 348 590 577 671; x_wconf 77' lang='grc' dir='ltr'><strong><em>τάγάθ’</em></strong></span> <span class='ocrx_word' id='word_1_16' title='bbox 625 591 686 655; x_wconf 80' lang='grc' dir='ltr'><strong><em>ἕν</em></strong></span> <span class='ocrx_word' id='word_1_17' title='bbox 730 597 934 671; x_wconf 83' lang='grc' dir='ltr'><strong><em>χεροῖν</em></strong></span> <span class='ocrx_word' id='word_1_18' title='bbox 980 589 1227 673; x_wconf 80' lang='grc' dir='ltr'><strong><em>ἔχοντες</em></strong></span> <span class='ocrx_word' id='word_1_19' title='bbox 1275 593 1676 676; x_wconf 77' lang='lat' dir='ltr'>supposueris</span> <span class='ocrx_word' id='word_1_20' title='bbox 1720 589 2018 668; x_wconf 79' lang='grc' dir='ltr'><strong><em>τάγαθόν.</em></strong></span> 
     </span>
    </p>
   </div>
   <div class='ocr_carea' id='block_1_3' title="bbox 281 798 2102 983">
    <p class='ocr_par' dir='ltr' id='par_1_3' title="bbox 281 798 2102 983">
     <span class='ocr_line' id='line_1_4' title="bbox 281 798 1651 866; baseline -0.003 0"><span class='ocrx_word' id='word_1_21' title='bbox 281 800 352 865; x_wconf 92' lang='lat' dir='ltr'>In</span> <span class='ocrx_word' id='word_1_22' title='bbox 396 798 613 866; x_wconf 88' lang='lat' dir='ltr'>Floril.</span> <span class='ocrx_word' id='word_1_23' title='bbox 661 799 770 866; x_wconf 91' lang='lat' dir='ltr'>IV.</span> <span class='ocrx_word' id='word_1_24' title='bbox 820 798 927 864; x_wconf 87' lang='lat'>34.</span> <span class='ocrx_word' id='word_1_25' title='bbox 977 800 1268 865; x_wconf 82' lang='lat' dir='ltr'>Rhianus</span> <span class='ocrx_word' id='word_1_26' title='bbox 1311 802 1404 864; x_wconf 88' lang='lat' dir='ltr'>ita</span> <span class='ocrx_word' id='word_1_27' title='bbox 1447 803 1651 865; x_wconf 86' lang='lat' dir='ltr'>canit:</span> 
     </span>
     <span class='ocr_line' id='line_1_5' title="bbox 1176 900 2102 983; baseline 0 -14"><span class='ocrx_word' id='word_1_28' title='bbox 1176 904 1401 982; x_wconf 86' lang='grc' dir='ltr'><strong><em>βιότοιο</em></strong></span> <span class='ocrx_word' id='word_1_29' title='bbox 1447 904 1563 983; x_wconf 76' lang='grc' dir='ltr'>μὲν</span> <span class='ocrx_word' id='word_1_30' title='bbox 1609 900 1670 977; x_wconf 75' lang='grc' dir='ltr'>ὅς</span> <span class='ocrx_word' id='word_1_31' title='bbox 1718 905 1778 968; x_wconf 87' lang='grc' dir='ltr'>κ’</span> <span class='ocrx_word' id='word_1_32' title='bbox 1826 905 2102 978; x_wconf 69' lang='grc' dir='ltr'><strong><em>ἐπιδευὴς</em></strong></span> 
     </span>
    </p>
   </div>
   <div class='ocr_carea' id='block_1_4' title="bbox 185 1008 2569 2145">
    <p class='ocr_par' dir='ltr' id='par_1_4' title="bbox 451 1008 2349 1198">
     <span class='ocr_line' id='line_1_6' title="bbox 451 1008 2146 1092; baseline -0.004 -13"><span class='ocrx_word' id='word_1_33' title='bbox 451 1015 781 1092; x_wconf 74' lang='grc' dir='ltr'><strong><em>ςρωφᾶται</em></strong></span> <span class='ocrx_word' id='word_1_34' title='bbox 818 1008 1177 1091; x_wconf 83' lang='grc' dir='ltr'><strong><em>μακάρεσσι</em></strong></span> <span class='ocrx_word' id='word_1_35' title='bbox 1227 1009 1278 1074; x_wconf 77' lang='grc' dir='ltr'>δ’</span> <span class='ocrx_word' id='word_1_36' title='bbox 1325 1009 1427 1074; x_wconf 80' lang='grc' dir='ltr'><strong><em>ἐπὶ</em></strong></span> <span class='ocrx_word' id='word_1_37' title='bbox 1476 1008 1678 1090; x_wconf 80' lang='grc' dir='ltr'><strong><em>ψόγον</em></strong></span> <span class='ocrx_word' id='word_1_38' title='bbox 1724 1010 1889 1075; x_wconf 76' lang='grc' dir='ltr'><strong><em>αἰνὸν</em></strong></span> <span class='ocrx_word' id='word_1_39' title='bbox 1933 1009 2146 1074; x_wconf 80' lang='grc' dir='ltr'><strong><em>ἰάπτει</em></strong></span> 
     </span>
     <span class='ocr_line' id='line_1_7' title="bbox 452 1112 2349 1198; baseline -0.002 -17"><span class='ocrx_word' id='word_1_40' title='bbox 452 1114 838 1198; x_wconf 70' lang='grc' dir='ltr'><strong><em>ἀχνύμενος.</em></strong></span> <span class='ocrx_word' id='word_1_41' title='bbox 891 1121 1335 1179; x_wconf 77' lang='grc' dir='ltr'>ΟΦΕΤΕΡΗΝ</span> <span class='ocrx_word' id='word_1_42' title='bbox 1383 1112 1434 1177; x_wconf 76' lang='grc' dir='ltr'>δ’</span> <span class='ocrx_word' id='word_1_43' title='bbox 1480 1114 1700 1194; x_wconf 69' lang='grc' dir='ltr'><strong><em>άρετῆν</em></strong></span> <span class='ocrx_word' id='word_1_44' title='bbox 1748 1113 1851 1179; x_wconf 80' lang='grc' dir='ltr'><strong><em>καὶ</em></strong></span> <span class='ocrx_word' id='word_1_45' title='bbox 1900 1114 2083 1193; x_wconf 78' lang='grc' dir='ltr'><strong><em>θυμὸν</em></strong></span> <span class='ocrx_word' id='word_1_46' title='bbox 2129 1112 2349 1195; x_wconf 75' lang='grc' dir='ltr'><strong><em>ἀτίζει.</em></strong></span> 
     </span>
    </p>

    <p class='ocr_par' dir='ltr' id='par_1_5' title="bbox 188 1217 2561 1499">
     <span class='ocr_line' id='line_1_8' title="bbox 273 1217 2560 1309; baseline 0 -22"><span class='ocrx_word' id='word_1_47' title='bbox 273 1221 442 1309; x_wconf 81' lang='lat' dir='ltr'>Ergo</span> <span class='ocrx_word' id='word_1_48' title='bbox 504 1241 583 1286; x_wconf 84' lang='lat' dir='ltr'>ne</span> <span class='ocrx_word' id='word_1_49' title='bbox 641 1219 930 1285; x_wconf 84' lang='lat' dir='ltr'>Rhianus</span> <span class='ocrx_word' id='word_1_50' title='bbox 993 1219 1252 1304; x_wconf 88' lang='lat' dir='ltr'>quidem</span> <span class='ocrx_word' id='word_1_51' title='bbox 1305 1219 1545 1284; x_wconf 77' lang='lat' dir='ltr'>sciebat</span> <span class='ocrx_word' id='word_1_52' title='bbox 1590 1222 1703 1283; x_wconf 87' lang='lat' dir='ltr'>aut</span> <span class='ocrx_word' id='word_1_53' title='bbox 1747 1217 2152 1306; x_wconf 77' lang='lat' dir='ltr'>intelligebat</span> <span class='ocrx_word' id='word_1_54' title='bbox 2196 1217 2349 1304; x_wconf 88' lang='lat' dir='ltr'>quid</span> <span class='ocrx_word' id='word_1_55' title='bbox 2394 1220 2560 1287; x_wconf 87' lang='lat' dir='ltr'>inter</span> 
     </span>
     <span class='ocr_line' id='line_1_9' title="bbox 189 1322 2561 1410; baseline -0 -18"><span class='ocrx_word' id='word_1_56' title='bbox 189 1324 245 1400; x_wconf 73' lang='grc' dir='ltr'>ὅς</span> <span class='ocrx_word' id='word_1_57' title='bbox 304 1334 369 1393; x_wconf 90' lang='lat' dir='ltr'>et</span> <span class='ocrx_word' id='word_1_58' title='bbox 426 1325 725 1410; x_wconf 76' lang='grc' dir='ltr'><strong><em>σφέτερος</em></strong></span> <span class='ocrx_word' id='word_1_59' title='bbox 780 1327 1127 1391; x_wconf 79' lang='lat' dir='ltr'>interesset.</span> <span class='ocrx_word' id='word_1_60' title='bbox 1223 1323 1444 1408; x_wconf 89' lang='lat' dir='ltr'>Neque</span> <span class='ocrx_word' id='word_1_61' title='bbox 1505 1322 1854 1389; x_wconf 89' lang='lat' dir='ltr'>Phanocles</span> <span class='ocrx_word' id='word_1_62' title='bbox 1871 1370 1888 1400; x_wconf 85' lang='lat'><em>,</em></span> <span class='ocrx_word' id='word_1_63' title='bbox 1955 1325 2066 1408; x_wconf 91' lang='lat' dir='ltr'>qui</span> <span class='ocrx_word' id='word_1_64' title='bbox 2129 1322 2246 1402; x_wconf 85' lang='lat'>64,</span> <span class='ocrx_word' id='word_1_65' title='bbox 2297 1322 2417 1389; x_wconf 88' lang='grc'>14.</span> <span class='ocrx_word' id='word_1_66' title='bbox 2467 1326 2561 1391; x_wconf 86' lang='lat' dir='ltr'>ita</span> 
     </span>
     <span class='ocr_line' id='line_1_10' title="bbox 188 1434 384 1499; baseline -0.015 0"><span class='ocrx_word' id='word_1_67' title='bbox 188 1434 384 1499; x_wconf 81' lang='lat' dir='ltr'>canit:</span> 
     </span>
    </p>

    <p class='ocr_par' dir='ltr' id='par_1_6' title="bbox 454 1532 2127 1619">
     <span class='ocr_line' id='line_1_11' title="bbox 454 1532 2127 1619; baseline -0.001 -20"><span class='ocrx_word' id='word_1_68' title='bbox 454 1543 691 1619; x_wconf 68' lang='grc' dir='ltr'><strong><em>Θρῇκες</em></strong></span> <span class='ocrx_word' id='word_1_69' title='bbox 741 1533 797 1599; x_wconf 73' lang='grc' dir='ltr'>δ’</span> <span class='ocrx_word' id='word_1_70' title='bbox 845 1537 925 1607; x_wconf 77' lang='grc' dir='ltr'>ὥς</span> <span class='ocrx_word' id='word_1_71' title='bbox 966 1532 1239 1608; x_wconf 74' lang='grc' dir='ltr'><strong><em>ἐδάησαν</em></strong></span> <span class='ocrx_word' id='word_1_72' title='bbox 1265 1534 1510 1599; x_wconf 73' lang='lat' dir='ltr'><strong>—-⁶Ac</strong></span> <span class='ocrx_word' id='word_1_73' title='bbox 1554 1532 1827 1613; x_wconf 82' lang='grc' dir='ltr'><strong><em>άλόχους</em></strong></span> <span class='ocrx_word' id='word_1_74' title='bbox 1872 1532 2127 1612; x_wconf 78' lang='grc' dir='ltr'><strong><em>ἔστιζον.</em></strong></span> 
     </span>
    </p>

    <p class='ocr_par' dir='ltr' id='par_1_7' title="bbox 185 1636 2569 2145">
     <span class='ocr_line' id='line_1_12' title="bbox 270 1636 2562 1726; baseline -0.002 -17"><span class='ocrx_word' id='word_1_75' title='bbox 270 1645 450 1709; x_wconf 78' lang='lat' dir='ltr'>Avus</span> <span class='ocrx_word' id='word_1_76' title='bbox 468 1688 488 1720; x_wconf 95' lang='lat'><em>‚</em></span> <span class='ocrx_word' id='word_1_77' title='bbox 551 1642 665 1726; x_wconf 85' lang='lat' dir='ltr'>qui</span> <span class='ocrx_word' id='word_1_78' title='bbox 724 1661 764 1705; x_wconf 85' lang='lat' dir='ltr'>a</span> <span class='ocrx_word' id='word_1_79' title='bbox 810 1642 1146 1726; x_wconf 80' lang='lat' dir='ltr'>nepotibus</span> <span class='ocrx_word' id='word_1_80' title='bbox 1187 1640 1315 1704; x_wconf 63' lang='lat' dir='ltr'>suis</span> <span class='ocrx_word' id='word_1_81' title='bbox 1355 1660 1555 1705; x_wconf 86' lang='lat' dir='ltr'>manu</span> <span class='ocrx_word' id='word_1_82' title='bbox 1597 1639 1854 1704; x_wconf 82' lang='lat' dir='ltr'>ducitur</span> <span class='ocrx_word' id='word_1_83' title='bbox 1900 1636 1985 1704; x_wconf 84' lang='lat'>75</span> <span class='ocrx_word' id='word_1_84' title='bbox 2004 1686 2022 1715; x_wconf 91' lang='lat'>,</span> <span class='ocrx_word' id='word_1_85' title='bbox 2075 1636 2158 1702; x_wconf 91' lang='lat'>14</span> <span class='ocrx_word' id='word_1_86' title='bbox 2205 1636 2562 1724; x_wconf 87' lang='lat' dir='ltr'>appellatur</span> 
     </span>
     <span class='ocr_line' id='line_1_13' title="bbox 189 1741 2569 1830; baseline -0.002 -17"><span class='ocrx_word' id='word_1_87' title='bbox 189 1745 439 1819; x_wconf 87' lang='grc' dir='ltr'><strong><em>πάππος</em></strong></span> <span class='ocrx_word' id='word_1_88' title='bbox 486 1746 599 1811; x_wconf 84' lang='grc' dir='ltr'><strong><em>ὑπὸ</em></strong></span> <span class='ocrx_word' id='word_1_89' title='bbox 643 1753 1110 1810; x_wconf 72' lang='grc' dir='ltr'>(ΞΦΕΤΕΡΩΝ</span> <span class='ocrx_word' id='word_1_90' title='bbox 1145 1743 1405 1823; x_wconf 79' lang='grc' dir='ltr'><strong><em>ἐκγόνων</em></strong></span> <span class='ocrx_word' id='word_1_91' title='bbox 1438 1742 2020 1826; x_wconf 83' lang='grc' dir='ltr'><strong><em>χειραγωγούμενος</em></strong></span> <span class='ocrx_word' id='word_1_92' title='bbox 2040 1791 2056 1808; x_wconf 92' lang='grc'><strong><em>.</em></strong></span> <span class='ocrx_word' id='word_1_93' title='bbox 2128 1741 2203 1807; x_wconf 90' lang='lat' dir='ltr'>In</span> <span class='ocrx_word' id='word_1_94' title='bbox 2224 1743 2569 1830; x_wconf 79' lang='lat' dir='ltr'>Epigram-·</span> 
     </span>
     <span class='ocr_line' id='line_1_14' title="bbox 186 1834 2557 1927; baseline -0.003 -8"><span class='ocrx_word' id='word_1_95' title='bbox 186 1859 350 1919; x_wconf 87' lang='lat' dir='ltr'>mate</span> <span class='ocrx_word' id='word_1_96' title='bbox 416 1852 500 1917; x_wconf 83' lang='lat' dir='ltr'>de</span> <span class='ocrx_word' id='word_1_97' title='bbox 558 1846 778 1917; x_wconf 83' lang='lat' dir='ltr'>Cleobi</span> <span class='ocrx_word' id='word_1_98' title='bbox 841 1855 906 1915; x_wconf 85' lang='lat' dir='ltr'>et</span> <span class='ocrx_word' id='word_1_99' title='bbox 948 1849 1177 1916; x_wconf 87' lang='lat' dir='ltr'>Bitone</span> <span class='ocrx_word' id='word_1_100' title='bbox 1226 1848 1390 1927; x_wconf 83' lang='lat'>120,</span> <span class='ocrx_word' id='word_1_101' title='bbox 1442 1847 1563 1914; x_wconf 81' lang='lat'>23.</span> <span class='ocrx_word' id='word_1_102' title='bbox 1613 1849 1804 1913; x_wconf 89' lang='lat' dir='ltr'>modo</span> <span class='ocrx_word' id='word_1_103' title='bbox 1850 1847 2085 1913; x_wconf 89' lang='lat' dir='ltr'>dicitur</span> <span class='ocrx_word' id='word_1_104' title='bbox 2125 1834 2366 1927; x_wconf 76' lang='grc' dir='ltr'><strong><em>μητέρα</em></strong></span> <span class='ocrx_word' id='word_1_105' title='bbox 2403 1848 2557 1912; x_wconf 84' lang='grc' dir='ltr'>ἭΝ</span> 
     </span>
     <span class='ocr_line' id='line_1_15' title="bbox 185 1949 2557 2038; baseline -0.003 -15"><span class='ocrx_word' id='word_1_106' title='bbox 185 1957 414 2036; x_wconf 76' lang='grc' dir='ltr'><strong><em>άγέτην</em></strong></span> <span class='ocrx_word' id='word_1_107' title='bbox 434 2006 454 2033; x_wconf 85' lang='grc'><em>,</em></span> <span class='ocrx_word' id='word_1_108' title='bbox 517 1954 711 2021; x_wconf 87' lang='lat' dir='ltr'>modo</span> <span class='ocrx_word' id='word_1_109' title='bbox 772 1954 1074 2033; x_wconf 77' lang='grc' dir='ltr'><strong><em>ἐτίμησαν</em></strong></span> <span class='ocrx_word' id='word_1_110' title='bbox 1134 1954 1375 2035; x_wconf 78' lang='grc' dir='ltr'><strong><em>μητέρα</em></strong></span> <span class='ocrx_word' id='word_1_111' title='bbox 1418 1954 1530 2028; x_wconf 69' lang='grc' dir='ltr'><strong><em>τὴν</em></strong></span> <span class='ocrx_word' id='word_1_112' title='bbox 1579 1949 2027 2018; x_wconf 75' lang='grc' dir='ltr'>ΟΦΕΤΕΡΗΝ</span> <span class='ocrx_word' id='word_1_113' title='bbox 2050 2001 2064 2016; x_wconf 91' lang='grc'><strong><em>.</em></strong></span> <span class='ocrx_word' id='word_1_114' title='bbox 2157 1952 2342 2017; x_wconf 80' lang='lat' dir='ltr'>Nihil</span> <span class='ocrx_word' id='word_1_115' title='bbox 2385 1970 2557 2038; x_wconf 85' lang='lat' dir='ltr'>pror·-</span> 
     </span>
     <span class='ocr_line' id='line_1_16' title="bbox 185 2058 2021 2145; baseline -0.005 -16"><span class='ocrx_word' id='word_1_116' title='bbox 185 2083 286 2129; x_wconf 85' lang='lat' dir='ltr'>sus</span> <span class='ocrx_word' id='word_1_117' title='bbox 328 2065 503 2128; x_wconf 86' lang='lat' dir='ltr'>inter</span> <span class='ocrx_word' id='word_1_118' title='bbox 544 2060 700 2126; x_wconf 88' lang='lat' dir='ltr'>haec</span> <span class='ocrx_word' id='word_1_119' title='bbox 743 2062 1043 2126; x_wconf 77' lang='lat' dir='ltr'>interesse</span> <span class='ocrx_word' id='word_1_120' title='bbox 1090 2062 1430 2145; x_wconf 81' lang='lat' dir='ltr'>opinantur</span> <span class='ocrx_word' id='word_1_121' title='bbox 1443 2106 1460 2136; x_wconf 85' lang='lat'><em>,</em></span> <span class='ocrx_word' id='word_1_122' title='bbox 1510 2058 1676 2124; x_wconf 89' lang='lat' dir='ltr'>nihil</span> <span class='ocrx_word' id='word_1_123' title='bbox 1720 2059 2021 2124; x_wconf 87' lang='lat' dir='ltr'>sentiunt.</span> 
     </span>
    </p>
   </div>
   <div class='ocr_carea' id='block_1_5' title="bbox 183 2267 2561 2874">
    <p class='ocr_par' dir='ltr' id='par_1_8' title="bbox 183 2267 2561 2874">
     <span class='ocr_line' id='line_1_17' title="bbox 265 2267 2549 2346; baseline -0.003 -8"><span class='ocrx_word' id='word_1_124' title='bbox 265 2271 340 2338; x_wconf 88' lang='lat' dir='ltr'>In</span> <span class='ocrx_word' id='word_1_125' title='bbox 409 2269 633 2338; x_wconf 82' lang='lat' dir='ltr'>Floril.</span> <span class='ocrx_word' id='word_1_126' title='bbox 702 2268 808 2334; x_wconf 90' lang='lat' dir='ltr'>IV.</span> <span class='ocrx_word' id='word_1_127' title='bbox 878 2267 986 2335; x_wconf 84' lang='grc'>47.</span> <span class='ocrx_word' id='word_1_128' title='bbox 1051 2267 1460 2335; x_wconf 77' lang='lat' dir='ltr'>Cornelianus</span> <span class='ocrx_word' id='word_1_129' title='bbox 1519 2269 1709 2334; x_wconf 80' lang='lat' dir='ltr'>dicit:</span> <span class='ocrx_word' id='word_1_130' title='bbox 1773 2271 1950 2332; x_wconf 79' lang='grc' dir='ltr'><strong><em>τοῦτο</em></strong></span> <span class='ocrx_word' id='word_1_131' title='bbox 2008 2267 2134 2346; x_wconf 63' lang='grc' dir='ltr'>γάρ</span> <span class='ocrx_word' id='word_1_132' title='bbox 2194 2268 2396 2332; x_wconf 76' lang='grc' dir='ltr'><strong><em>αὐτῶν</em></strong></span> <span class='ocrx_word' id='word_1_133' title='bbox 2444 2267 2549 2332; x_wconf 78' lang='grc' dir='ltr'><strong><em>καὶ</em></strong></span> 
     </span>
     <span class='ocr_line' id='line_1_18' title="bbox 184 2368 2555 2459; baseline -0.002 -17"><span class='ocrx_word' id='word_1_134' title='bbox 184 2376 352 2454; x_wconf 89' lang='grc' dir='ltr'><strong><em>μόνον</em></strong></span> <span class='ocrx_word' id='word_1_135' title='bbox 396 2385 479 2459; x_wconf 69' lang='grc' dir='ltr'>τῇ</span> <span class='ocrx_word' id='word_1_136' title='bbox 528 2375 865 2455; x_wconf 74' lang='grc' dir='ltr'><strong><em>προαιρέσει</em></strong></span> <span class='ocrx_word' id='word_1_137' title='bbox 911 2373 1193 2454; x_wconf 79' lang='grc' dir='ltr'><strong><em>πρόσεςιν</em></strong></span> <span class='ocrx_word' id='word_1_138' title='bbox 1238 2373 1512 2451; x_wconf 77' lang='grc' dir='ltr'><strong><em>άγαθόν,</em></strong></span> <span class='ocrx_word' id='word_1_139' title='bbox 1560 2368 1705 2454; x_wconf 74' lang='grc' dir='ltr'><strong><em>ὅπερ</em></strong></span> <span class='ocrx_word' id='word_1_140' title='bbox 1746 2372 1836 2442; x_wconf 79' lang='grc' dir='ltr'>ἐςὶ</span> <span class='ocrx_word' id='word_1_141' title='bbox 1875 2371 2137 2451; x_wconf 75' lang='grc' dir='ltr'><strong><em>μέγιςον</em></strong></span> <span class='ocrx_word' id='word_1_142' title='bbox 2167 2378 2286 2437; x_wconf 75' lang='grc' dir='ltr'><strong><em>τῶν</em></strong></span> <span class='ocrx_word' id='word_1_143' title='bbox 2319 2377 2555 2438; x_wconf 77' lang='grc' dir='ltr'><strong><em>κακῶν.</em></strong></span> 
     </span>
     <span class='ocr_line' id='line_1_19' title="bbox 183 2476 2558 2566; baseline -0.002 -18"><span class='ocrx_word' id='word_1_144' title='bbox 183 2482 553 2548; x_wconf 78' lang='lat' dir='ltr'>insanientis</span> <span class='ocrx_word' id='word_1_145' title='bbox 609 2482 808 2546; x_wconf 89' lang='lat' dir='ltr'>oratio</span> <span class='ocrx_word' id='word_1_146' title='bbox 864 2478 1160 2545; x_wconf 82' lang='lat' dir='ltr'>videatur</span> <span class='ocrx_word' id='word_1_147' title='bbox 1206 2499 1338 2545; x_wconf 89' lang='lat' dir='ltr'>esse</span> <span class='ocrx_word' id='word_1_148' title='bbox 1385 2483 1449 2543; x_wconf 88' lang='lat' dir='ltr'>et</span> <span class='ocrx_word' id='word_1_149' title='bbox 1495 2497 1713 2544; x_wconf 87' lang='lat' dir='ltr'>secum</span> <span class='ocrx_word' id='word_1_150' title='bbox 1755 2479 2101 2566; x_wconf 79' lang='lat' dir='ltr'>pugnantis</span> <span class='ocrx_word' id='word_1_151' title='bbox 2118 2522 2136 2555; x_wconf 86' lang='lat'><strong>,</strong></span> <span class='ocrx_word' id='word_1_152' title='bbox 2184 2476 2294 2544; x_wconf 87' lang='lat' dir='ltr'>sed</span> <span class='ocrx_word' id='word_1_153' title='bbox 2337 2476 2558 2544; x_wconf 90' lang='lat' dir='ltr'>floscu-</span> 
     </span>
     <span class='ocr_line' id='line_1_20' title="bbox 183 2583 2561 2671; baseline -0.001 -21"><span class='ocrx_word' id='word_1_154' title='bbox 183 2585 279 2652; x_wconf 86' lang='lat' dir='ltr'>lus</span> <span class='ocrx_word' id='word_1_155' title='bbox 342 2593 441 2653; x_wconf 88' lang='lat' dir='ltr'>est</span> <span class='ocrx_word' id='word_1_156' title='bbox 503 2586 584 2651; x_wconf 88' lang='lat' dir='ltr'>de</span> <span class='ocrx_word' id='word_1_157' title='bbox 645 2585 938 2650; x_wconf 87' lang='lat' dir='ltr'>Isocratis</span> <span class='ocrx_word' id='word_1_158' title='bbox 998 2583 1182 2649; x_wconf 91' lang='lat' dir='ltr'>horto</span> <span class='ocrx_word' id='word_1_159' title='bbox 1243 2585 1605 2668; x_wconf 86' lang='lat' dir='ltr'>decerptus,</span> <span class='ocrx_word' id='word_1_160' title='bbox 1671 2586 1782 2668; x_wconf 92' lang='lat' dir='ltr'>qui</span> <span class='ocrx_word' id='word_1_161' title='bbox 1843 2583 2089 2649; x_wconf 82' lang='lat' dir='ltr'>dixerat</span> <span class='ocrx_word' id='word_1_162' title='bbox 2143 2583 2236 2671; x_wconf 93' lang='lat' dir='ltr'>(in</span> <span class='ocrx_word' id='word_1_163' title='bbox 2280 2583 2561 2665; x_wconf 71' lang='lat' dir='ltr'>Duaqora</span> 
     </span>
     <span class='ocr_line' id='line_1_21' title="bbox 186 2683 2560 2777; baseline -0.001 -21"><span class='ocrx_word' id='word_1_164' title='bbox 186 2711 313 2777; x_wconf 85' lang='lat' dir='ltr'>cap.</span> <span class='ocrx_word' id='word_1_165' title='bbox 373 2691 439 2757; x_wconf 79' lang='lat'>2.</span> <span class='ocrx_word' id='word_1_166' title='bbox 505 2693 576 2755; x_wconf 90' lang='lat' dir='ltr'>in</span> <span class='ocrx_word' id='word_1_167' title='bbox 641 2688 859 2755; x_wconf 85' lang='lat' dir='ltr'>Floril.</span> <span class='ocrx_word' id='word_1_168' title='bbox 928 2685 1050 2767; x_wconf 83' lang='lat'>38,</span> <span class='ocrx_word' id='word_1_169' title='bbox 1114 2687 1250 2769; x_wconf 82' lang='lat'>42.)</span> <span class='ocrx_word' id='word_1_170' title='bbox 1295 2689 1522 2754; x_wconf 83' lang='grc' dir='ltr'><strong><em>τούτων</em></strong></span> <span class='ocrx_word' id='word_1_171' title='bbox 1571 2688 1623 2752; x_wconf 80' lang='grc' dir='ltr'>δ’</span> <span class='ocrx_word' id='word_1_172' title='bbox 1670 2688 1861 2761; x_wconf 78' lang='grc' dir='ltr'><strong><em>αἴτιος</em></strong></span> <span class='ocrx_word' id='word_1_173' title='bbox 1910 2689 1939 2752; x_wconf 83' lang='grc' dir='ltr'>ὅ</span> <span class='ocrx_word' id='word_1_174' title='bbox 1986 2686 2241 2765; x_wconf 77' lang='grc' dir='ltr'><strong><em>Φθόνος,</em></strong></span> <span class='ocrx_word' id='word_1_175' title='bbox 2291 2683 2334 2769; x_wconf 80' lang='grc' dir='ltr'><strong><em>ᾧ</em></strong></span> <span class='ocrx_word' id='word_1_176' title='bbox 2380 2691 2560 2753; x_wconf 82' lang='grc' dir='ltr'><strong><em>τοῦτο</em></strong></span> 
     </span>
     <span class='ocr_line' id='line_1_22' title="bbox 188 2789 2340 2874; baseline -0.002 -12"><span class='ocrx_word' id='word_1_177' title='bbox 188 2796 357 2874; x_wconf 88' lang='grc' dir='ltr'><strong><em>μόνον</em></strong></span> <span class='ocrx_word' id='word_1_178' title='bbox 400 2794 644 2874; x_wconf 77' lang='grc' dir='ltr'><strong><em>άγαθὸν</em></strong></span> <span class='ocrx_word' id='word_1_179' title='bbox 689 2792 1006 2874; x_wconf 79' lang='grc' dir='ltr'><strong><em>πρόσεςιν,</em></strong></span> <span class='ocrx_word' id='word_1_180' title='bbox 1054 2789 1144 2859; x_wconf 73' lang='grc' dir='ltr'><strong><em>ὅτι</em></strong></span> <span class='ocrx_word' id='word_1_181' title='bbox 1195 2793 1452 2872; x_wconf 77' lang='grc' dir='ltr'><strong><em>μέγιςον</em></strong></span> <span class='ocrx_word' id='word_1_182' title='bbox 1498 2794 1685 2859; x_wconf 81' lang='grc' dir='ltr'><strong><em>κακὸν</em></strong></span> <span class='ocrx_word' id='word_1_183' title='bbox 1729 2801 1855 2865; x_wconf 84' lang='grc' dir='ltr'><strong><em>τοῖς</em></strong></span> <span class='ocrx_word' id='word_1_184' title='bbox 1905 2790 2151 2872; x_wconf 82' lang='grc' dir='ltr'><strong><em>ἔχουσίν</em></strong></span> <span class='ocrx_word' id='word_1_185' title='bbox 2196 2793 2340 2860; x_wconf 75' lang='grc' dir='ltr'><strong><em>ἐςιν.</em></strong></span> 
     </span>
    </p>
   </div>
   <div class='ocr_carea' id='block_1_6' title="bbox 182 2999 2565 3613">
    <p class='ocr_par' dir='ltr' id='par_1_9' title="bbox 182 2999 2565 3613">
     <span class='ocr_line' id='line_1_23' title="bbox 267 2999 2557 3084; baseline -0.001 -14"><span class='ocrx_word' id='word_1_186' title='bbox 267 3005 342 3070; x_wconf 90' lang='lat' dir='ltr'>In</span> <span class='ocrx_word' id='word_1_187' title='bbox 386 3004 611 3080; x_wconf 77' lang='lat' dir='ltr'>Floril.</span> <span class='ocrx_word' id='word_1_188' title='bbox 660 3002 766 3069; x_wconf 88' lang='lat' dir='ltr'>IV.</span> <span class='ocrx_word' id='word_1_189' title='bbox 820 3001 968 3068; x_wconf 85' lang='lat'>103.</span> <span class='ocrx_word' id='word_1_190' title='bbox 1015 3002 1303 3082; x_wconf 75' lang='grc' dir='ltr'><strong><em>ἄνθρωποι</em></strong></span> <span class='ocrx_word' id='word_1_191' title='bbox 1346 3005 1487 3077; x_wconf 83' lang='grc' dir='ltr'><strong><em>τοὺς</em></strong></span> <span class='ocrx_word' id='word_1_192' title='bbox 1515 3041 1598 3052; x_wconf 90' lang='grc'>-</span> <span class='ocrx_word' id='word_1_193' title='bbox 1627 3004 1688 3067; x_wconf 81' lang='grc' dir='ltr'><strong><em>ἐν</em></strong></span> <span class='ocrx_word' id='word_1_194' title='bbox 1727 3001 1995 3084; x_wconf 80' lang='grc' dir='ltr'><strong><em>τεράτων</em></strong></span> <span class='ocrx_word' id='word_1_195' title='bbox 2032 3002 2198 3084; x_wconf 80' lang='grc' dir='ltr'><strong><em>λόγῳ</em></strong></span> <span class='ocrx_word' id='word_1_196' title='bbox 2237 2999 2447 3076; x_wconf 77' lang='grc' dir='ltr'><strong><em>ἐόντας</em></strong></span> <span class='ocrx_word' id='word_1_197' title='bbox 2474 3038 2557 3051; x_wconf 88' lang='grc'>-</span> 
     </span>
     <span class='ocr_line' id='line_1_24' title="bbox 184 3105 2555 3195; baseline -0.001 -20"><span class='ocrx_word' id='word_1_198' title='bbox 184 3109 485 3189; x_wconf 88' lang='grc' dir='ltr'><strong><em>μεγάλων</em></strong></span> <span class='ocrx_word' id='word_1_199' title='bbox 546 3109 890 3190; x_wconf 80' lang='grc' dir='ltr'><strong><em>χρημάτων</em></strong></span> <span class='ocrx_word' id='word_1_200' title='bbox 955 3107 1258 3187; x_wconf 79' lang='grc' dir='ltr'><strong><em>ὠνεόμενοι</em></strong></span> <span class='ocrx_word' id='word_1_201' title='bbox 1285 3119 1368 3157; x_wconf 75' lang='grc'>-’-</span> <span class='ocrx_word' id='word_1_202' title='bbox 1395 3108 1530 3188; x_wconf 74' lang='grc' dir='ltr'><strong><em>περὶ</em></strong></span> <span class='ocrx_word' id='word_1_203' title='bbox 1575 3107 1664 3174; x_wconf 69' lang='grc' dir='ltr'><strong><em>τά</em></strong></span> <span class='ocrx_word' id='word_1_204' title='bbox 1709 3106 2171 3173; x_wconf 79' lang='grc' dir='ltr'><strong><em>σπουδαιότατα</em></strong></span> <span class='ocrx_word' id='word_1_205' title='bbox 2218 3106 2321 3172; x_wconf 82' lang='grc' dir='ltr'><strong><em>καὶ</em></strong></span> <span class='ocrx_word' id='word_1_206' title='bbox 2379 3105 2555 3195; x_wconf 79' lang='lat' dir='ltr'>[TA]</span> 
     </span>
     <span class='ocr_line' id='line_1_25' title="bbox 183 3210 2565 3300; baseline 0 -23"><span class='ocrx_word' id='word_1_207' title='bbox 183 3214 413 3296; x_wconf 74' lang='grc' dir='ltr'><strong><em>σμικροὶ</em></strong></span> <span class='ocrx_word' id='word_1_208' title='bbox 463 3211 768 3296; x_wconf 76' lang='grc' dir='ltr'><strong><em>ἄχθονται</em></strong></span> <span class='ocrx_word' id='word_1_209' title='bbox 815 3213 1273 3287; x_wconf 86' lang='grc' dir='ltr'><strong><em>άναλίσκοντες.</em></strong></span> <span class='ocrx_word' id='word_1_210' title='bbox 1367 3213 1681 3300; x_wconf 83' lang='lat' dir='ltr'>Expunge</span> <span class='ocrx_word' id='word_1_211' title='bbox 1724 3212 2090 3278; x_wconf 81' lang='lat' dir='ltr'>articulum&#39;</span> <span class='ocrx_word' id='word_1_212' title='bbox 2113 3210 2201 3278; x_wconf 87' lang='grc' dir='ltr'><strong><em>τά</em></strong></span> <span class='ocrx_word' id='word_1_213' title='bbox 2223 3262 2240 3291; x_wconf 87' lang='grc'><strong><em>,</em></strong></span> <span class='ocrx_word' id='word_1_214' title='bbox 2288 3215 2395 3277; x_wconf 82' lang='lat' dir='ltr'>cui</span> <span class='ocrx_word' id='word_1_215' title='bbox 2423 3211 2565 3278; x_wconf 89' lang='lat' dir='ltr'>nul-</span> 
     </span>
     <span class='ocr_line' id='line_1_26' title="bbox 182 3315 2563 3399; baseline -0.001 -16"><span class='ocrx_word' id='word_1_216' title='bbox 182 3318 277 3385; x_wconf 91' lang='lat' dir='ltr'>lus</span> <span class='ocrx_word' id='word_1_217' title='bbox 319 3323 391 3386; x_wconf 87' lang='lat' dir='ltr'>in</span> <span class='ocrx_word' id='word_1_218' title='bbox 437 3318 561 3385; x_wconf 89' lang='lat' dir='ltr'>tali</span> <span class='ocrx_word' id='word_1_219' title='bbox 606 3318 897 3385; x_wconf 88' lang='lat' dir='ltr'>re.locus</span> <span class='ocrx_word' id='word_1_220' title='bbox 945 3322 1059 3382; x_wconf 88' lang='lat' dir='ltr'>est.</span> <span class='ocrx_word' id='word_1_221' title='bbox 1133 3316 1465 3383; x_wconf 81' lang='lat' dir='ltr'>Praecedit</span> <span class='ocrx_word' id='word_1_222' title='bbox 1501 3318 1802 3396; x_wconf 79' lang='grc' dir='ltr'><strong><em>μεγάλων</em></strong></span> <span class='ocrx_word' id='word_1_223' title='bbox 1838 3315 2180 3399; x_wconf 75' lang='grc' dir='ltr'><strong><em>χρημάτων</em></strong></span> <span class='ocrx_word' id='word_1_224' title='bbox 2219 3316 2563 3395; x_wconf 78' lang='grc' dir='ltr'><strong><em>ὠνεόμενοι,</em></strong></span> 
     </span>
     <span class='ocr_line' id='line_1_27' title="bbox 186 3421 2561 3509; baseline -0 -21"><span class='ocrx_word' id='word_1_225' title='bbox 186 3423 308 3489; x_wconf 84' lang='lat' dir='ltr'>dici</span> <span class='ocrx_word' id='word_1_226' title='bbox 351 3444 485 3490; x_wconf 88' lang='lat' dir='ltr'>non</span> <span class='ocrx_word' id='word_1_227' title='bbox 530 3428 777 3509; x_wconf 83' lang='lat' dir='ltr'>poterat</span> <span class='ocrx_word' id='word_1_228' title='bbox 820 3428 939 3487; x_wconf 79' lang='grc' dir='ltr'><strong><em>τῶν</em></strong></span> <span class='ocrx_word' id='word_1_229' title='bbox 978 3423 1281 3501; x_wconf 82' lang='grc' dir='ltr'><strong><em>μεγάλων</em></strong></span> <span class='ocrx_word' id='word_1_230' title='bbox 1325 3421 1702 3503; x_wconf 77' lang='grc' dir='ltr'><strong><em>χρημάτων,</em></strong></span> <span class='ocrx_word' id='word_1_231' title='bbox 1750 3426 1841 3488; x_wconf 89' lang='lat' dir='ltr'>sic</span> <span class='ocrx_word' id='word_1_232' title='bbox 1889 3427 2157 3498; x_wconf 84' lang='grc' dir='ltr'><strong><em>πολλοῦ,</em></strong></span> <span class='ocrx_word' id='word_1_233' title='bbox 2198 3421 2561 3500; x_wconf 81' lang='grc' dir='ltr'><strong><em>ἐλάττονος,</em></strong></span> 
     </span>
     <span class='ocr_line' id='line_1_28' title="bbox 186 3527 2563 3613; baseline 0 -22"><span class='ocrx_word' id='word_1_234' title='bbox 186 3527 492 3611; x_wconf 74' lang='grc' dir='ltr'><strong><em>ἕλαχίςου</em></strong></span> <span class='ocrx_word' id='word_1_235' title='bbox 530 3535 759 3596; x_wconf 81' lang='grc' dir='ltr'><strong><em>πωλεῖν</em></strong></span> <span class='ocrx_word' id='word_1_236' title='bbox 798 3534 863 3592; x_wconf 88' lang='lat' dir='ltr'>et</span> <span class='ocrx_word' id='word_1_237' title='bbox 904 3529 1174 3593; x_wconf 77' lang='grc' dir='ltr'><strong><em>ὠνεῖσθαι</em></strong></span> <span class='ocrx_word' id='word_1_238' title='bbox 1218 3527 1451 3593; x_wconf 82' lang='lat' dir='ltr'>dicitur</span> <span class='ocrx_word' id='word_1_239' title='bbox 1467 3575 1485 3605; x_wconf 89' lang='lat'><em>‚</em></span> <span class='ocrx_word' id='word_1_240' title='bbox 1526 3527 1641 3592; x_wconf 91' lang='lat' dir='ltr'>ubi</span> <span class='ocrx_word' id='word_1_241' title='bbox 1682 3527 1989 3593; x_wconf 88' lang='lat' dir='ltr'>articulus</span> <span class='ocrx_word' id='word_1_242' title='bbox 2020 3527 2168 3593; x_wconf 89' lang='lat' dir='ltr'>addi</span> <span class='ocrx_word' id='word_1_243' title='bbox 2189 3547 2314 3593; x_wconf 90' lang='lat' dir='ltr'>non</span> <span class='ocrx_word' id='word_1_244' title='bbox 2335 3530 2563 3613; x_wconf 87' lang='lat' dir='ltr'>potest.</span> 
     </span>
    </p>
   </div>
   <div class='ocr_carea' id='block_1_7' title="bbox 174 3734 2642 4238">
    <p class='ocr_par' dir='ltr' id='par_1_10' title="bbox 174 3734 2642 4238">
     <span class='ocr_line' id='line_1_29' title="bbox 266 3734 2565 3824; baseline 0 -21"><span class='ocrx_word' id='word_1_245' title='bbox 266 3738 342 3803; x_wconf 89' lang='lat' dir='ltr'>In</span> <span class='ocrx_word' id='word_1_246' title='bbox 386 3738 616 3805; x_wconf 83' lang='lat' dir='ltr'>Bionis</span> <span class='ocrx_word' id='word_1_247' title='bbox 660 3739 828 3804; x_wconf 88' lang='lat' dir='ltr'>dicto</span> <span class='ocrx_word' id='word_1_248' title='bbox 875 3737 950 3804; x_wconf 89' lang='lat' dir='ltr'>V.</span> <span class='ocrx_word' id='word_1_249' title='bbox 1003 3736 1110 3804; x_wconf 88' lang='grc'>66.</span> <span class='ocrx_word' id='word_1_250' title='bbox 1161 3760 1222 3824; x_wconf 89' lang='lat' dir='ltr'>p.</span> <span class='ocrx_word' id='word_1_251' title='bbox 1278 3736 1441 3815; x_wconf 82' lang='lat'><strong>124,</strong></span> <span class='ocrx_word' id='word_1_252' title='bbox 1497 3736 1579 3801; x_wconf 89' lang='grc'>18</span> <span class='ocrx_word' id='word_1_253' title='bbox 1625 3738 1905 3804; x_wconf 84' lang='lat' dir='ltr'>Meinek.</span> <span class='ocrx_word' id='word_1_254' title='bbox 1954 3740 1981 3803; x_wconf 82' lang='grc' dir='ltr'><strong><em>ὅ</em></strong></span> <span class='ocrx_word' id='word_1_255' title='bbox 2029 3739 2091 3803; x_wconf 73' lang='grc' dir='ltr'>δὲ</span> <span class='ocrx_word' id='word_1_256' title='bbox 2138 3736 2326 3816; x_wconf 87' lang='grc' dir='ltr'><strong><em>Βίων,</em></strong></span> <span class='ocrx_word' id='word_1_257' title='bbox 2367 3734 2565 3819; x_wconf 70' lang='grc' dir='ltr'><strong><em>ὥσπερ</em></strong></span> 
     </span>
     <span class='ocr_line' id='line_1_30' title="bbox 183 3840 2564 3925; baseline 0 -18"><span class='ocrx_word' id='word_1_258' title='bbox 183 3849 295 3907; x_wconf 80' lang='grc' dir='ltr'><strong><em>τῶν</em></strong></span> <span class='ocrx_word' id='word_1_259' title='bbox 359 3843 605 3923; x_wconf 77' lang='grc' dir='ltr'><strong><em>θηρίων,</em></strong></span> <span class='ocrx_word' id='word_1_260' title='bbox 669 3842 868 3925; x_wconf 80' lang='grc' dir='ltr'><strong><em>Φησί,</em></strong></span> <span class='ocrx_word' id='word_1_261' title='bbox 930 3843 1104 3923; x_wconf 72' lang='grc' dir='ltr'><strong><em>παρὰ</em></strong></span> <span class='ocrx_word' id='word_1_262' title='bbox 1165 3843 1275 3918; x_wconf 67' lang='grc' dir='ltr'><strong><em>τὴν</em></strong></span> <span class='ocrx_word' id='word_1_263' title='bbox 1341 3849 1534 3924; x_wconf 76' lang='grc' dir='ltr'><strong><em>λῆψιν</em></strong></span> <span class='ocrx_word' id='word_1_264' title='bbox 1590 3845 1624 3919; x_wconf 78' lang='grc' dir='ltr'><strong><em>ἡ</em></strong></span> <span class='ocrx_word' id='word_1_265' title='bbox 1673 3840 1838 3918; x_wconf 77' lang='grc' dir='ltr'><strong><em>δῆἔις</em></strong></span> <span class='ocrx_word' id='word_1_266' title='bbox 1880 3843 2161 3920; x_wconf 88' lang='grc' dir='ltr'><strong><em>γίνεται,</em></strong></span> <span class='ocrx_word' id='word_1_267' title='bbox 2213 3840 2328 3906; x_wconf 75' lang='grc' dir='ltr'><strong><em>κᾶν</em></strong></span> <span class='ocrx_word' id='word_1_268' title='bbox 2374 3840 2564 3920; x_wconf 79' lang='grc' dir='ltr'><strong><em>μέσον</em></strong></span> 
     </span>
     <span class='ocr_line' id='line_1_31' title="bbox 184 3945 2567 4033; baseline 0 -21"><span class='ocrx_word' id='word_1_269' title='bbox 184 3952 287 4013; x_wconf 80' lang='grc' dir='ltr'>τοῦ</span> <span class='ocrx_word' id='word_1_270' title='bbox 344 3947 551 4030; x_wconf 78' lang='grc' dir='ltr'><strong><em>ὄφεως</em></strong></span> <span class='ocrx_word' id='word_1_271' title='bbox 610 3946 1126 4026; x_wconf 76' lang='grc' dir='ltr'><strong><em>ἔπιλαμβάνΗΙΟ</em></strong></span> <span class='ocrx_word' id='word_1_272' title='bbox 1193 3948 1521 4028; x_wconf 73' lang='grc' dir='ltr'><strong><em>δηχθῆσει,</em></strong></span> <span class='ocrx_word' id='word_1_273' title='bbox 1582 3947 1691 4013; x_wconf 76' lang='grc' dir='ltr'><strong><em>ἔοὶν</em></strong></span> <span class='ocrx_word' id='word_1_274' title='bbox 1741 3946 1831 4029; x_wconf 73' lang='grc' dir='ltr'>(δὲ</span> <span class='ocrx_word' id='word_1_275' title='bbox 1878 3946 2047 4033; x_wconf 84' lang='lat' dir='ltr'>add.)</span> <span class='ocrx_word' id='word_1_276' title='bbox 2094 3950 2202 4011; x_wconf 81' lang='grc' dir='ltr'>τοῦ</span> <span class='ocrx_word' id='word_1_277' title='bbox 2245 3945 2567 4028; x_wconf 74' lang='grc' dir='ltr'><strong><em>τραχήλου</em></strong></span> 
     </span>
     <span class='ocr_line' id='line_1_32' title="bbox 186 4049 2569 4136; baseline 0 -20"><span class='ocrx_word' id='word_1_278' title='bbox 186 4051 351 4116; x_wconf 76' lang='grc' dir='ltr'><strong><em>οὐδὲν</em></strong></span> <span class='ocrx_word' id='word_1_279' title='bbox 397 4051 643 4129; x_wconf 82' lang='grc' dir='ltr'><strong><em>πείσει,</em></strong></span> <span class='ocrx_word' id='word_1_280' title='bbox 692 4073 772 4118; x_wconf 92' lang='lat' dir='ltr'>ne</span> <span class='ocrx_word' id='word_1_281' title='bbox 818 4055 905 4117; x_wconf 88' lang='lat' dir='ltr'>sit</span> <span class='ocrx_word' id='word_1_282' title='bbox 948 4053 1193 4118; x_wconf 86' lang='lat' dir='ltr'>soloeca</span> <span class='ocrx_word' id='word_1_283' title='bbox 1236 4056 1435 4119; x_wconf 86' lang='lat' dir='ltr'>oratio</span> <span class='ocrx_word' id='word_1_284' title='bbox 1481 4053 1883 4118; x_wconf 86' lang='lat' dir='ltr'>scribendum</span> <span class='ocrx_word' id='word_1_285' title='bbox 1930 4049 2388 4128; x_wconf 85' lang='grc' dir='ltr'><strong><em>ἐπιλαμβάνΗΙ</em></strong></span> <span class='ocrx_word' id='word_1_286' title='bbox 2409 4099 2427 4116; x_wconf 94' lang='grc'><strong><em>.</em></strong></span> <span class='ocrx_word' id='word_1_287' title='bbox 2466 4075 2569 4136; x_wconf 82' lang='lat' dir='ltr'>ap-</span> 
     </span>
     <span class='ocr_line' id='line_1_33' title="bbox 174 4155 2642 4238; baseline 0.001 -17"><span class='ocrx_word' id='word_1_288' title='bbox 174 4158 547 4238; x_wconf 66' lang='lat' dir='ltr'>prehendere</span> <span class='ocrx_word' id='word_1_289' title='bbox 590 4159 762 4222; x_wconf 88' lang='lat' dir='ltr'>enim</span> <span class='ocrx_word' id='word_1_290' title='bbox 808 4179 932 4223; x_wconf 89' lang='lat' dir='ltr'>non</span> <span class='ocrx_word' id='word_1_291' title='bbox 976 4157 1439 4237; x_wconf 81' lang='grc' dir='ltr'><strong><em>ἐπιλαμβάνειν</em></strong></span> <span class='ocrx_word' id='word_1_292' title='bbox 1487 4160 1725 4223; x_wconf 90' lang='lat' dir='ltr'>dicitur</span> <span class='ocrx_word' id='word_1_293' title='bbox 1774 4157 1882 4221; x_wconf 89' lang='lat' dir='ltr'>sed</span> <span class='ocrx_word' id='word_1_294' title='bbox 1929 4155 2501 4234; x_wconf 78' lang='grc' dir='ltr'><strong><em>ἐπιλαμβάνεσθαι.</em></strong></span> <span class='ocrx_word' id='word_1_295' title='bbox 2632 4170 2642 4178; x_wconf 86' lang='grc'><strong>’</strong></span> 
     </span>
    </p>
   </div>
   <div class='ocr_carea' id='block_1_8' title="bbox 275 4363 2566 4456">
    <p class='ocr_par' dir='ltr' id='par_1_11' title="bbox 275 4363 2566 4456">
     <span class='ocr_line' id='line_1_34' title="bbox 275 4363 2566 4456; baseline -0 -27"><span class='ocrx_word' id='word_1_296' title='bbox 275 4363 350 4429; x_wconf 89' lang='lat' dir='ltr'>In</span> <span class='ocrx_word' id='word_1_297' title='bbox 402 4364 781 4452; x_wconf 78' lang='lat' dir='ltr'>Diotogenis</span> <span class='ocrx_word' id='word_1_298' title='bbox 825 4365 1219 4455; x_wconf 80' lang='lat' dir='ltr'>Pythagorei</span> <span class='ocrx_word' id='word_1_299' title='bbox 1264 4370 1624 4456; x_wconf 78' lang='lat' dir='ltr'>fragmento</span> <span class='ocrx_word' id='word_1_300' title='bbox 1642 4415 1658 4445; x_wconf 85' lang='lat'>‚</span> <span class='ocrx_word' id='word_1_301' title='bbox 1707 4367 1948 4453; x_wconf 82' lang='lat' dir='ltr'>legitur</span> <span class='ocrx_word' id='word_1_302' title='bbox 1993 4363 2067 4429; x_wconf 91' lang='lat' dir='ltr'>V.</span> <span class='ocrx_word' id='word_1_303' title='bbox 2120 4363 2225 4430; x_wconf 88' lang='grc'>69.</span> <span class='ocrx_word' id='word_1_304' title='bbox 2275 4364 2428 4430; x_wconf 70' lang='grc' dir='ltr'><strong><em>αἴκα</em></strong></span> <span class='ocrx_word' id='word_1_305' title='bbox 2472 4387 2566 4438; x_wconf 86' lang='grc' dir='ltr'><strong><em>τις</em></strong></span> 
     </span>
    </p>
   </div>
  </div>
 </body>
</html>
