2934 5050
334 280 419 344 96
1307 294 1732 342 nonnosum.

323 466 634 534 militaria
707 465 862 550 quin
941 463 1400 530 Commentarii
1460 464 1634 542 sint,
1712 463 1952 530 nemini
2018 460 2286 527 dubium
2349 462 2513 538 erit,
2593 462 2751 529 etsi

325 592 644 659 nusquam
730 569 917 647 alibi,
993 579 1310 656 quantum
1390 572 1559 648 scio,
1644 568 1752 635 itio
1835 569 2092 635 nomine
2152 566 2450 654 appellati
2525 576 2748 633 sunt.

328 680 663 746 Praeterea
749 677 889 742 iure
962 674 1236 761 quodam
1331 677 1631 755 mirariS‚
1711 676 1821 763 qui
1905 673 2162 740 tandem
2241 673 2437 739 mtelta
2508 672 2756 739 fuisse

325 795 544 851 noster
602 780 924 849 affirmare
985 782 1288 867 potuerit.
1386 785 1467 848 At
1517 781 1635 848 boc
1688 783 1752 847 in
1807 781 2033 868 primis
2084 778 2467 845 Frontonem
2516 799 2754 865 agere

324 889 530 966 vides,
598 896 670 954 ut
738 886 932 952 libros
993 886 1134 951 iilos
1197 886 1273 953 de
1344 886 1650 973 Analogia
1699 885 2264 974 scrupulosissime
2309 887 2755 972 conscriptos

324 1016 462 1062 esse
526 995 830 1060 sciamuS.
929 989 996 1057 ln
1057 990 1253 1059 huius
1298 994 1389 1058 rei
1432 993 1906 1079 significatione
1954 992 2164 1056 omnis
2210 992 2566 1058 sententiae
2626 993 2756 1057 vis

327 1112 457 1168 tam
527 1101 783 1188 penitus
839 1098 1041 1185 posita
1107 1109 1235 1175 est,
1305 1108 1373 1165 ut
1437 1099 1702 1166 verbum
1776 1097 2141 1164 desiderare
2208 1117 2521 1185 nequeas,
2586 1118 2755 1184 quo

326 1202 909 1296 quaemadmodum
986 1203 1107 1269 alia
1176 1206 1418 1291 scripta
1490 1204 1592 1269 itta
1642 1204 1992 1292 composita
2044 1213 2293 1281 essent,
2344 1202 2749 1283 indicetur,

326 1325 390 1380 et
480 1311 740 1398 quidem
808 1309 1119 1375 eiusmodi
1197 1312 1505 1389 verbum,
1594 1310 1763 1397 quod
1828 1307 2206 1396 scrupuloso
2264 1318 2409 1396 apte
2479 1309 2749 1396 opponi

327 1419 551 1506 possit.
649 1413 785 1496 Qua
863 1413 941 1480 de
1017 1436 1207 1482 causa
1284 1417 1673 1484 Frontonem
1756 1418 2083 1482 monuisse
2161 1416 2493 1502 suspicor,
2557 1413 2752 1480 Cae·

328 1542 537 1589 sarem
602 1530 675 1587 ut
734 1519 932 1586 libros
988 1521 1065 1589 de
1119 1522 1427 1609 Analogia
1472 1521 2049 1608 scrupulosissima
2108 1521 2175 1609 (i.
2235 1541 2292 1587 e.
2355 1539 2503 1586 cum
2552 1539 2748 1586 cura

327 1639 392 1696 et
439 1627 653 1695 studio
701 1625 1114 1715 compositos)
1165 1630 1260 1695 sic
1307 1630 1429 1695 alia
1475 1629 1676 1694 inuita
1718 1626 2132 1692 tumultuaria
2176 1627 2244 1716 (i.
2286 1646 2341 1693 e.
2371 1626 2507 1692 sine
2532 1645 2747 1712 prae·

329 1733 743 1801 meditatione
781 1744 840 1798 et
883 1732 1122 1823 subito)
1165 1736 1528 1823 scripsisse.
1583 1732 1836 1821 Scripta
1878 1740 2093 1799 autem
2142 1732 2248 1798 itta
2284 1732 2740 1801 tumultuaria

329 1861 455 1908 non
504 1841 963 1907 commentarii
1012 1849 1264 1906 tantum
1315 1838 1423 1907 sed
1469 1838 1791 1927 Epistolae
1837 1840 2032 1905 etiam
2080 1837 2492 1923 intelligenda
2535 1848 2738 1905 sunt.

420 1947 511 2014 De
560 1946 767 2013 Feriis
818 1944 1211 2012 Alsiensibus
1264 1945 1379 2023 ΙΙΙ,
1434 1966 1492 2032 p.
1549 1950 1698 2011 225.
1793 1943 1955 2010 Nam
2004 1965 2128 2032 qua
2167 1954 2226 2012 te
2262 1945 2464 2012 dicam
2503 1947 2737 2031 qratia

330 2052 581 2119 Alsium
629 2053 1017 2118 maritimum
1066 2061 1123 2117 el
1171 2051 1589 2137 voluptarium
1638 2051 1841 2118 locum
1891 2061 1982 2130 ee,
2032 2062 2099 2115 u!
2144 2052 2234 2117 ait
2274 2050 2582 2130 Plautus,
2631 2052 2734 2117 lo·

331 2178 473 2224 cum
521 2157 828 2224 lubn'cum
876 2156 1208 2242 deleyisse,
1261 2156 1385 2221 nisi
1430 2167 1500 2221 ut
1549 2157 1698 2223 bene
1744 2156 2006 2223 haberes
2048 2157 2279 2244 qene'o?

421 2263 488 2329 Si
539 2263 688 2329 bene
726 2262 986 2328 haberes
1025 2262 1302 2328 retinere
1342 2262 1475 2339 viS,
1522 2282 1672 2328 cum
1719 2260 2087 2328 Heindortio
2123 2265 2379 2351 qoniam
2420 2263 2732 2349 corrigas

335 2367 464 2436 fere
514 2388 772 2436 necesse
820 2377 941 2436 est.
1041 2370 1123 2433 At
1165 2368 1418 2454 yoniam
1468 2369 1619 2434 bene
1664 2368 1892 2434 habere
1934 2387 2088 2435 num
2134 2370 2431 2435 Latinum
2476 2370 2562 2434 sit
2605 2368 2724 2435 du-

335 2474 538 2542 bitare
585 2473 808 2542 audeo.
868 2473 1080 2541 Malim
1130 2494 1243 2562 pro
1292 2474 1581 2552 haberes,
1630 2478 1874 2564 [aceres
1919 2475 2244 2562 corrigere
2293 2473 2446 2542 Gon.
2499 2474 2722 2543 Plaut.

336 2583 510 2648 Pers.
568 2586 647 2660 2,
700 2586 776 2660 3,
834 2586 947 2646 11:
1009 2580 1197 2647 Genio
1244 2603 1380 2647 meo
1429 2582 1630 2647 multa
1683 2581 1838 2647 bona
1885 2581 2146 2670 sociam.

422 2686 582 2754 thid.
638 2708 699 2775 p.
754 2691 909 2754 226.
994 2686 1198 2764 Quid?
1248 2686 1455 2752 Numa
1496 2707 1687 2752 senex
1718 2688 2148 2753 sanctissimus
2174 2711 2373 2754 nonne
2396 2688 2562 2753 inter
2587 2686 2732 2753 liba

332 2804 389 2859 el
449 2793 724 2861 decimas
780 2793 1213 2881 profanandas
1255 2804 1313 2858 ee
1361 2793 1808 2859 suovetaurilia
1859 2794 2189 2859 mactanda
2237 2803 2501 2859 aetatem
2549 2792 2731 2878 cyil,

333 2901 660 2988 epulorum
704 2900 999 2976 dictator,
1048 2921 1341 2966 cenarum
1393 2899 1652 2977 ἱίὁαιον,
1703 2900 2012 2987 seriarum
2053 2899 2535 2987 promulyator?

430 3005 542 3072 Vv.
592 3006 915 3094 epulorum
964 3005 1230 3072 dictator
1274 3003 1426 3092 quid
1469 3003 1592 3069 sibi
1637 3004 1866 3082 velint,
1909 3013 2093 3070 extra
2127 3024 2339 3071 meum
2368 3003 2597 3071 cadere
2627 3005 2732 3070 in-

335 3111 661 3179 tellectum
717 3113 993 3196 ingenue
1041 3110 1376 3177 confiteor.
1437 3109 1528 3175 Re
1567 3129 1713 3176 vera
1751 3108 1900 3176 olim
1945 3110 2260 3197 scriptum
2297 3130 2436 3177 esse
2468 3109 2737 3176 conicio

334 3218 708 3306 templorum
754 3217 1009 3283 dicator.
1059 3215 1442 3302 Quicunque
1492 3227 1710 3283 autem
1756 3237 1813 3282 v.
1855 3216 2096 3282 dicator
2133 3215 2494 3303 improbare
2532 3214 2732 3293 velit,

336 3332 665 3409 tamquam
722 3341 987 3408 prorsus
1037 3340 1269 3386 novum
1311 3332 1375 3387 et
1427 3321 1826 3398 inauditum,
1875 3323 1933 3386 is
1982 3320 2137 3387 milii
2192 3331 2444 3407 reputet
2484 3341 2734 3409 quaeso

335 3449 457 3494 ω’.
500 3428 726 3494 libator
762 3435 826 3493 et
856 3427 1310 3514 promulgator,
1339 3436 1594 3514 praeter
1620 3426 1920 3504 hocloco,
1948 3447 2266 3515 nusquam
2293 3425 2464 3516 apud
2488 3447 2731 3514 quem·-

337 3556 529 3623 quam
584 3534 705 3622 legi
757 3535 1161 3620 scriptorem.

431 3643 517 3709 De
581 3651 804 3727 nepote
870 3641 1143 3718 amisso,
1206 3659 1265 3725 p.
1331 3642 1486 3706 255.
1593 3640 1765 3717 Quod
1830 3640 2053 3728 cuique
2103 3641 2315 3726 potui,
2371 3662 2490 3727 pro
2547 3644 2728 3729 copia

338 3748 741 3814 commodavi.
794 3745 1174 3813 Merenlibus
1192 3747 1529 3834 promtius,
1569 3747 2037 3813 immerentibus
2057 3747 2356 3813 atidacius
2380 3768 2559 3834 opem
2583 3749 2726 3815 euti.

432 3852 611 3919 Haud
650 3850 1014 3918 diffidenter
1054 3851 1379 3919 affirmare
1413 3853 1618 3918 ausim
1655 3853 1954 3919 audacius
1978 3853 2271 3940 spurium
2302 3872 2477 3930 esse,
2519 3854 2723 3920 Fron-

344 3969 689 4045 tonemque
752 3978 822 4024 re
885 3978 1035 4024 vera
1083 3959 1461 4047 scripsisse.
1515 3957 1577 4024 id
1626 3960 1793 4046 quod
1846 3961 2163 4026 sententia
2216 3957 2497 4046 flagitat,
2547 3983 2726 4029 cunc·

342 4067 594 4131 lautius.

1743 4170 1802 4237 J.
1850 4170 1907 4237 J.
1958 4169 2540 4239 cottNssLISSEN.

433 4278 575 4346 Ser.
633 4277 779 4344 nav.
832 4275 892 4343 d.
944 4276 1148 4344 xxtv
1194 4276 1347 4344 Nov.
