2934 5050
385 267 514 332 348
1391 289 1736 337 nomnium.

376 459 571 521 etiam
631 459 685 520 si
748 457 826 521 ab
871 459 1008 542 ipso
1053 459 1417 525 Aristarcho
1459 459 1778 543 profectus
1825 477 1992 523 error
2039 461 2166 533 est,
2239 458 2496 520 strenue
2550 455 2788 518 confu-

376 561 657 626 tabimus
701 566 798 638 et,
847 563 904 625 si
950 567 1044 626 est
1089 563 1369 628 sanabile
1411 564 1721 628 mendum
1737 611 1754 641 ,
1811 564 2177 627 etiamnunc
2225 556 2787 625 emendabimus?

374 665 628 752 Duplex
689 672 784 731 est
843 671 910 730 in
962 666 1246 733 Homero
1291 675 1503 732 nostro
1548 668 1929 732 mendorum
1973 687 2194 754 genus.
2243 664 2473 729 Insunt
2520 683 2787 729 errores

377 772 640 855 quidam
686 774 1115 856 antiquissimi
1161 779 1305 837 ante
1351 771 1651 837 Solonem
1696 775 1832 837 nati
1850 819 1867 847 ,
1916 774 2135 835 insunt
2171 774 2236 834 et
2272 768 2403 833 alia
2442 768 2781 853 quaedam

375 878 539 942 vitia
581 877 817 940 novicia
831 924 849 955 ‚
897 883 972 941 ut
1019 879 1111 942 ita
1155 877 1365 942 dicam
1379 924 1397 955 ,
1462 883 1576 943 aut
1619 861 1789 962 post’x
1804 876 2251 942 Aristarchum
2297 873 2571 939 demum
2618 881 2783 939 nata

378 986 491 1046 aut
536 983 787 1047 amissis
834 981 1377 1047 observationibus
1423 982 1845 1047 Aristarcheis
1890 984 1959 1046 in
2004 978 2345 1046 Codicibus
2363 1027 2380 1054 ,
2432 981 2547 1064 qui
2595 1000 2779 1044 nunc

376 1092 746 1171 supersunt,
794 1092 1028 1152 renata.
1091 1086 1322 1153 Multis
1360 1090 1535 1152 enim
1550 1087 1824 1176 ‘indiciis
1865 1088 2021 1151 satis
2044 1089 2289 1151 constat
2314 1084 2779 1150 Aristarcheae

378 1190 697 1257 doctrinae
756 1197 819 1257 et
878 1192 1119 1271 κρίσεως
1175 1192 1477 1277 reliquias
1537 1197 1789 1257 tantum
1851 1211 2173 1276 superesse
2233 1189 2424 1255 modo
2474 1192 2774 1275 copiosas

378 1301 443 1360 et
479 1295 869 1372 luculentas,
917 1297 1105 1362 modo
1142 1297 1337 1362 exiles
1379 1303 1445 1363 et
1480 1301 1729 1382 inopes,
1776 1303 1851 1360 ut
1890 1298 1958 1360 in
1997 1295 2162 1360 bona
2200 1299 2378 1379 parte
2411 1292 2769 1380 Odysseae.

377 1399 738 1466 Multarum
799 1402 1137 1475 ἆθετήσεων
1197 1405 1262 1466 in
1323 1401 1598 1468 Scholiis
1656 1403 1966 1466 memoria
2026 1399 2385 1476 intercidit,
2436 1419 2605 1483 quas
2654 1398 2771 1464 ali·

379 1505 545 1569 unde
604 1508 890 1592 cognitas
934 1505 1269 1583 habemus,
1331 1507 1700 1591 multaeque
1744 1525 1911 1569 nunc
1955 1501 2494 1568 circumferuntur
2538 1502 2767 1568 lectio-

377 1628 488 1675 nes
532 1609 898 1687 deteriores,
948 1632 1102 1695 quas
1147 1619 1260 1676 aut
1303 1612 1799 1677 semidoctorum
1843 1610 2126 1675 socordia
2163 1615 2275 1673 aut
2316 1610 2572 1673 incuria
2612 1612 2766 1674 scri-

378 1714 605 1779 barum
662 1716 831 1780 veris
889 1721 953 1779 et
999 1719 1277 1800 antiquis
1320 1719 1672 1801 supposuit.
1741 1714 1975 1801 Ingens
2020 1719 2116 1778 est
2159 1733 2469 1777 versuum
2514 1712 2763 1778 Home-

378 1820 657 1884 ricorum
699 1840 1036 1897 numerus,
1085 1821 1198 1885 ubi
1237 1842 1397 1905 quae
1433 1825 1520 1886 sit
1560 1819 1987 1885 Alexandrina
2023 1817 2212 1883 lectio
2250 1822 2353 1897 (ut
2389 1820 2487 1882 ita
2512 1818 2759 1902 dicam)

381 1925 568 1990 certis
611 1926 993 1989 testimoniis
1039 1931 1215 1990 extra
1260 1946 1516 1991 omnem
1561 1924 1897 1990 dubitandi
1935 1924 2429 1988 controversiam
2467 1925 2763 2007 positum

382 2032 496 2093 est.
565 2027 690 2093 Sed
734 2034 883 2092 sunt
928 2029 1041 2094 alii
1086 2051 1209 2095 non
1248 2033 1493 2095 minore
1529 2049 1794 2095 numero
1812 2076 1830 2107 ‚
1878 2031 1946 2092 in
1987 2028 2220 2112 quibus
2252 2026 2529 2114 vulgata
2564 2027 2765 2093 lectio

382 2153 508 2198 non
562 2132 720 2198 alios
772 2138 964 2198 testes
1009 2141 1073 2198 et
1117 2142 1402 2200 auctores
1439 2135 1633 2200 habet
1670 2155 1863 2219 quam
1888 2131 2232 2208 Codicum,
2283 2135 2395 2216 qui
2442 2153 2616 2196 nunc
2664 2153 2765 2195 sn-

382 2245 676 2323 persunt,
734 2241 1042 2324 optimos,
1101 2239 1167 2303 id
1213 2246 1310 2304 est
1353 2243 1623 2304 minime
1668 2238 1907 2315 malos,
1958 2257 2159 2322 quum
2203 2257 2422 2302 omnes
2468 2236 2766 2301 mendosi

383 2344 510 2407 sint
555 2349 619 2407 et
664 2345 844 2408 vitiis
885 2363 1070 2409 omne
1114 2364 1315 2431 genus
1363 2347 1657 2429 cooperti.
1732 2343 1942 2423 Quam
1978 2341 2225 2406 multae
2265 2348 2417 2405 sunt
2454 2340 2765 2407 lectiones

382 2447 719 2512 manifesto
778 2450 1042 2514 vitiatae
1101 2451 1166 2513 in
1228 2449 1554 2515 Marciano
1613 2469 1698 2528 A„
1756 2450 1865 2534 qui
1910 2445 2301 2532 reliquorum
2348 2448 2651 2510 omnium
2700 2455 2763 2511 et

384 2555 861 2638 antiquissimus
906 2558 1002 2620 est
1047 2564 1113 2619 et
1157 2554 1566 2620 fidelissimus
1613 2552 1825 2620 testis!
1899 2552 1989 2618 Ut
2032 2572 2160 2619 uno
2205 2551 2500 2636 exemplo
2544 2551 2763 2617 defun-

382 2680 532 2746 gar,
580 2658 779 2735 liber,
828 2680 954 2744 quo
994 2680 1121 2725 non
1159 2667 1255 2724 est
1291 2660 1455 2725 alius
1496 2660 1888 2725 emendatior
1924 2655 2130 2734 ullus,
2179 2657 2440 2723 exhibet
2480 2666 2559 2722 Θ.
2607 2656 2757 2722 505.

1010 2764 1078 2827 ἐκ
1126 2764 1334 2836 πόλιος
1381 2764 1431 2828 δ’
1489 2763 1735 2842 demae
1789 2765 1972 2841 βόας.
2244 2756 2254 2773 ’

378 2874 443 2934 et
491 2879 564 2932 Θ.
618 2867 768 2933 545.

1008 2975 1073 3039 ἐκ
1121 2974 1330 3047 πόλιος
1382 2974 1431 3038 δ’
1480 2974 1729 3050 ἄξΑντο
1776 2973 1960 3051 βόας.

376 3079 640 3144 barbara
701 3085 916 3144 tamen
974 3080 1128 3144 haec
1189 3100 1322 3146 esse
1385 3086 1630 3146 constat
1674 3100 1787 3164 pro
1833 3075 2077 3154 ἄξεσθε
2124 3083 2189 3141 et
2235 3073 2525 3152 ἄξοντο,
2572 3081 2648 3141 ut
2692 3083 2755 3142 et

378 3182 671 3270 analogia
711 3184 1101 3249 demonstrat
1138 3191 1202 3249 et
1238 3185 1593 3250 Aristarchi
1630 3185 2075 3251 testimonium
2112 3179 2362 3265 liquido
2398 3180 2746 3246 confirmat.

377 3285 548 3367 Quid
605 3285 883 3353 scribae?
967 3286 1042 3352 In
1101 3287 1355 3354 Scholio
1417 3289 1497 3354 ad
1559 3310 1653 3354 vs.
1719 3287 1872 3353 505.
1933 3295 2101 3352 recte
2161 3285 2488 3350 scribunt:
2549 3282 2639 3350 ὅτι
2684 3287 2747 3351 οὗ

374 3391 693 3469 μέλλοντα
752 3392 1036 3468 σημαίνει
1099 3392 1170 3457 τὸ
1215 3391 1497 3472 ἄξεσθε,
1560 3394 1670 3459 sed
1715 3393 1795 3458 ad
1843 3390 1994 3457 545.
2043 3394 2398 3455 immanem
2448 3391 2745 3456 barbaris—

374 3517 561 3561 mum
604 3516 755 3561 cum
798 3496 1061 3581 reliquis
1105 3499 1315 3563 verbis
1359 3504 1754 3585 pugnantem
1800 3500 2210 3566 invexerunt:
2274 3496 2346 3559 τὸ
2391 3493 2636 3571 demto
2676 3495 2741 3559 οὐ

374 3601 693 3680 μέλλοντα
762 3601 1066 3678 σημαίνει.
1152 3600 1578 3668 credemusne
1636 3605 1842 3689 igitur
1900 3603 2043 3665 istis
2104 3609 2186 3664 Ψ.
2254 3597 2409 3664 739.
2478 3599 2737 3664 δύσΛντο

374 3712 646 3786 χιτῶνας
694 3726 919 3770 sanum
967 3705 1135 3771 esse?
1201 3707 1472 3774 Perinde
1516 3708 1782 3774 barbara
1826 3712 1975 3771 sunt
2011 3702 2304 3780 ἊξΑντο
2353 3709 2420 3769 et
2458 3704 2735 3770 samm.

378 3808 618 3875 Δύσετο
664 3811 901 3895 passim
948 3810 1189 3898 legitur
1234 3819 1298 3879 et
1343 3814 1782 3878 dubitabimus
1826 3810 2106 3876 δύσοντο
2150 3808 2532 3888 rescribere,
2578 3830 2733 3895 prae-

377 3917 601 3982 sertim
659 3935 861 3998 quum
926 3914 1196 3982 samm
1259 3922 1490 3984 testem
1551 3915 1807 3981 nullum
1866 3916 2098 3982 habeat
2142 3916 2487 3999 antiquum
2505 3961 2522 3991 ‚
2582 3914 2735 4001 lega-

377 4026 605 4106 turque
665 4019 834 4104 apud
895 4018 1041 4085 iuos
1098 4021 1296 4098 solos,
1360 4025 1473 4106 qui
1518 4027 1582 4086 et
1627 4019 1861 4098 δέξασθε
1908 4027 1973 4085 et
2018 4018 2252 4096 ἄξαντο
2300 4018 2609 4084 dederunt
2648 4018 2737 4083 nil

376 4124 537 4190 mali
581 4126 989 4209 suspicantes.

469 4227 765 4298 Indicabo
822 4250 989 4294 nunc
1047 4251 1305 4295 versum
1365 4233 1722 4297 insiticium
1740 4280 1756 4309 ,
1827 4251 2019 4316 quem
2080 4229 2237 4295 olim
2308 4229 2737 4295 Aristarchum

378 4333 752 4415 expunxisse
797 4337 1078 4417 suspicor
1123 4336 1230 4400 sed
1275 4358 1441 4401 nunc
1489 4341 1723 4403 amissa
1769 4337 2120 4403 Aristarchi
2157 4338 2475 4400 sententia
2514 4340 2732 4399 temere
