2934 5050
374 284 508 351 240
1352 310 1778 360 manu-mnu.

373 476 758 543 conveniunt
825 499 975 543 cum
1043 480 1125 546 iis
1194 500 1355 567 quae
1414 483 1483 547 in
1544 481 1761 549 vincto
1822 481 2209 550 Ptometheo
2263 482 2613 548 invenimus
2670 502 2741 548 es

372 601 532 667 quae
593 581 759 650 lecta
803 584 1061 650 fuerunt
1115 588 1184 651 in
1230 585 1441 653 soluto
1485 585 1872 656 Prometheo
1891 638 1908 667 ‚
1972 589 2087 654 ubi
2131 586 2443 653 Titanum
2484 588 2557 654 ad
2592 585 2735 652 Pro-

368 688 704 755 metheum
749 690 943 758 verba
986 697 1196 759 erant:

1462 797 1888 880 Φοινικόπεδόν
1933 802 1993 865 τ’

919 901 1174 985 ἐρυθρᾶς
1220 905 1372 984 ἱερὸν
1414 910 1641 986 χεῦμα
1693 903 2030 981 θαλάσσης
2057 954 2076 984 ,

912 1010 1408 1091 χαλκοκέραυνόν
1453 1034 1526 1077 τε
1571 1014 1721 1093 παρ’
1760 1013 2052 1093 Ὠκεανῷ

915 1116 1146 1195 λίμναν
1192 1118 1618 1197 παντοτρόφον
1665 1119 1989 1205 Αἰθιόπων,

914 1220 988 1287 ἵν’
1034 1222 1062 1286 ὃ
1111 1222 1483 1298 παντόπτας
1527 1223 1741 1298 Ἤλιος
1789 1225 1886 1291 ἀεὶ

906 1331 1095 1408 χρῶτ’
1142 1328 1448 1395 ἀθάνατον
1495 1330 1784 1409 κάματόν
1833 1332 1882 1396 θ’
1930 1329 2134 1409 ἵππων

911 1435 1161 1513 θερμαῖς
1212 1434 1431 1509 ὕδατος

909 1545 1205 1619 μαλακοῦ
1252 1549 1551 1623 προχοαῖς
1592 1543 1928 1609 ἀναπαύει.

454 1644 600 1712 Hoc
654 1644 793 1713 loco
855 1647 1041 1725 λίμνη
1105 1647 1328 1714 eadem
1384 1652 1512 1726 est,
1578 1668 1739 1734 quae
1785 1650 1956 1725 ἡλίου
2003 1648 2210 1727 πηγαὶ
2256 1650 2333 1713 111
2370 1645 2723 1713 Prometheo

363 1754 581 1818 vincto
641 1774 736 1820 vs.
786 1750 941 1819 808.
1034 1753 1133 1819 Ex
1192 1754 1314 1821 hoc
1372 1753 1556 1834 lacu,
1621 1760 1698 1820 ut
1757 1753 2059 1822 credibile
2117 1759 2246 1833 est,
2311 1754 2439 1820 duo
2480 1751 2721 1819 flumina

364 1860 680 1947 originem
744 1858 986 1926 ducunt
999 1907 1017 1937 ‚
1082 1861 1314 1945 quibus
1378 1866 1668 1927 crescunt
1727 1867 1872 1927 tum
1930 1859 2121 1927 Nilus
2164 1866 2307 1925 tum
2353 1858 2563 1925 Indus.
2647 1856 2721 1923 Et

361 1985 582 2031 revera
626 1961 916 2031 Caerulei
961 1964 1098 2031 Nili
1145 1964 1321 2032 lacus
1366 1967 1505 2033 fons
1550 1972 1662 2033 est.
1735 1966 1942 2055 Regio
1990 1970 2087 2032 est
2122 1964 2443 2031 Kaseamfr
2457 2012 2474 2042 ‚
2514 1965 2581 2028 in
2614 1982 2721 2048 qua

361 2070 648 2135 Dekelum
712 2072 915 2137 oritur
974 2072 1087 2156 qui
1139 2073 1207 2136 in
1251 2071 1485 2138 Indum
1532 2071 1764 2138 influit.
1826 2070 2222 2140 Crediderim
2266 2069 2482 2136 Ἡλίου
2526 2068 2720 2147 νυγεὶς

362 2176 441 2242 ab
489 2175 807 2265 Aeschylo
851 2198 925 2243 eo
970 2176 1164 2244 fuisse
1209 2185 1503 2245 remotas.

1260 2284 1463 2349 Cetera
1508 2285 1737 2350 demut.

451 2386 602 2455 Alia
665 2386 966 2455 Kiehlius
1030 2389 1364 2455 additurus
1430 2395 1567 2457 erat
1633 2389 1710 2457 de
1769 2389 1878 2456 Ius
1939 2390 2253 2457 erroribus
2309 2391 2379 2453 in
2438 2383 2725 2473 Aeschyli

359 2492 771 2580 Supplicibus
785 2542 803 2573 ‚
852 2495 962 2562 sed
1007 2496 1138 2563 fato
1173 2496 1534 2582 prohibitus
1570 2495 1714 2562 fuit.
1786 2495 2106 2583 Equidem
2143 2490 2341 2561 eheu!
2390 2497 2529 2560 tam
2564 2512 2723 2580 prae

358 2599 527 2667 claro
608 2603 815 2668 amico
895 2603 1152 2668 orbatus
1175 2649 1193 2679 ,
1272 2604 1685 2688 potissimum
1754 2621 2159 2669 commoveor
2174 2648 2192 2678 ,
2263 2600 2423 2666 dum
2491 2601 2721 2687 cogito,

358 2706 525 2793 quod
572 2709 939 2794 saepissime
985 2707 1147 2774 facio
1162 2756 1180 2786 ,
1239 2728 1434 2794 quam
1470 2707 1664 2773 'bonus
1705 2707 1820 2775 ille
1861 2710 1966 2775 vir
2008 2708 2221 2773 fuerit.
2314 2704 2494 2772 Dum
2537 2709 2721 2770 verte·

354 2813 505 2879 bam
552 2812 1051 2898 disputationem
1096 2815 1510 2899 quantumvis
1555 2814 1999 2900 imperfectam
2017 2861 2034 2891 ‚
2084 2811 2463 2899 reputabam
2505 2811 2719 2883 etiam,

356 2938 549 3004 quam
608 2921 786 2986 varia
830 2923 894 2985 et
942 2924 1233 2985 accurata
1277 2921 1345 2984 111
1393 2939 1466 2984 00
1513 2920 1787 2983 doctrina
1832 2921 2086 2984 inesset.
2179 2916 2478 2983 LectOres
2521 2921 2717 2981 autem

354 3025 466 3109 qui
526 3023 863 3090 Kiehlium
923 3044 1048 3091 nou
1108 3026 1323 3110 ipsum
1385 3029 1819 3112 cognoverunt
1837 3073 1853 3102 ,
1917 3023 2323 3090 recordentur
2368 3020 2566 3088 velim
2605 3040 2714 3086 non

350 3129 506 3196 haec
551 3150 683 3195 esse
729 3130 809 3195 ab
852 3129 967 3196 ino
1014 3129 1217 3208 edita,
1265 3129 1372 3195 sed
1420 3129 1499 3200 de
1544 3132 1680 3217 ejus
1719 3129 1937 3196 funere
1974 3135 2175 3216 rapta.
2241 3126 2566 3213 Quidquid
2584 3125 2713 3192 vitii

354 3234 712 3301 dissertatio
755 3234 984 3313 habet,
1035 3255 1228 3320 quam
1263 3256 1386 3301 non
1409 3237 1781 3302 retractavit
1821 3241 1887 3301 et
1925 3233 2305 3321 perpolivit,
2355 3235 2413 3298 si
2451 3231 2710 3298 licuisset

354 3341 803 3409 emendaturus
867 3340 1093 3406 fuisset
1160 3343 1313 3426 ipse.
1410 3339 1533 3421 Qui
1603 3339 1941 3407 Kiehlium
2004 3344 2331 3415 amarunt,
2409 3343 2508 3404 sat
2562 3337 2701 3409 scio,

350 3449 521 3536 grati
590 3448 900 3531 accipient
966 3466 1128 3532 quae
1187 3465 1406 3511 eorum
1468 3448 1880 3532 potissimum
1942 3449 2010 3511 in
2072 3447 2353 3534 gratiam
2410 3439 2698 3527 descripsi-

351 3553 654 3638 Apposite
697 3554 875 3617 venit
917 3550 1084 3615 mihi
1122 3572 1290 3616 nunc
1330 3548 1556 3618 Cobeti
1591 3553 1660 3616 in
1696 3556 1982 3618 mentem
2002 3600 2020 3628 ,
2056 3553 2168 3637 qui
2205 3571 2442 3635 nuper,
2477 3548 2591 3614 hoc
2621 3549 2700 3610 est

351 3663 497 3724 ante
535 3659 884 3724 triennium
929 3656 1059 3722 fere
1073 3705 1091 3734 ,
1139 3677 1340 3742 quum
1388 3656 1625 3722 festum
1665 3656 1837 3722 diem
1878 3677 2029 3721 cum
2051 3655 2378 3723 veteribus
2401 3649 2697 3739 discipulis

350 3768 568 3851 ageret
610 3768 675 3846 et
720 3762 1058 3829 Kiehlium
1103 3761 1573 3842 συμποσίαρχον
1617 3782 1826 3828 creare
1870 3760 2100 3841 vellet,
2148 3764 2243 3827 ita
2289 3760 2491 3826 dixit:

711 3874 834 3942 πῶς
888 3868 962 3933 ἂν
1014 3867 1207 3936 ἔπειτ’
1257 3868 1550 3944 Ὀδυσῆος
1596 3869 1719 3947 ἐγὼ
1763 3868 1933 3934 θείοιο
1980 3869 2320 3945 λαθοίμην;

350 3997 473 4062 quo
519 3975 739 4042 audito
799 3995 1017 4041 omnes
1062 3976 1367 4042 convivae
1410 3976 1479 4040 in
1525 3974 1864 4041 Kiehlium
1912 3972 2128 4039 oculos
2174 3975 2612 4040 converterunt
2646 3969 2697 4030 et

347 4081 647 4167 plausum
693 4081 1022 4167 dederunt.

440 4187 713 4254 Plausus
756 4189 890 4254 iam
937 4187 1050 4252 diu
1094 4192 1191 4253 est
1236 4208 1314 4253 ex
1358 4207 1484 4272 quo
1531 4188 1872 4265 conticuit,
1922 4186 2218 4273 planctus
2262 4186 2573 4251 successit.

619 4306 1084 4374 Amstelodami
2092 4305 2157 4374 S.
2198 4308 2274 4372 A.
2324 4302 2620 4373 NABRR·

452 4410 512 4474 d.
563 4409 648 4472 14
693 4431 782 4474 m.
830 4411 1011 4475 Febr.
1064 4410 1258 4477 1874.
