2934 5050
298 257 385 320 56
1285 268 1692 315 ntscmuu

298 439 617 518 bendum,
663 438 876 524 Τρῳαί
914 446 978 504 et
1016 438 1221 521 Τρῳαὶ
1259 435 1435 504 ἵπποι
1458 489 1477 516 ,
1528 448 1592 503 et
1632 439 1850 520 Τρῳὰς
1888 437 2082 516 ςίχας
2121 444 2185 500 et
2224 442 2467 518 Τρῳῇσι
2507 432 2686 499 κυσίν

299 553 367 613 et
411 544 635 621 ἵππους
681 543 967 626 Τρῳούςῖ

391 651 575 717 Nunc
637 648 830 716 credo
883 649 1043 713 satis
1104 649 1491 735 intelligitur
1533 649 1685 735 quid
1735 651 1909 715 circa
1959 646 2138 712 πόλιν
2181 649 2399 729 Τροΐην
2450 645 2687 711 facien·

299 755 457 822 dum
521 777 661 823 esse
724 774 1042 821 censeam.
1165 755 1361 820 vetus
1425 760 1749 842 scriptura
1813 756 2006 821 etiam
2078 773 2249 818 nunc
2315 749 2686 835 παρεφθοίρη

302 862 421 927 ὑπὸ
490 869 608 928 τῶν
667 859 1453 942 μεταχαρακτηρισιέντων.
1563 861 1717 928 Erat
1782 868 2144 937 ΤΡΟῙΕΝ,
2216 860 2280 923 in
2339 879 2467 945 quo
2529 856 2691 923 latet

300 975 675 1034 Troum:
728 968 944 1052 itaque
993 967 1056 1030 in
1106 965 1336 1032 Iliados
1386 967 1524 1032 ioco
1569 967 2013 1032 scribendum:

668 1073 811 1154 δῷσι
859 1071 1037 1138 πόλιν
1083 1080 1143 1137 Τ
1159 1074 1353 1155 ρῳην
1400 1075 1709 1154 εὐτείχεον
1757 1070 2203 1150 ἐξαλαπάξαι.

304 1186 371 1245 et
416 1179 485 1244 in
534 1175 853 1265 Odyssea:

574 1284 703 1360 ἦτοι
749 1280 840 1349 ὅτ’
885 1283 1061 1364 ἀμφὶ
1108 1281 1289 1351 πόλιν
1332 1293 1393 1349 Τ
1410 1286 1604 1367 ρῳῆν
1646 1283 2036 1368 φραζοίμεθα
2079 1281 2322 1360 βουλάς
2345 1331 2363 1349 .

304 1388 418 1456 sed
466 1391 533 1454 in
580 1389 775 1455 tertio
822 1388 989 1455 loco:

489 1493 678 1562 πόλλ’
724 1491 813 1560 ὅσ’
860 1495 940 1560 ἂν
983 1494 1117 1562 οὐδέ
1163 1499 1301 1562 ποτ’
1347 1498 1417 1562 ἐκ
1462 1496 1681 1577 Τροίης
1727 1494 1972 1576 ἐξήρατ’
2018 1494 2358 1568 Ὀδυσσεύς

487 1600 655 1683 εἴπερ
702 1602 971 1679 ἀπήμων
1017 1596 1159 1676 ἦλθε
1205 1605 1426 1686 λαχὼν
1467 1604 1601 1669 ἀπὸ
1651 1601 1857 1677 ληΐδος
1902 1597 2121 1679 αἶσαν,

310 1725 663 1792 numquam
732 1708 1017 1794 patietur
1078 1708 1451 1774 Homericae
1491 1706 1995 1772 constructionis
2040 1708 2257 1773 nativa
2303 1706 2699 1793 simplicitas

310 1820 382 1877 ut
429 1813 649 1895 Τροΐης
693 1813 822 1878 ἀπὸ
859 1814 1062 1888 ληΐδος
1104 1815 1605 1898 coniungantur.
1699 1813 1900 1878 Βίαιον
1939 1813 2065 1893 γὰρ
2097 1811 2281 1879 τοῦτο’
2318 1838 2433 1892 γε,
2494 1812 2698 1877 nimis

307 1915 546 1983 durum
587 1925 651 1984 et
693 1927 989 1984 coactum
1030 1918 1149 1984 hoc
1191 1919 1449 2005 quidem
1488 1928 1626 1996 est,
1682 1928 1749 1983 ut
1792 1924 2039 1983 veteres
2062 1920 2285 1984 Critici
2311 1919 2692 2005 loquuntur.

401 2022 712 2090 Videmus
780 2024 981 2109 igitur
1045 2025 1255 2111 ipsum
1323 2024 1769 2091 Aristarchum
1820 2024 2214 2100 πλανηθέντα
2264 2025 2381 2089 ὑπὸ
2428 2033 2540 2100 τῆς
2587 2025 2694 2104 αἰρ-

306 2131 543 2209 χαῖκῆς
588 2130 946 2204 συνηθείας,
1012 2136 1076 2194 et
1129 2131 1288 2194 satis
1335 2138 1601 2217 apparet
1644 2129 1863 2209 Τροίην
1911 2150 2024 2215 pro
2071 2131 2281 2211 Τρῳῆν
2326 2133 2692 2215 scriptum,

309 2243 382 2299 ut
429 2235 746 2317 ἕπισχοῖες
799 2255 911 2321 pro
957 2235 1317 2317 ἐπισχοίης,
1363 2256 1501 2301 esse
1545 2242 1655 2309 τῆς
1703 2237 1980 2317 α’ρχαίας
2030 2245 2486 2317 γραμματικῆς
2526 2233 2591 2301 ἕν
2631 2259 2696 2301 τι

307 2339 414 2407 καὶ
462 2345 641 2407 τοῦτο
688 2347 806 2407 τῶν
854 2341 1407 2420 ὑπολελειμμένων.

401 2444 479 2512 Ut
525 2447 646 2511 sihi
695 2448 863 2512 inter
909 2466 977 2511 se
1026 2447 1411 2534 respondent
1457 2454 1661 2530 Τρῶες
1709 2457 1769 2513 et
1818 2448 2064 2530 Τρῳαί,
2128 2448 2223 2514 sic
2270 2456 2334 2514 et
2375 2449 2575 2527 δμῶες
2626 2453 2696 2513 et

304 2551 509 2634 δμῳαί
571 2553 721 2641 (non
787 2553 1045 2639 δμωαί).
1141 2553 1348 2620 Huius
1410 2555 1502 2620 rei
1566 2555 1632 2620 in
1690 2552 2099 2620 Editionihus
2147 2551 2388 2620 nostris
2429 2551 2695 2619 'nullum

302 2666 402 2724 est
465 2660 808 2744 vestigium
875 2658 984 2725 sed
1036 2659 1279 2745 liquido
1326 2669 1579 2725 constat
1629 2661 1910 2745 primuni
1958 2679 2036 2725 ex
2086 2659 2408 2744 analogia:
2468 2661 2691 2740 Τρώς,

302 2762 531 2845 Τρῶἵος
598 2764 852 2853 (Τρῳάς)
892 2774 980 2831 .et
1044 2767 1139 2830 sic
1199 2765 1411 2847 Τρῳαί
1472 2774 1535 2831 et
1593 2763 1814 2831 eodem
1865 2764 2054 2830 modo
2100 2766 2303 2844 δμώς,
2352 2765 2576 2843 δμώῖος
2625 2774 2694 2831 et

305 2869 400 2936 sic
447 2870 650 2951 δμῳαί
664 2893 681 2938 :
728 2869 958 2937 deinde
1005 2890 1083 2937 ex
1130 2870 1393 2937 disertis
1439 2868 1799 2936 Aristarchi
1853 2871 2261 2937 testimoniis.
2347 2869 2441 2936 Ad
2486 2869 2694 2959 Odys·

307 2994 483 3043 seam
530 2982 612 3041 T.
668 2980 816 3041 121.

845 3082 937 3162 μή
982 3083 1080 3157 τίς
1126 3105 1229 3161 μοι
1274 3082 1486 3161 δμωῶν
1533 3084 1977 3160 νεμεσήσεται.

303 3193 684 3255 annotatur:
733 3186 1042 3265 δμωιῶν
1087 3188 1197 3253 σὺν
1236 3191 1319 3269 τῷ
1367 3190 1521 3253 ἰῶτα
1568 3189 1670 3252 καὶ
1716 3186 2225 3269 περισπωμένως,
2274 3189 2533 3265 θηλυκὸν
2559 3189 2690 3273 γάρ

306 3294 459 3363 ἕςιν.
509 3289 695 3365 οὕτως
741 3294 1110 3374 Ἀρίςαρχος
1158 3293 1263 3359 καὶ
1311 3290 1705 3374 Ἡρωδιανός,
1757 3302 1819 3358 et
1876 3291 1955 3358 ad
2003 3293 2190 3360 Iliad.
2244 3303 2327 3361 T.
2382 3302 2542 3363 552.

531 3406 744 3474 κτῆσιν
789 3399 941 3477 ἐμὴν
989 3398 1200 3478 δμῶάς
1245 3423 1316 3464 τε
1364 3399 1469 3464 καὶ
1520 3399 1824 3480 ὑψερεφὲς
1868 3400 2050 3477 μέγα
2095 3399 2297 3479 δῶμα.

398 3503 739 3571 Scholion:
818 3503 1005 3577 οὕτως
1074 3506 1439 3587 Ἀρίςαρχος
1503 3506 1778 3583 δμῶας
1841 3503 1954 3582 ἔξω
2017 3510 2125 3572 τοῦ
2187 3507 2381 3572 ίῶτα.
2458 3506 2522 3572 id
2591 3516 2692 3574 cst

309 3611 564 3690 »δμῶας
616 3631 854 3690 servos,
910 3631 1029 3676 non
1080 3609 1292 3693 δμῳάς
1341 3631 1552 3676 servas
1602 3610 2017 3678 Aristarchus
2065 3613 2361 3678 scrihit.”
2437 3612 2693 3679 Diserte

307 3718 374 3784 in
425 3718 746 3784 Marciano
791 3729 858 3783 B.
907 3718 1153 3795 δμῶαςε
1221 3719 1543 3800 ἀρσενικῶς
1591 3716 1662 3781 τὸ
1711 3716 2011 3795 δμῶας.
2077 3719 2575 3786 συνυπακούεται
2627 3719 2691 3785 δὲ

305 3825 473 3905 αὐτῷ
522 3824 629 3890 καὶ
676 3823 747 3888 τὸ
795 3822 1069 3900 θηλυκόν.

398 3929 617 3995 uultis
663 3928 807 3994 aliis
854 3927 1008 3994 locis
1050 3931 1121 3996 τὸ
1168 3929 1783 4010 παραγεγραμμένον
1824 3931 2020 4009 ἰῶτα,
2089 3931 2238 4014 quia
2285 3939 2435 3997 ante
2484 3931 2692 3999 multa

308 4035 563 4102 saecula
625 4035 903 4101 desitum
954 4045 1091 4102 erat
1138 4035 1365 4111 scribi,
1429 4054 1696 4122 prorsus
1746 4034 2114 4114 intercidit,
2167 4037 2275 4102 sed
2329 4040 2569 4124 partim
2616 4060 2693 4105 ex

306 4141 630 4226 analogia,
666 4142 899 4228 partim
928 4150 1217 4209 veterum
1246 4141 1634 4207 criticorum
1662 4144 2083 4221 auctoritate,
2113 4145 2348 4230 partim
2377 4145 2690 4213 Codicum

306 4247 912 4334 antiquissimorum
954 4247 1210 4313 indiciis
1230 4256 1340 4312 aut
1369 4246 1497 4312 iam
1530 4257 1895 4313 revocatum
1923 4257 2022 4315 est
2047 4257 2161 4314 aut
2184 4259 2362 4317 certa
2387 4254 2692 4320 emenda-

309 4353 482 4421 tione
505 4351 850 4440 aliquando
873 4350 1283 4422 revocabitur
1303 4400 1321 4429 ‚
1372 4351 1449 4418 de
1476 4370 1602 4438 qua
1631 4371 1699 4420 re
1724 4352 1893 4419 infra
1917 4351 2179 4422 dabitur
2201 4353 2459 4424 dicendi
2485 4357 2688 4427 locus.
