2934 5050
984 291 1074 339 An
1117 289 1384 340 eroum
1429 288 1881 338 rnosmsewu.
2500 270 2628 336 441

247 462 541 551 reliquiis
597 462 832 531 veteris
889 462 1238 546 scripturae
1298 462 1454 526 satis
1514 456 2058 526 accommodatam
2120 462 2221 523 est
2276 461 2342 524 et
2386 459 2457 524 in
2503 457 2633 526 alia

248 591 325 637 re
368 569 582 635 sedem
624 567 841 634 habet.

346 778 556 860 Quam
620 781 877 843 vetusta
942 777 1176 842 menda
1235 774 1578 842 Codieibus
1642 776 1874 840 nostris
1944 772 2324 840 inoleverint
2391 778 2634 861 passim

247 882 567 950 Stobaeus
609 881 889 947 declarat
910 926 928 959 ,
992 883 1106 966 qui
1149 883 1215 946 in
1263 881 1397 946 suis
1439 878 1625 944 libris
1671 877 1832 944 olim
1875 880 2155 964 repperit
2200 879 2423 945 eadem
2467 881 2633 946 vitia

252 1008 418 1074 quae
477 1007 646 1052 nunc
708 991 1072 1070 comparent
1131 987 1198 1049 in
1259 987 1511 1050 nostris.
1595 984 1671 1048 In
1732 982 1953 1048 Floril.
2020 982 2183 1061 100,
2243 982 2332 1049 28
2379 984 2637 1049 affertur

254 1112 338 1158 ex
379 1091 668 1158 Platonis
712 1090 1005 1177 Syr-potio
1055 1088 1226 1178 (pag.
1282 1087 1431 1155 185.
1477 1091 1571 1176 Β.)
1619 1089 1837 1168 λαβών
1884 1112 1945 1154 τι
1984 1093 2248 1155 τοιοῦτον
2278 1085 2375 1169 οἵῳ
2416 1086 2632 1162 ΚΙΝῆ·

251 1220 396 1270 cmc
461 1195 538 1262 ἂν
596 1197 709 1270 τὴν
762 1200 897 1276 ῥῖνα
959 1195 1182 1275 πτάρε.
1255 1195 1625 1260 Absurdum
1671 1199 1767 1261 est
1813 1194 2086 1279 κινήσαις
2132 1214 2247 1279 pro
2294 1195 2630 1271 ΚΝήο-αις,

252 1323 482 1368 movere
540 1321 770 1366 nasum
827 1319 943 1386 pro
997 1299 1277 1364 titillare.
1345 1300 1501 1365 Erat
1547 1304 1765 1365 tamen
1807 1320 1881 1365 ea
1922 1298 2098 1366 labes
2142 1301 2214 1364 in
2257 1297 2441 1364 libris
2487 1302 2635 1364 ante

253 1406 468 1474 multa
511 1405 764 1472 saecula
804 1424 1000 1491 quam
1042 1406 1246 1470 nostri
1291 1401 1556 1471 Codices
1602 1406 1826 1489 scripti
1870 1409 2042 1470 sunt.

348 1615 628 1684 Mirifica
670 1620 737 1682 et
778 1615 1025 1682 ludicra
1066 1616 1349 1682 confusio
1395 1618 1677 1682 cernitur
1724 1614 1855 1682 103
1874 1663 1892 1694 ‚
1955 1614 2061 1681 14.
2107 1617 2177 1681 in
2219 1616 2321 1682 his
2365 1619 2638 1702 quatuor

257 1720 639 1792 versiculis:

577 1825 671 1901 εἴη
716 1848 821 1904 μοι
866 1831 1232 1893 πλουτοῦντι
1279 1831 1481 1892 κακῶν
1528 1825 1840 1907 ἀπάτερθε
1886 1824 2221 1908 μεριμνέων

673 1928 839 2010 ζώειν
885 1929 1232 2008 ἀβλαβέως
1277 1932 1466 2010 μηδὲν
1510 1931 1720 2012 ἔχοντι
1767 1931 1976 1997 κακόν.

580 2036 687 2101 οὐκ
729 2034 959 2117 ἔραμαι
1008 2046 1301 2102 πλουτεῖν
1349 2037 1472 2103 οὐδ’
1518 2036 1827 2119 εὔχομαι,
1876 2035 2053 2102 ἄλλα
2099 2059 2203 2116 μοι
2243 2034 2334 2111 εἴη

665 2140 769 2220 ζῆν
817 2141 944 2206 ἀπὸ
992 2148 1111 2206 τῶν
1156 2142 1381 2221 ὀλίγων
1425 2141 1613 2220 μηδὲν
1662 2141 1871 2223 ἔχοντι
1919 2141 2128 2207 κακόν.

259 2235 491 2332 nempe
541 2246 815 2312 duorum
856 2252 1190 2332 poetarum
1233 2248 1389 2313 haec
1435 2253 1619 2325 sunt,
1668 2266 1941 2333 quorum
1987 2248 2160 2332 prior
2204 2252 2302 2313 est
2346 2249 2647 2333 antiquus

262 2358 328 2418 et
389 2355 609 2441 gravis
625 2399 642 2430 ,
708 2350 870 2417 alter
912 2354 1222 2418 recentior
1264 2354 1502 2416 veteris
1547 2356 1769 2437 poetae
1814 2354 2197 2417 sententiam
2241 2353 2533 2420 deridens
2581 2358 2649 2419 et

259 2459 552 2542 παρῳδῶν
616 2456 1001 2543 obloquitur.
1081 2455 1279 2522 Vetus
1326 2461 1544 2522 cantor
1587 2456 1814 2545 lingua
1858 2456 2057 2544 Epica
2098 2478 2273 2539 usus,
2299 2461 2645 2526 cecinerat:

628 2562 720 2638 εἴη
769 2586 871 2642 μοι
918 2567 1282 2628 πλουτεῦντι
1332 2552 1522 2627 καιοὸν
1568 2562 1878 2642 ἀπάτερθε
1926 2565 2260 2644 μεριμνέων

718 2666 884 2751 ζώειν
930 2667 1278 2748 ἀβλαβέως
1325 2667 1515 2746 μηδὲν
1568 2667 1777 2749 ἔχοντι
1823 2666 2032 2733 κακόν.

264 2777 371 2841 cui
416 2776 649 2841 occinit
694 2772 858 2838 alter
897 2771 1191 2859 populari
1237 2789 1562 2838 sermone:

535 2879 643 2944 οὐκ
689 2875 915 2959 ἔραμαι
963 2884 1253 2944 πλουτεῖν
1298 2876 1421 2942 οὐδ’
1469 2875 1784 2956 εὔχομαι,
1828 2872 2006 2941 οὶλλοὶ
2049 2898 2153 2955 μοι
2200 2875 2292 2952 εἴη

627 2984 736 3064 ζῆν
780 2982 908 3047 ἀπὸ
953 2988 1072 3048 τῶν
1115 2982 1341 3059 ὀλίγων
1385 2981 1575 3059 μηδὲν
1619 2979 1825 3062 ἔχοντι
1875 2980 2084 3046 κακόν.

353 3087 533 3155 Haec
591 3108 760 3153 nunc
820 3090 1001 3173 quasi
1060 3091 1268 3153 essent
1325 3087 1519 3151 unius
1578 3089 1800 3170 poetae
1852 3089 1917 3151 et
1960 3086 2247 3153 eiusdem
2294 3090 2644 3157 sententiae

263 3198 476 3280 partes
519 3213 651 3259 uno
692 3198 907 3258 tenore
949 3193 1286 3258 coniuncta
1327 3190 1654 3278 leguntur.

356 3406 438 3472 In
495 3404 896 3493 Eurypharni
953 3403 1349 3493 Pythagorei
1406 3403 1768 3491 fragmento
1838 3399 2002 3481 103,
2065 3398 2175 3469 27.
2240 3402 2311 3467 τὸ
2356 3404 2474 3483 μὲν
2515 3404 2644 3486 γὰρ

267 3510 436 3587 λόγω
481 3508 829 3582 τυπωπικὸς
879 3505 1029 3587 ἦμεν
1055 3547 1143 3558 -
1165 3508 1270 3573 καὶ
1319 3509 1390 3574 τὸ
1436 3508 1658 3587 &ponc
1706 3504 1834 3572 ἀπὸ
1880 3511 2008 3584 γᾶς
2051 3507 2496 3573 ἄνακεκλίσθαι
2535 3508 2642 3573 καὶ

269 3616 331 3688 ἐς
387 3613 491 3680 τὸν
535 3613 776 3696 οὐρανὸν
820 3612 1219 3692 ἀποβλέπεν,
1279 3613 1621 3679 manifesto
1667 3613 2014 3698 requiritur
2061 3612 2303 3694 ὀρθοῦ,
2366 3634 2644 3700 namque

268 3721 297 3786 ὃ
360 3717 660 3801 ἄνθρωπος
724 3718 881 3799 ὀρθὸς
927 3718 1055 3785 ἀπὸ
1101 3723 1230 3797 γᾶς
1279 3717 1685 3783 α’νακέκλιται
1735 3718 1889 3803 quid
1934 3720 2021 3783 sit
2066 3720 2474 3803 perspicuum
2511 3725 2644 3785 est:

268 3847 334 3891 oe
375 3826 602 3890 bomini
642 3825 890 3889 nblime
931 3825 1098 3890 dedit
1140 3824 1472 3908 coelumque
1517 3822 1675 3886 tueri
1720 3822 1916 3887 iussit.

357 3930 514 3995 Post
557 3949 758 4015 pauca
802 3930 1046 3995 editur:
1104 3927 1390 4005 ὀνόματα
1435 3928 1551 4007 μὲν
1588 3929 1904 3992 ’ΈΘΗΚΕ
1949 3935 2075 4000 τοῖς
2123 3924 2498 4008 πράγμασι,
2548 3951 2643 3995 re·

267 4037 453 4121 quiro
499 4034 759 4111 ἐθήκατο
776 4081 795 4111 ,
852 4037 1004 4120 quia
1035 4028 1286 4098 ‘nomina
1331 4033 1626 4116 imponere
1668 4034 1840 4097 rebus
1885 4030 2125 4099 Graece
2170 4037 2351 4098 sonat
2396 4054 2647 4120 semper

269 4139 548 4216 ὀνόματα
593 4139 903 4215 τίθεσθαι,
953 4159 1077 4204 non
1121 4137 1368 4204 τιθέναι.

357 4244 713 4311 Barbarum
772 4249 870 4310 est
928 4250 997 4308 in
1041 4264 1180 4329 sqq.
1229 4241 1740 4334 ὄρθοπλοουμένας
1789 4247 1907 4315 τοῖς
1956 4245 2203 4323 ἀρετᾶς.
2254 4244 2647 4326 Ὀρθοπλοεῒν

268 4347 425 4434 quid
486 4350 573 4415 sit
632 4340 932 4433 novimus
977 4353 1043 4413 et
1087 4350 1368 4414 εὐπλοεῖν
1386 4395 1404 4428 ,
1451 4353 1517 4414 et
1560 4348 1804 4436 legitur
1848 4354 2194 4436 utrumque
2239 4351 2308 4416 in
2352 4351 2473 4418 hoo
2508 4348 2649 4438 ipso
