2934 5050
971 308 1354 356 rainotoeicn
1403 310 1478 357 ετ
1522 310 1775 359 cumea,
2436 290 2563 357 129

219 483 306 541 est
350 483 597 563 propter
641 476 908 543 lacunas
954 484 1018 543 et
1066 474 1398 544 lacunulas
1447 478 1811 545 inconsulto
1855 498 1929 544 ac
1979 485 2221 545 temere
2266 498 2304 545 a
2343 478 2563 549 sciolis

220 580 510 668 expletaS,
561 592 631 647 ut
682 580 938 648 Stobaei
986 581 1428 668 Florilegium.
1527 584 1598 649 ln
1659 582 2026 649 huiusmodi
2076 583 2310 651 mendo
2359 586 2445 651 nil
2498 596 2560 653 te

220 684 428 752 ductus
472 685 810 753 literarum
862 686 1208 765 iuvabunt,
1259 707 1538 775 namque
1586 689 1837 756 interiit
1891 689 2215 775 scriptura
2264 701 2447 758 vetus
2493 699 2560 758 et

219 790 551 879 suppletum
601 801 711 859 est
741 791 908 879 quod
957 792 1154 858 sciolo
1196 794 1495 882 imperito
1533 801 1597 861 et
1644 793 1900 860 indocto
1949 795 2011 859 in
2056 795 2327 862 buccam
2358 796 2556 863 venit.

219 895 413 984 ltaque
457 905 568 965 aut
617 896 696 964 de
743 917 893 963 vera
940 897 1211 964 lectione
1258 899 1635 985 reperienda
1684 898 2155 987 desperandum
2197 907 2299 967 est
2337 910 2452 968 aut
2480 922 2558 968 ex

219 1003 332 1089 ipso
359 1005 713 1070 sententiae
751 1002 952 1069 fundo
995 1002 1058 1069 id
1098 1002 1265 1090 quod
1317 1006 1510 1091 periit
1554 1005 1938 1072 eruendum.
2004 1003 2311 1091 Superest
2342 1015 2560 1073 ANA-

219 1118 540 1176 ΚΡΕΩΝΗ
566 1130 583 1174 ε
608 1132 623 1175 :
653 1134 668 1177 :
695 1130 710 1174 ε
738 1131 753 1174 :
782 1132 796 1174 ε
825 1130 840 1173 :
868 1131 882 1174 2
911 1130 925 1174 :
953 1133 968 1176 ε
998 1132 1012 1174 :
1041 1118 1611 1177 HAPXIAOXOC.
1681 1110 1841 1192 Quis
1879 1118 2064 1198 poeta
2113 1111 2180 1176 in
2218 1131 2288 1179 ea
2326 1111 2559 1179 lacuna

215 1211 381 1280 latet?
447 1213 693 1282 Nobilis
755 1223 896 1294 est,
952 1216 1260 1302 antiquus
1306 1225 1436 1294 est,
1476 1224 1541 1282 et
1589 1225 1803 1283 tamen
1855 1217 1932 1282 ob
1977 1216 2174 1282 vitam
2228 1223 2292 1283 et
2343 1237 2556 1283 mores

215 1317 627 1387 fastidiendus.
724 1321 937 1388 Unum
985 1320 1189 1387 solum
1235 1322 1381 1386 novi
1428 1321 1725 1409 equidem
1776 1322 1840 1387 in
1893 1340 2081 1407 quem
2134 1320 2290 1388 haec
2338 1324 2554 1389 omnia

215 1424 443 1492 cadant:
489 1427 707 1513 itaque
747 1425 1175 1513 suppleverim
1203 1427 1541 1508 Ἀνακρέων
1581 1428 2043 1505 ἣΙΠΠΩΝΑΞ
2084 1426 2119 1503 ἢ
2153 1427 2554 1511 ’Λρχίλοχος.

214 1529 450 1619 Saepius
491 1532 821 1618 Hipponax
864 1540 928 1597 et
979 1529 1403 1597 Archilochus
1450 1533 1959 1620 coniunguntur.
2054 1530 2438 1599 Plutarchus
2486 1535 2552 1600 in

210 1634 532 1705 Commeat.
559 1635 640 1702 ad
662 1637 1007 1703 Hesiodum
1033 1636 1117 1725 (p.
1145 1640 1254 1713 22,
1283 1642 1324 1704 6
1352 1638 1417 1702 in
1444 1637 1731 1725 Fragm.)
1753 1639 1855 1704 τὸν
1880 1635 1995 1716 μὲν
2017 1634 2145 1718 γὰρ
2170 1637 2552 1720 Ἀρχίλοχον

207 1742 411 1807 καὶτὸν
443 1744 845 1809 Ἱππώνακτα
867 1742 1300 1826 βλασφημίας
1340 1741 1715 1825 συγγροὶψαι
1753 1742 1925 1810 κατὰ
1964 1749 2083 1809 τῶν
2119 1741 2546 1818 λυπησοὶντων.

206 1844 353 1931 Ergo
395 1867 467 1914 ex
533 1846 723 1934 longo
769 1848 960 1915 exilio
1020 1849 1337 1927 Ἱππῶναξ
1383 1848 1446 1912 ἰη
1516 1849 1853 1935 pristinam
1918 1846 2134 1914 sedem
2197 1846 2550 1914 reducatur

204 1970 442 2033 censeo,
502 1962 568 2020 et
624 1954 717 2020 sic
767 1954 1129 2020 rectissime
1175 1951 1474 2020 additur:
1542 1956 1607 2019 οὐ
1661 1954 1788 2033 γὰρ
1848 1954 2198 2031 ἀναγκαῖον
2242 1954 2292 2018 εἰ
2340 1952 2547 2036 τέρπει

203 2056 268 2123 τὸ
317 2057 483 2141 ἔργον
527 2062 606 2135 ὥς
665 2057 884 2144 χάριεν
931 2058 1099 2140 ἄξιον
1146 2060 1409 2135 σπουδῆς
1454 2055 1610 2126 εἶναι
1656 2058 1761 2125 τὸν
1804 2058 2226 2141 εἰργασμένον.

271 2269 410 2357 Cap.
457 2277 518 2338 ὅ.
568 2270 597 2335 ὃ
646 2270 708 2337 δὲ
771 2273 1022 2347 ποιητὴς
1070 2274 1213 2338 Ἴων
1252 2271 1408 2354 φησὶ
1453 2278 1599 2344 ταῖς
1645 2273 1751 2335 τοῦ
1797 2269 2157 2351 Περικλέους
2203 2285 2540 2351 μεγαλαυ-

195 2375 349 2455 χίαις
395 2378 630 2452 πολλὴν
672 2379 1004 2460 ὑπεροψίαν
1051 2378 1490 2457 ἀναμεμῖχθαι
1527 2375 1631 2441 καὶ
1671 2375 2094 2459 περιφρόνησιν
2139 2382 2257 2443 τῶν
2296 2374 2537 2443 ἄλλων·

194 2480 414 2550 ἐπαινεῖ
450 2483 514 2552 δὲ
560 2483 630 2550 τὸ
675 2484 944 2564 Κίμωνος
985 2484 1256 2564 ἐμμελὲς
1291 2482 1397 2549 καὶ
1442 2480 1619 2564 ὑγρὸν
1655 2481 1761 2548 καὶ
1802 2481 2270 2563 μεμουσωμένον
2309 2483 2370 2549 έν
2391 2491 2535 2561 ταῖς

193 2594 545 2672 περιφοραῖς.
642 2589 896 2657 Excidit
942 2591 1007 2655 in
1059 2589 1282 2655 ultimo
1324 2587 1518 2654 verbo
1559 2589 1913 2653 necessaria
1953 2588 2341 2675 praepositio
2378 2589 2534 2654 scri-

193 2687 576 2782 bendumque
645 2697 708 2761 έν
776 2704 916 2770 ταῖς
968 2705 1069 2761 CT
1075 2700 1528 2777 Μπεριφοραῖς.
1624 2692 2005 2778 Pes-vulgato
2063 2713 2184 2759 usu
2234 2718 2537 2777 συμπερι-

191 2797 460 2880 Φέρεσθαί
517 2824 630 2867 τινι
695 2808 793 2867 est
852 2801 938 2867 ita
989 2802 1085 2867 uti
1150 2801 1427 2866 alicuius
1474 2796 1940 2865 consuetudine
1985 2807 2050 2865 et
2095 2797 2537 2867 familiaritate

193 2910 252 2967 ut
311 2905 371 2970 ei
435 2914 499 2972 te
555 2905 998 2972 accommodes
1056 2915 1119 2972 et
1183 2923 1667 2990 nonnumquam
1733 2901 2022 2968 nonnihil
2092 2901 2424 2990 indulgeas
2472 2913 2537 2970 et

191 3005 516 3096 obsequare
540 3060 557 3090 ,
611 3012 698 3077 ila
731 3013 821 3077 uti
859 3012 1029 3078 inter
1066 3010 1357 3077 homines
1396 3009 1679 3075 urbanos
1703 3015 1767 3073 et
1793 3006 2217 3092 elegantiores
2240 3007 2380 3075 fieri
2397 3029 2536 3075 mos

190 3122 303 3191 est,
348 3125 410 3182 et
455 3118 803 3203 opponitur
849 3118 905 3182 ei
957 3120 992 3194 ἦ
1040 3123 1157 3182 τῶν
1199 3114 1823 3198 μεγαλαυχουμένων
1870 3112 2173 3195 ὑπεροψία
2220 3110 2323 3178 καὶ
2371 3137 2535 3195 περι·

193 3219 451 3301 Φρόνησις
494 3229 612 3288 τῶν
670 3219 913 3299 ἄλλων,
960 3238 1126 3308 quae
1174 3222 1364 3288 etiam
1431 3221 1498 3286 in
1549 3239 1784 3306 magno
1832 3219 1969 3283 viro
2017 3217 2236 3284 liberis
2284 3218 2537 3285 civibus

198 3326 547 3407 permolesta
595 3336 660 3393 et
708 3325 923 3393 odiosa
970 3325 1226 3393 accidit.
1321 3324 1871 3409 Quemadmodum
1923 3324 2125 3410 igitur
2173 3321 2362 3390 hodie
2411 3344 2533 3390 non

199 3434 405 3498 versari
451 3431 560 3498 sed
611 3434 968 3499 conversari
1013 3452 1163 3499 cum
1213 3431 1428 3517 aliquo
1468 3429 1780 3508 dicimur,
1827 3430 1923 3496 sic
1967 3429 2208 3496 Graece
2245 3437 2541 3494 constan·

202 3543 281 3598 ter
323 3558 440 3604 non
490 3538 959 3621 περιφέρεσθαι,
1009 3537 1117 3604 sed
1160 3536 1718 3619 συμπεριφέρεσθαι
1760 3542 1825 3602 et
1865 3532 2295 3616 συμπεριφοροὶ
2331 3531 2540 3620 appel·

203 3635 365 3710 latur.
461 3643 667 3710 Sensu
720 3642 825 3708 illo
872 3641 1307 3729 metaphorico
1366 3643 1605 3729 passim
1667 3640 1836 3728 apud
1886 3640 2213 3727 aequiores
2265 3637 2539 3724 legitur,

204 3747 341 3829 apud
378 3758 627 3816 veteres
664 3746 859 3814 semel
894 3746 1051 3813 mihi
1095 3747 1331 3814 lectum
1375 3746 1543 3833 apud
1595 3745 1974 3813 Aeschinem
2012 3744 2088 3810 de
2112 3741 2288 3808 Fals.
2320 3741 2540 3830 Leqat.

207 3849 235 3931 S
280 3857 424 3933 171,
474 3853 605 3920 ubi:
657 3874 900 3920 necesse
946 3862 1069 3931 est,
1135 3853 1380 3940 inquit,
1440 3853 1531 3917 ita
1590 3873 1722 3918 sese
1782 3859 1839 3917 et
1885 3850 2079 3916 civem
2125 3857 2183 3913 et
2229 3848 2540 3915 civitatem

209 3958 568 4044 temporibus
608 3957 1094 4025 accommodare
1132 3968 1200 4024 ut
1238 3967 1328 4024 est
1365 3957 1645 4023 maxime
1683 3978 1716 4021 c
1749 3956 2109 4043 republica.-
2157 3961 2284 4026 τοῖς
2314 3961 2540 4035 καιροῖς

208 4058 420 4143 &dnn
488 4064 1050 4150 συμπεριφέρεσθαι
1130 4063 1274 4147 πρὸς
1349 4063 1420 4130 τὸ
1483 4061 1768 4145 ‚epatris-ov
1845 4061 1950 4127 καὶ
2012 4061 2117 4126 τὸν
2181 4056 2369 4142 ἄνδρα
2436 4058 2542 4124 καὶ

209 4165 295 4240 ’ΐῆν
331 4170 521 4239 πόλιν.

286 4375 427 4452 lbid.
477 4400 620 4470 cap.
673 4386 735 4463 ὅ,
763 4380 988 4446 vitiose
1027 4376 1244 4446 editur
1291 4376 1701 4458 δοξοκομπίαν
1729 4383 1795 4443 et
1837 4375 2265 4528 δοξοκομπεΐνὸ
2324 4374 2553 4461 Magna
