2934 5050
364 245 497 314 238
1335 272 1763 329 rama-Anu.

778 444 1024 521 γρῦπας
1072 439 1365 523 oannem
1391 493 1406 518 ‚
1454 442 1560 509 τόν
1604 467 1676 508 τε
1718 447 2012 519 μουνῶπα
2056 442 2287 520 ςρατόν

757 547 1146 625 Ἀριμασπὸν
1192 548 1606 629 ἱπποβάμονα

458 652 672 719 Meras
740 650 990 719 fabulas
1048 655 1205 719 istas
1267 676 1400 721 esse
1459 659 1693 741 putant
1756 651 1985 723 Graeci
2046 655 2389 739 scriptores
2431 652 2547 719 sed
2599 652 2767 719 unde
2848 720 2849 725 ,

370 760 686 847 originem
753 756 1021 836 ducant,
1087 780 1166 825 ne
1225 762 1629 846 suspicantur
1685 758 1964 845 quidem.
2059 757 2323 831 Scilicet
2380 758 2461 827 ad
2506 757 2769 824 ludim
2848 758 2849 761 ’

370 865 588 930 01111118
623 862 945 929 referenda
983 870 1166 942 sunt,
1208 886 1517 952 saepeque
1555 864 1965 953 Megastheni
2003 868 2068 930 et
2101 866 2227 950 ipsi
2249 863 2408 933 adeo
2429 861 2771 931 Herodoto

369 967 525 1035 fides
563 968 875 1058 denegata
909 969 1036 1036 fuit
1050 1017 1069 1048 ,
1118 970 1316 1037 donec
1351 977 1568 1043 nostra
1604 970 1871 1039 demum
1908 975 2116 1043 aetate
2151 969 2569 1045 intellectum
2609 967 2768 1043 fuit,

368 1074 538 1141 unde
596 1076 758 1141 istae
817 1073 1071 1142 fabulae
1114 1080 1301 1142 natae
1346 1078 1496 1142 sint.
1590 1075 1786 1149 Ridet
1830 1074 2061 1145 Strabo
2106 1074 2157 1143 L
2208 1073 2447 1162 73(43)
2505 1079 2581 1147 et
2630 1069 2769 1138 VII.

369 1178 502 1245 299
544 1178 849 1267 Aeschyli
885 1179 1357 1261 Κυνοκεφῶλους
1396 1182 1503 1247 καὶ
1545 1182 2101 1262 Στερνοφθῶλμους
2125 1183 2231 1247 καὶ
2258 1178 2771 1259 Μονομμάτοικ·

368 1285 536 1352 ridet
579 1285 752 1352 idem
814 1284 1306 1373 Megasthenem
1351 1286 1415 1353 H
1464 1286 1551 1354 70
1569 1335 1587 1365 ,
1638 1289 1750 1373 qui
1793 1291 2150 1357 mentiatur
2209 1289 2280 1357 in
2339 1284 2534 1353 India
2600 1306 2770 1362 μονο-

368 1391 698 1474 φθάλμους
745 1411 898 1457 esse.
962 1388 1268 1458 Concedit
1310 1397 1527 1463 tamen
1572 1392 1746 1459 idem
1790 1391 2020 1465 Strabo
2055 1393 2559 1482 Megasthenem
2600 1390 2771 1477 leg-a·

369 1504 514 1564 tum
569 1499 817 1565 venisse
860 1496 941 1563 ad
977 1518 1201 1587 reg-em
1242 1495 1735 1565 Sandracottum
1772 1499 2383 1583 (Tebandraqvwm)
2422 1500 2495 1565 in
2535 1495 2772 1562 urbem

370 1601 816 1669 Palimbothra
859 1603 1378 1687 (Patabzputram).
1425 1601 1703 1671 Unoculi
1717 1652 1734 1683 ‚
1782 1605 1992 1671 indice
2030 1603 2376 1682 adh-telae,
2402 1620 2769 1670 memoran-

369 1715 477 1774 tur
521 1710 590 1773 in
634 1709 1023 1774 carminibus
1067 1708 1332 1787 Indicis,
1380 1708 1749 1796 Harivanca
1795 1708 1976 1775 9540
2017 1730 2151 1796 sqq.
2191 1714 2256 1775 et
2288 1707 2775 1775 Mahabharm

371 1813 485 1880 ΠΙ.
536 1809 777 1881 16137.
826 1810 993 1879 Sunt
1037 1834 1288 1900 quoque
1331 1812 1727 1892 μονόμματοι
1773 1814 1942 1901 apud
1980 1813 2359 1885 Strabonem
2396 1812 2547 1879 XV.
2604 1810 2769 1886 ¹711,

372 1927 437 1988 et
481 1922 550 1985 in
610 1917 846 1986 fabulis
906 1921 1050 1985 istis
1109 1921 1398 1986 Arabicis
1443 1919 1521 1986 de
1566 1918 1889 1988 Sindbado
1933 1926 2150 1987 nauta.
2245 1919 2449 1985 Addit
2491 1916 2769 1985 Strabo:
2848 1952 2849 1981 z

374 2024 686 2105 ἐγγυτέρω
735 2024 800 2090 δὲ
846 2024 1070 2097 wiesche
1117 2030 1307 2107 φησιν
1355 2026 1382 2090 ὅ
1426 2023 1887 2104 Μεγασθένης,
1935 2022 2028 2095 ὅτι
2062 2028 2115 2091 οἱ
2158 2024 2430 2105 ποταμοὶ
2473 2019 2769 2101 nav-203·

374 2156 523 2215 ροιεν
568 2137 808 2213 ψῆγμα
854 2135 1086 2212 χρυσοῦ
1112 2180 1126 2207 ,
1193 2129 1299 2195 καὶ
1347 2131 1463 2194 ἀπ’
1513 2132 1706 2199 αὐτοῦ
1750 2131 1932 2211 Φάρος
1979 2130 2293 2209 ἀπάγοιτο
2343 2131 2429 2211 τῷ
2472 2127 2762 2211 βασιλεῖ.

372 2238 664 2327 Egregie„
698 2235 1107 2303 confirmatur
1150 2235 1591 2323 Megasthenis
1637 2239 2121 2305 testimonium:
2169 2236 2395 2307 scribit
2436 2232 2767 2302 Palimbo-
2848 2232 2849 2245 ἢ

372 2344 518 2409 thra
563 2345 689 2408 sita
728 2363 861 2408 esse
898 2343 978 2408 ad
1017 2341 1293 2407 fluvium
1325 2343 1573 2420 Sonam,
1623 2345 1728 2409 cui
1763 2342 2143 2426 Ἐραννοβόα
2179 2340 2421 2411 incolas
2454 2339 2765 2408 indidisse

373 2469 743 2537 cog-nomen.
837 2447 1078 2513 Urbem
1152 2453 1368 2513 autem
1428 2449 1877 2534 Putabipucram
1928 2447 2322 2536 praeterfluit
2364 2445 2616 2513 fluvius
2661 2443 2767 2529 qui

371 2554 580 2621 indice
640 2556 805 2643 §ona
866 2554 1122 2620 dicitur.
1186 2554 1589 2635 Ἐραννοβόας
1652 2554 1862 2622 indice
1924 2554 2107 2624 audit
2164 2553 2601 2638 Hiram'avdka
2620 2600 2638 2630 ,
2698 2549 2760 2614 h.

374 2682 428 2727 e.
478 2661 743 2748 amfer.

465 2767 540 2833 In
582 2767 909 2834 montibus
958 2770 1159 2831 terrae
1204 2764 1458 2832 Indicae
1499 2766 1789 2834 homines
1819 2767 2065 2836 caninis
2098 2764 2417 2851 capitibus
2439 2762 2763 2832 811811811-

373 2873 548 2939 tibus
615 2876 1051 2938 memorantur
1111 2872 1303 2938 etiam
1357 2892 1395 2938 a
1441 2868 1657 2938 Gellio
1717 2870 1813 2937 IX
1868 2871 1944 2950 43
2009 2874 2079 2937 in
2138 2870 2429 2938 Arabicis
2488 2866 2729 2936 fabulis
2744 2911 2761 2941 ι

374 2979 607 3065 quibus
650 2998 883 3045 nomen
928 2981 1025 3042 est
1071 2997 1109 3042 a
1152 2997 1418 3043 numero
1463 2979 1753 3043 noctium
1772 3025 1789 3056 ‚
1838 2977 2104 3043 Sam-nari
2164 2982 2335 3042 sunt.
2427 2973 2759 3042 Noverunt
2848 2977 2849 2982 ’

375 3105 481 3151 eos
528 3081 772 3150 Ctesias
817 3088 882 3148 et
926 3080 1413 3171 Megasthenes,
1478 3087 1803 3168 praeterea
1849 3082 2019 3152 Plin.
2064 3081 2153 3148 H.
2200 3080 2281 3150 N.
2330 3079 2471 3148 VII.
2520 3078 2586 3148 2.
2641 3076 2755 3152 14,

374 3187 633 3255 Solinus
695 3187 802 3253 52.
857 3185 943 3252 36
991 3200 1057 3254 et
1101 3186 1406 3254 Aelianus
1449 3186 1623 3252 Hist.
1673 3189 1890 3255 Anim.
1938 3188 2027 3254 IV
2073 3187 2182 3253 46.
2276 3185 2495 3253 Indice
2537 3203 2753 3252 vocan-

377 3300 484 3360 tur
531 3293 941 3382 Qunamuchas
949 3322 978 3371 ,-
1023 3300 1361 3360 occurrunt
1406 3299 1624 3360 autem
1671 3296 1740 3360 in
1784 3294 2140 3381 Ramajana
2156 3344 2173 3374 ‚
2222 3294 2303 3362 cf.
2356 3290 2753 3380 1318ᾳηὶ81118-

374 3419 485 3466 1188
530 3400 850 3464 Asiaticae
896 3396 1067 3464 vm.
1119 3396 1273 3463 331.

466 3504 561 3571 De
604 3505 890 3571 formicis
935 3502 1068 3569 11118
1112 3504 1606 3590 praegrandibus
1651 3504 1870 3570 fabula
1914 3510 2038 3582 est,
2086 3508 2188 3571 uti
2234 3506 2547 3583 vidimus,
2594 3498 2745 3589 apud

373 3610 775 3677 Herodotum
827 3608 942 3675 III.
997 3609 1146 3675 102.
1241 3609 1407 3676 Sunt
1475 3613 1637 3676 istae
1708 3610 2105 3692 Κασπατύρῳ
2174 3636 2246 3677 τε
2307 3611 2453 3677 πόλι
2517 3610 2743 3684 καὶῆ

373 3716 699 3797 Πακτυὶκῇ
759 3715 928 3796 χώρη
992 3716 1317 3796 πρόσουροι.
1379 3716 1702 3791 Πακτυικη
1748 3716 1938 3784 hodie
1983 3717 2064 3783 ab
2108 3716 2335 3785 incolis
2380 3755 2469 3768 —
2516 3710 2741 3806 regioni

371 3821 497 3906 ipsi
565 3819 994 3908 Afghanistan
1063 3841 1297 3888 nomen
1365 3826 1462 3888 est
1526 3860 1611 3872 -
1674 3823 1908 3887 Pacata
1973 3827 2280 3903 vocatum
2354 3821 2740 3898 Κασπότνρα

373 3927 510 3993 sive
571 3946 685 4012 pro
751 3926 1169 4007 Κασπάπυρος
1237 3926 1488 3993 dictum
1553 3933 1647 3992 est
1664 3975 1682 4006 ,
1748 3928 2174 4013 quiapapura
2189 3977 2208 4007 ,
2272 3925 2528 3996 Cabura
2585 3925 2737 3995 Orto·

370 4051 600 4117 spana,
648 4031 838 4099 hodie
891 4032 1120 4110 cabul,
1171 4033 1307 4099 sive
1355 4038 1452 4097 est
1498 4037 1615 4097 τῶν
1664 4035 2019 4113 Κασπείρων
2065 4037 2281 4123 regio,
2327 4033 2643 4100 chhnfr
2673 4024 2739 4094 ad

369 4135 771 4223 Hydaspem,
821 4140 927 4203 cui
975 4136 1189 4203 Darda
1228 4139 1306 4204 ab
1348 4141 1609 4204 oriente.
1704 4136 1934 4205 Strabo
1971 4160 2051 4205 ex
2087 4139 2509 4227 Megasthene
2545 4133 2739 4206 laudnt

371 4239 512 4304 XV.
564 4238 733 4321 706,
798 4245 942 4309 Arr.
991 4243 1127 4309 Ind.
1179 4243 1255 4309 V.
1307 4243 1382 4323 4,
1432 4243 1557 4310 Dio
1595 4242 1924 4331 Chrysost.
1975 4243 2149 4312 Orat.
2202 4242 2287 4310 35
2332 4265 2395 4331 p.
2449 4242 2582 4310 436
2624 4237 2740 4309 Mo·

371 4343 534 4421 rell..
581 4345 903 4431 multique
951 4348 1064 4414 alii
1113 4347 1283 4432 apud
1327 4347 1685 4416 Mullerum
1729 4349 2018 4438 Fragmt.
2068 4349 2312 4419 Histor.
2362 4349 2429 4416 II
2476 4348 2608 4415 434
2629 4363 2736 4430 sqq·
