2934 5050
394 282 523 344 402
1224 300 1624 348 communen
1671 303 1903 349 narina,

390 470 461 529 ct
508 466 793 553 06⁰3ss
836 474 1033 553 atque
1071 465 2743 556 munis—plorantes-improhanatos-rcliqu‘fl

390 575 461 634 ct
498 588 595 637 vs.
630 574 749 635 111
802 591 930 657 sip:
986 571 1109 639 hoc
1166 575 1385 659 pueris
1442 576 1842 661 patriaeque,
1907 573 2025 641 hoc
2073 571 2382 661 praetulit
2425 570 2532 639 illa
2575 571 2742 639 comi

391 682 587 762 atque
636 675 794 740 viro.
1747 754 1756 759 ,

486 778 701 861 Quare
746 789 1061 865 punctum
1112 784 1423 868 temporis
1469 803 1591 850 non
1642 783 1867 850 dubito
1913 781 2371 868 corrigendum
2417 800 2592 859 esse,
2636 797 2738 846 una

390 881 641 950 abiecta
689 882 991 950 literula:

660 986 827 1067 Quid
876 991 1127 1075 privata
1174 991 1363 1056 domu
1421 991 1577 1076 qnid
1623 991 1850 1059 iecerit
1899 990 2124 1078 Eppia,
2172 988 2409 1057 curas?

389 1092 483 1160 De
530 1091 736 1159 forma
784 1092 995 1160 nativi
1041 1094 1107 1158 in
1154 1108 1197 1158 n
1240 1094 1381 1161 vide
1414 1096 1674 1183 Zumpt.
1717 1102 1754 1182 ς
1795 1101 1872 1162 81
1901 1144 1917 1171 ,
1963 1095 2044 1163 ad
2083 1095 2442 1162 orationem
2478 1092 2562 1161 cl'.
2598 1090 2737 1159 infra

388 1217 451 1262 v.
508 1201 631 1264 157
680 1217 797 1283 sq.:

1615 1303 1790 1371 hunc
1837 1302 2016 1370 dedit
2060 1303 2212 1370 olim

705 1406 1007 1473 barbarus
1054 1409 1339 1475 incestae
1380 1408 1558 1477 dedit
1602 1409 1777 1476 hunc
1822 1408 2106 1497 Aqrippa
2153 1412 2362 1475 sorori

386 1519 452 1579 et
502 1509 674 1588 Vin,
732 1516 895 1577 114:

1229 1619 1383 1706 quid
1432 1621 1716 1686 resinata
1758 1621 2061 1686 iuventus

794 1742 1118 1810 cruraque
1166 1726 1366 1790 totins
1409 1724 1646 1812 sacient
1687 1724 1801 1789 tibi
1846 1724 2006 1789 levia
2057 1725 2313 1811 gentis?

388 1826 434 1891 i.
483 1844 541 1892 e.
590 1825 745 1913 quid
786 1828 946 1893 mali
987 1830 1225 1913 sacient
1270 1829 1387 1894 tibi
1428 1837 1584 1895 cett.

1226 1932 1363 1999 Sat.
1414 1932 1537 2010 vl,
1607 1938 1727 1999 191
1784 1952 1924 2020 sqq.

567 2037 1005 2105 concumbunt
1052 2037 1334 2115 Graece,
1381 2037 1580 2104 dones
1629 2046 1841 2105 tamen
1893 2040 2016 2104 ista
2063 2036 2321 2125 puellis:

566 2150 727 2208 tune
770 2144 1005 2217 etiam,
1055 2163 1247 2229 quam
1297 2154 1521 2210 sextus
1566 2152 1631 2208 et
1679 2143 2156 2228 octogensimus
2199 2162 2409 2209 annus

566 2246 823 2334 pulsat,
864 2246 1077 2314 adhuc
1123 2248 1409 2315 Graece?
1459 2268 1586 2313 non
1632 2257 1731 2314 est
1774 2247 1881 2314 hic
1928 2267 2141 2313 sermo
2189 2246 2464 2333 pudicus

567 2352 632 2416 in
680 2353 929 2427 vetula,
977 2353 1274 2438 quotiens
1320 2352 1634 2418 lascivum
1686 2353 2037 2419 intervenit
2088 2348 2244 2418 illud

566 2455 684 2539 ζωὴ
731 2458 836 2522 καὶ
882 2460 1109 2539 ψυχή,
1157 2456 1345 2522 modo
1390 2456 1513 2523 sub
1562 2456 1766 2525 lodice
1807 2456 2052 2523 relictis

565 2564 770 2630 uteris
818 2564 881 2629 in
932 2563 1154 2635 turba:
1203 2562 1370 2649 quod
1416 2564 1592 2630 enim
1646 2584 1770 2629 non
1818 2564 2057 2631 excitet
2107 2565 2347 2648 inguen

561 2686 683 2733 vox
732 2666 959 2734 hianda
1004 2678 1072 2734 et
1121 2667 1441 2754 nequam?
1507 2668 1746 2753 digitos
1797 2667 2016 2745 habet,
2063 2678 2133 2733 ut
2183 2677 2400 2734 tamen
2448 2685 2660 2734 omnes

559 2772 883 2839 subsidam
930 2773 1195 2859 pinnae:
1245 2773 1425 2839 dieas
1476 2771 1630 2839 haec
1679 2771 1938 2840 mollius
1986 2774 2227 2840 Haemo

561 2897 958 2965 quamquain
1007 2887 1073 2944 et
1121 2877 1576 2965 Carpophoro,
1627 2877 1824 2944 iacies
1872 2888 1984 2944 tua
2026 2887 2364 2966 computat
2407 2896 2622 2945 annos.

475 2981 681 3049 Verba
731 2984 955 3049 ultima
1004 2981 1217 3070 paullo
1258 2982 1490 3049 melius
1530 2984 1625 3049 sic
1671 2982 2123 3049 constituenda
2169 3003 2312 3050 esse
2361 2980 2730 3070 putaverim:
2837 3011 2838 3044 3

1626 3097 1686 3152 et
1729 3097 1944 3155 tamen
1994 3107 2220 3155 omnes

556 3191 886 3258 subsidunt
932 3194 1207 3279 pinnae,
1254 3191 1436 3259 dicas
1484 3192 1642 3260 haec
1690 3191 1949 3259 mollius
1999 3192 2241 3259 Haemo

557 3314 951 3382 quamquam
1000 3307 1066 3365 et
1110 3298 1535 3384 Carpophoro.
1631 3297 1855 3364 Facies
1902 3307 2014 3364 tua
2062 3306 2401 3384 computat
2445 3315 2657 3364 annos.

468 3398 834 3467 Sententia:
923 3422 1071 3468 narn
1156 3422 1273 3467 vox
1349 3402 1579 3469 blanda
1641 3416 1706 3469 et
1787 3423 2062 3489 nequam
2134 3402 2486 3488 digitorum
2546 3401 2732 3465 instar
2833 3475 2834 3478 Ἴ

373 3506 660 3573 excitare
706 3505 873 3573 valet
923 3507 1115 3593 (valet
1160 3527 1275 3590 pro
1320 3507 1507 3573 habet
1555 3507 1990 3595 Heinrichius)
2047 3507 2143 3575 vel
2191 3505 2727 3593 languidissimum

372 3630 623 3696 penem.
718 3610 1149 3678 Nihilominus
1211 3621 1281 3678 tu
1344 3631 1602 3699 operam
1675 3611 1918 3698 perdis:
1991 3612 2145 3678 lieet
2207 3613 2401 3679 toties
2445 3609 2726 3678 lascivum
2831 3639 2832 3644 =

373 3713 535 3781 illud
597 3715 717 3798 ζωὴ
768 3717 873 3781 καὶ
934 3719 1117 3796 ψυχή
1179 3717 1531 3783 interseras
1595 3717 1935 3805 (interserit
1998 3736 2114 3803 pro
2171 3716 2503 3784 intercuti!
2559 3709 2726 3777 Hein-

372 3818 564 3885 richii
612 3821 983 3886 coniectura
1030 3822 1153 3908 est)
1208 3820 1398 3907 idque
1446 3823 1589 3908 ipso
1628 3822 1867 3887 Haemo
1907 3830 1971 3888 et
2011 3820 2422 3908 Carpophoro
2460 3816 2722 3888 mollius,

372 3933 590 3991 tamen
630 3924 977 3993 subsidunt
1015 3928 1285 3993 amatori
1339 3934 1451 3992 tuo
1483 3945 1705 3993 omnes
1746 3945 2028 4014 pennae,
2079 3928 2119 3992 i.
2162 3945 2218 3992 e.
2259 3927 2462 3993 iucem
2501 3923 2558 3990 ei
2580 3917 2723 3986 velut

365 4040 763 4114 praemortuo
799 4030 1100 4097 membra.
1148 4030 1289 4097 Noli
1340 4032 1605 4097 mirari:
1663 4051 1812 4097 nam
1862 4030 2056 4098 facies
2095 4040 2208 4097 tua
2249 4029 2460 4117 prodit
2495 4033 2719 4096 sextum

369 4139 436 4196 et
483 4135 989 4218 octogensimum
1039 4155 1166 4221 quo
1216 4136 1494 4222 pulsaris
1539 4155 1811 4204 annum.

1306 4240 1436 4307 Sat.
1496 4241 1616 4316 VI,
1667 4244 1821 4307 268.

686 4362 939 4426 semper
988 4344 1176 4411 hahet
1226 4345 1368 4411 lites
1417 4346 1786 4431 alternaque
1838 4348 2048 4431 iurgia
2100 4346 2324 4414 lectus.
