2934 5050
357 271 486 331 400
1204 286 1604 331 communen
1665 286 1901 332 tuum.

1209 452 1340 520 Sat.
1394 451 1505 519 ΙΙΙ.
1559 457 1690 519 258
1736 472 1900 537 sqq.:

734 554 893 623 Vive
940 554 1218 624 bidentis
1262 577 1492 624 amans
1536 567 1600 624 et
1648 555 1804 622 culti
1854 554 2083 621 vilicus
2128 553 2343 632 horti,

730 660 900 728 unde
947 660 1209 747 epulum
1261 663 1463 748 possis
1511 670 1774 728 centum
1824 659 1978 726 dare
2027 658 2467 747 Pythagoreis,

726 774 828 832 est
872 763 1117 852 aliquid
1163 785 1575 852 quocumqne
1615 763 1753 829 loco
1800 783 2208 850 quocumque
2253 783 2505 831 recessu
2583 769 2598 783 ⁶

724 870 924 936 unius
967 888 1107 936 sese
1153 868 1487 936 dominum
1538 867 1765 936 secisse
1813 868 2098 935 lacertae.

454 971 699 1040 Cantica
766 994 922 1041 usus
976 981 1074 1039 est
1120 981 1305 1060 poeta
1353 973 1723 1059 hyperbole,
1767 992 1958 1059 quam
2009 993 2131 1038 non
2184 971 2417 1039 melius
2461 970 2705 1037 illustres

361 1095 553 1162 quam
617 1078 815 1146 simili
883 1080 1022 1145 ioco
1085 1097 1410 1144 asarinus
1473 1078 1590 1155 xl,
1663 1082 1772 1153 19,
1834 1077 1942 1142 ubi
2004 1075 2083 1143 de
2147 1076 2366 1143 villula
2428 1095 2535 1142 sua
2579 1074 2703 1141 sub-

363 1179 608 1247 urbana
657 1185 751 1251 sic
801 1184 1086 1250 iocatur:

900 1297 1134 1373 arguta
1184 1289 1344 1374 tegit
1391 1288 1489 1354 ala
1539 1286 1705 1374 quod
1756 1287 2043 1363 cicadae,

903 1386 1071 1478 quod
1119 1394 1389 1480 sornzica
1436 1393 1539 1459 die
1581 1389 1860 1457 comedit
1912 1409 2059 1458 uno.

766 1531 856 1545 —-—
905 1499 968 1562 in
1017 1516 1145 1584 quo
1192 1516 1310 1563 nec
1358 1497 1636 1563 cucumis
1682 1496 1892 1560 iacere
1937 1507 2144 1561 rectus

905 1621 1022 1668 nec
1070 1621 1324 1686 serpens
1370 1599 1663 1666 habitare
1710 1611 1836 1666 tota
1885 1599 2105 1686 possit.

457 1702 842 1772 conferatur
875 1707 1072 1773 etiam
1121 1726 1280 1772 nunu
1318 1727 1585 1773 stoicum
1626 1724 1888 1771 carmen
1934 1707 1999 1771 in
2048 1703 2381 1771 Valerium
2429 1704 2704 1771 Catonem

364 1807 875 1877 Grammaticum
925 1830 1030 1898 ap.
1079 1831 1413 1878 suaromton
1460 1810 1540 1876 de
1587 1810 1676 1876 in.
1724 1809 2010 1875 Gramm.
2060 1830 2199 1896 cap.
2253 1810 2364 1877 xl.

453 1913 627 2002 Ergo
670 1915 811 1983 sine
856 1936 1050 1983 causa
1099 1917 1323 1983 idonea
1372 1916 1450 1982 de
1503 1916 1660 1980 vitio
1707 1924 2076 2001 suspectum
2131 1913 2415 1983 habuere
2477 1912 2707 2001 quidam

363 2027 428 2084 et
475 2019 721 2088 insanis
766 2020 1159 2088 coniecturis
1203 2030 1521 2089 vexarunt
1568 2018 1850 2106 lepidum
1905 2017 2061 2085 illud
2111 2020 2398 2086 lacertae.

1314 2124 1446 2191 Sat.
1501 2125 1610 2203 tv,
1663 2130 1773 2192 41.

1180 2250 1296 2296 nec
1342 2233 1516 2296 enim
1567 2229 1778 2296 minor
1828 2229 2120 2296 haeserat
2165 2228 2294 2296 iliis

635 2352 795 2419 quos
841 2337 1049 2423 operit
1092 2334 1331 2421 glacies
1377 2334 1687 2401 Maeotica
1737 2344 2053 2421 ruptaque
2098 2333 2358 2400 tandem
2385 2384 2406 2414 ,

638 2436 878 2504 solibus
923 2437 1197 2505 effundit
1243 2440 1535 2505 currentis
1578 2437 1660 2505 ad
1710 2438 1887 2505 Ostia
1940 2440 2165 2515 Ponti,

636 2539 881 2609 desidia
931 2543 1147 2611 tardos
1193 2553 1258 2611 et
1306 2544 1495 2630 longo
1539 2544 1778 2630 frigore
1829 2545 2125 2631 pingues·

461 2645 777 2713 Tou-remis
813 2648 1231 2716 emendatum
1271 2659 1372 2716 est
1406 2670 1442 2716 e
1481 2649 1723 2715 schoiio
1763 2649 1842 2716 ad
1881 2649 1944 2716 h.
1967 2649 2007 2717 Ι.
2056 2668 2173 2736 pro
2207 2648 2533 2737 torpentis,
2563 2642 2710 2732 quod

361 2756 463 2817 est
511 2751 577 2815 in
624 2750 975 2818 codicibus,
1073 2751 1384 2819 Codicum
1433 2752 1626 2819 lectio
1669 2754 1764 2819 sic
1809 2762 2063 2820 tantum
2113 2762 2323 2840 potest
2373 2771 2516 2819 vera
2558 2767 2713 2822 esse,

365 2856 422 2921 si
467 2857 791 2923 sumimus
840 2876 1098 2923 versum
1151 2863 1235 2925 45
1283 2857 1432 2924 oiim
1484 2860 1803 2945 scriptum
1855 2857 2053 2924 fuisse
2100 2859 2227 2924 sic:

634 2960 876 3028 solibus
919 2961 1192 3028 effundit
1240 2965 1539 3048 torpentis
1586 2965 1685 3052 (Α.
1739 2963 1856 3052 ΡΙ.)
1906 2961 2083 3030 Ostia
2139 2963 2359 3039 Ponti,

364 3073 439 3130 ut
486 3068 873 3151 praepositio
919 3065 1135 3133 addita
1184 3068 1272 3134 sit
1319 3087 1519 3153 quum
1572 3068 1820 3135 librarii
1880 3067 2045 3134 male
2090 3068 2392 3155 torpentis
2438 3064 2712 3132 haberent

364 3188 482 3254 pro
540 3168 867 3238 Genetivo.
980 3171 1159 3257 Quod
1220 3175 1275 3238 si
1339 3183 1738 3250 statnemuS,
1802 3175 1903 3239 vix
1965 3173 2296 3258 genuinus
2353 3193 2491 3239 esse
2534 3177 2711 3256 potest

365 3293 461 3341 vs.
515 3279 622 3339 44.

1294 3381 1426 3448 Sat.
1483 3382 1605 3459 IV,
1666 3388 1809 3448 117.

726 3483 963 3570 dignus
1013 3487 1304 3552 Aricinos
1351 3489 1460 3573 qui
1514 3487 1910 3554 mendicaret
1955 3488 2038 3554 ad
2084 3508 2236 3554 axes

726 3588 1082 3676 blandaque
1134 3590 1410 3658 devexae
1459 3593 1731 3659 iactaret
1779 3592 1951 3658 basia
2000 3591 2211 3658 redae.

452 3692 1001 3778 Interpretantur:
1028 3716 1273 3760 currus
1318 3698 1426 3783 qui
1466 3698 1748 3763 Ariciam
1788 3697 2134 3776 vehuntur,
2184 3697 2295 3782 qui
2343 3707 2553 3762 tamen
2595 3709 2710 3779 per·

365 3797 529 3863 mire
605 3799 880 3865 audiunt
943 3801 1186 3865 Aricini
1206 3850 1224 3875 ‚
1298 3800 1841 3887 quemadmodum
1924 3803 2136 3889 potius
2206 3801 2563 3888 appeiiares
2622 3792 2713 3881 qui

358 3903 611 3967 venium
654 3904 734 3969 ab
780 3905 1013 3970 Aricia.
1110 3905 1179 3971 Si
1229 3906 1430 3990 igitur
1475 3926 1703 3972 sanum
1752 3918 1853 3973 est
1898 3928 2051 3972 axes
2101 3907 2313 3991 potius
2375 3904 2711 3988 intellegam

360 4025 598 4073 currus
660 4008 1099 4075 Romanorum
1157 4029 1192 4075 a
1257 4009 1424 4077 villis
1489 4013 1627 4077 suis
1691 4012 1753 4076 in
1808 4013 2030 4079 urbem
2079 4009 2521 4078 redeuntibus.
2608 4004 2713 4074 Nee

360 4120 575 4176 tamen
642 4111 796 4179 baec
858 4134 1111 4200 quoque
1177 4117 1623 4202 interpretatio
1689 4115 1870 4183 vaide
1933 4115 2178 4182 arridet
2226 4135 2436 4202 neque
2481 4112 2714 4181 omnine

363 4213 481 4278 hoc
538 4235 726 4282 versu
785 4238 1007 4284 cvr-rus
1068 4222 1411 4286 memorari
1481 4222 1805 4305 putaveris
1864 4222 1943 4286 ob
2006 4239 2265 4286 versum
2335 4227 2713 4306 sequentem·

356 4320 576 4386 Potius
622 4331 871 4388 certum
930 4324 1270 4406 quemdam
1323 4323 1578 4403 locum,
1629 4326 1982 4394 soliemnem
2025 4324 2474 4393 mendicorum
2515 4323 2714 4389 statio·
