2934 5050
1161 288 1585 346 PARBR'DALIA.
2436 270 2565 337 227

269 456 347 533 Iu
410 455 527 529 illo
584 464 868 534 monstro
926 460 1183 529 munit
1197 507 1216 539 ‚
1275 459 1499 537 literae
1547 469 1573 525 1
1621 463 1688 525 et
1732 468 1791 529 N
1855 462 2133 529 incertae
2187 468 2369 528 sunt:
2433 459 2569 549 legi

175 583 439 650 quoque
478 566 716 650 poterit
758 566 1047 635 commit
1089 564 1196 637 vel
1232 566 1447 639 simile
1484 565 1639 652 quid
1655 612 1674 643 ‚
1722 565 1834 631 sed
1863 585 2119 651 prorsus
2155 571 2400 633 constat
2435 567 2571 655 legi

173 690 239 735 se
281 668 539 749 fluviu„
604 670 772 741 unde
835 677 1095 757 apparet
1152 692 1373 747 veram
1433 673 1818 758 scripturam
1861 690 1988 738 non
2043 692 2177 738 esse
2222 694 2366 739 eam
2409 692 2570 758 quae

173 772 371 841 hodie
435 776 912 851 circumfertur:
944 783 1261 863 postquam
1303 777 1572 847 consistit
1597 776 1853 861 fluvius.
1923 775 2115 853 Illam
2161 778 2367 865 igitur
2408 775 2569 843 olim

177 879 586 969 indagabunt
642 883 769 949 viri
821 881 1012 951 docti.
1082 880 1418 951 Praeterea
1476 901 1602 951 non
1658 879 1904 971 legitur
1946 881 2202 947 omnium
2242 884 2532 968 princeps
2547 928 2564 958 ,

179 983 291 1051 sed
335 986 610 1051 omnibus
666 988 957 1073 princeps
971 1034 990 1066 ,
1046 1007 1206 1073 quae
1251 990 1566 1072 scriptura
1610 985 1840 1055 itidem
1883 987 2209 1052 invenitur
2250 987 2421 1073 apud
2466 982 2568 1053 Gi-

179 1110 479 1161 ceronem
527 1090 700 1163 Orat.
749 1090 857 1167 48.
911 1090 1062 1161 161.

270 1192 532 1263 Oertius
592 1203 691 1264 est
738 1199 908 1285 quod
952 1199 1030 1265 de
1076 1197 1202 1273 elio
1247 1197 1386 1265 loco
1430 1197 1647 1269 afferre
1690 1202 1928 1282 potero.
2021 1195 2325 1283 Sequenti
2368 1216 2529 1263 anno
2548 1243 2565 1273 ,

185 1299 360 1371 1871
376 1349 396 1382 ,
466 1303 770 1377 Kiehlius
810 1304 1089 1377 Romam
1134 1303 1452 1389 profectus
1498 1307 1594 1371 est
1606 1322 1625 1381 3
1683 1307 1827 1371 tum
1874 1322 2121 1388 quoque
2163 1301 2407 1388 aliquid
2451 1303 2569 1367 otii

182 1416 410 1479 nactus
471 1410 540 1475 in
600 1409 906 1481 Vaticana
962 1408 1349 1477 bibliotheca
1405 1406 1667 1497 Virgilii
1726 1413 1792 1473 et
1850 1405 2124 1477 aliorum
2184 1410 2567 1493 scriptorum

182 1508 450 1587 Codices
492 1514 685 1601 paulo
731 1516 1038 1590 curiosius
1083 1516 1420 1592 tractavit,
1469 1513 1581 1581 sed
1619 1513 1852 1579 horum
1888 1510 2250 1581 studiorum
2293 1512 2566 1589 fructus,

185 1618 352 1704 quod
398 1619 752 1694 admodum
796 1622 997 1695 miror
1013 1668 1030 1698 ‚
1076 1640 1201 1693 non
1238 1621 1492 1687 inveni:
1535 1621 1592 1684 si
1630 1618 1881 1705 quando
1916 1620 2242 1685 nanciscar
2278 1616 2536 1685 aliunde
2550 1664 2569 1694 ‚

183 1723 414 1801 videbo
461 1725 691 1811 ecquid
733 1727 890 1799 insit
934 1725 1138 1795 doctis
1179 1724 1382 1797 oculis
1426 1730 1497 1795 et
1542 1724 1804 1801 auribus
1845 1742 1972 1792 non
2017 1722 2381 1811 indignum.
2444 1721 2571 1788 Sed

187 1833 337 1897 tunc
380 1850 635 1917 quoque
677 1832 844 1903 mihi
888 1831 968 1898 de
1010 1830 1326 1903 Frontone
1367 1831 1678 1919 rogitanti
1721 1830 1935 1896 deesse
1971 1828 2201 1899 noluit.
2297 1828 2573 1915 Scripse-

187 1954 324 2001 ram
384 1938 450 2005 ei
508 1957 617 2001 me
678 1937 838 2003 scire
884 1956 1112 2022 cupere
1128 1983 1147 2015 ,
1213 1936 1368 2023 quid
1412 1938 1481 2005 in
1527 1934 1832 2003 Vaticano
1876 1930 2108 2002 Codice
2150 1934 2379 2002 lateret
2421 1955 2569 2023 pag.

195 2036 356 2121 184,
420 2062 586 2127 quae
645 2046 743 2107 est
805 2043 873 2106 in
931 2063 1078 2111 mea
1123 2043 1400 2109 editione
1443 2060 1593 2129 pag.
1642 2038 1762 2107 71:
1830 2087 1866 2118 ‚,
1888 2037 2054 2106 Sane
2097 2040 2360 2126 quidem
2405 2040 2574 2126 quod

194 2143 270 2210 ad
309 2147 483 2213 vires
546 2146 823 2225 adtinet,
888 2148 1206 2234 incipiunt
1252 2146 1493 2217 redire:
1556 2146 1829 2232 pectoris
1890 2146 2088 2215 etiam
2133 2144 2311 2212 dolor
2353 2145 2575 2212 nullus

194 2250 518 2335 residuum
565 2251 751 2319 ulcus
795 2255 1014 2321 autem
1057 2250 1223 2317 illud
1268 2259 1882 2323 ΑΠΕΡΓΛΝΣΤΛΙ
1929 2260 2041 2326 τῆς
2086 2251 2435 2331 ὦρτηρίας”.
2485 2289 2570 2301 -

195 2353 437 2443 Nempe
495 2356 781 2426 nondum
844 2359 1182 2443 quisquam
1243 2358 1533 2424 invenire
1591 2361 1885 2443 potuerat
1900 2404 1918 2434 ‚
1981 2357 2138 2443 quid
2201 2363 2365 2424 esset
2409 2355 2576 2425 illud

197 2459 607 2542 αἱπέργοινςοιι.
710 2463 978 2536 Amicus
1038 2465 1222 2534 misit
1282 2463 1450 2530 mihi
1508 2461 1717 2530 Roma
1773 2465 1989 2550 ipsum
2045 2462 2262 2531 locum
2320 2484 2578 2531 summa

201 2585 340 2632 cum
399 2569 755 2657 diligentie.
804 2569 1231 2640 delineatum:
1303 2574 1372 2636 in
1434 2567 1676 2637 Graeco
1736 2568 2046 2636 vocabulo
2095 2590 2226 2636 una
2266 2575 2332 2636 et
2378 2570 2617 2637 altera*

199 2667 377 2740 litera
441 2694 698 2760 prorsus
758 2677 955 2761 periit
969 2722 987 2756 ‚
1060 2674 1223 2742 aliae
1279 2677 1520 2763 partim
1577 2679 1917 2762 supersunt
1939 2723 1958 2753 ,
2029 2674 2140 2741 sed
2207 2674 2576 2762 planissime

202 2783 436 2845 constat
475 2778 646 2845 nihil
690 2781 1003 2866 scriptum
1049 2781 1244 2847 fuisse
1290 2780 1448 2848 olim
1496 2780 1673 2848 aliud
1717 2800 1912 2866 quam
1959 2777 2411 2860 ἀπεργάζεται.

284 2881 455 2952 Inter
520 2882 794 2952 ercos
853 2889 1187 2973 scriptores
1231 2886 1533 2953 Kiehlius
1576 2887 1899 2972 imprimis
1943 2886 2023 2951 ab
2068 2887 2328 2953 ineunte
2372 2891 2577 2954 aetate

202 2986 509 3080 Aeschylo
575 2989 1010 3060 delectabatur
1071 2998 1170 3071 et,
1231 2995 1290 3059 si
1349 2991 1600 3080 quando
1660 2996 1879 3078 postea
1931 2990 2135 3057 redire
2180 2991 2450 3057 dabatur
2494 2992 2575 3058 ad

202 3098 433 3162 veteres
479 3117 757 3176 amores,
806 3098 977 3164 hunc
1021 3101 1312 3164 omnium
1349 3097 1773 3164 libentissime
1813 3096 2159 3175 tractabat,
2208 3118 2401 3183 quem
2445 3096 2575 3196 fere

205 3205 566 3268 memoriter
624 3203 898 3274 tenebat.
993 3203 1218 3276 Inveni
1273 3206 1441 3270 inter
1487 3203 1974 3270 commentarios
2020 3204 2156 3272 eius
2201 3202 2575 3290 disputatio-

205 3321 340 3368 nem
385 3313 533 3373 ante
578 3307 694 3375 hos
740 3308 1077 3376 duodecim
1116 3309 1316 3377 ferme
1352 3329 1547 3376 annos
1583 3310 1790 3394 patrio
1828 3328 2114 3374 sermone
2153 3310 2573 3394 conscriptam

208 3403 277 3473 de
332 3415 639 3499 suspectis
699 3414 1084 3500 quibusdam
1141 3414 1447 3503 Aeschyli
1509 3413 1684 3480 locis.
1779 3409 1910 3479 Cur
1968 3412 2349 3500 opusculum
2393 3413 2575 3479 edere

209 3516 480 3583 omiserit
497 3566 516 3597 ,
582 3521 839 3607 ignoro;
904 3520 1201 3606 equidem
1261 3541 1385 3588 non
1431 3521 1646 3586 omnia
1690 3522 1942 3607 integra
1988 3519 2339 3586 describam
2357 3566 2373 3596 ,
2422 3540 2573 3592 nam

208 3617 448 3686 videtur
487 3627 655 3691 inter
691 3626 1096 3692 scribendum
1134 3625 1400 3708 lectores
1438 3627 1749 3713 cogitasse
1765 3673 1783 3703 ,
1825 3645 1947 3690 non
1972 3624 2256 3691 indoctos
2278 3625 2537 3710 quidem
2554 3672 2571 3702 ,

210 3722 310 3789 sed
352 3732 564 3796 temen
608 3733 676 3796 in
722 3737 934 3797 vetere
980 3734 1156 3819 poesi
1202 3729 1593 3799 Graecorum
1632 3751 1857 3817 parum
1898 3732 2288 3797 exercitatos.
2352 3728 2575 3816 Itaque

212 3823 484 3902 delibabo
546 3838 793 3922 potiora
840 3843 904 3903 et
958 3836 1222 3904 utiliora
1238 3885 1255 3915 ,
1319 3837 1428 3903 sed
1474 3857 1599 3902 non
1646 3834 1993 3902 admodum
2036 3835 2222 3902 facile
2266 3836 2433 3902 mihi
2478 3843 2575 3902 est

213 3928 422 4005 Latine
479 3941 737 4010 reddere
797 3963 908 4021 ea,
975 3964 1133 4029 quae
1195 3942 1359 4009 alius
1409 3940 1745 4009 vernacule
1791 3942 2076 4027 scripsit:
2124 3941 2243 4007 hac
2288 3945 2356 4007 in
2403 3963 2469 4008 re
2516 3945 2571 4007 si

214 4032 410 4123 lapsus
451 4046 626 4114 fuero
643 4096 662 4126 ,
710 4050 899 4115 venia
941 4048 1108 4113 mihi
1151 4048 1458 4114 lectorum
1509 4069 1666 4133 opus
1713 4048 1853 4112 erit.

297 4146 738 4237 Anapaesticus
781 4174 1004 4219 versus
1049 4160 1145 4219 est
1189 4156 1258 4219 in
1301 4153 1683 4221 Prometheo
1735 4149 1862 4218 137

803 4267 913 4334 τῆς
963 4260 1337 4325 πολυτέκνου
1385 4257 1635 4334 Τηθύος
1683 4257 1930 4336 ἔκγονα.

303 4351 437 4426 Jm
505 4385 666 4432 anno
736 4363 907 4434 1851
978 4367 1047 4431 in
1117 4366 1531 4431 Miscellaneis
1596 4365 1985 4447 Philoloqicis
2045 4371 2101 4428 et
2146 4365 2572 4448 Paedayoqicis
