2934 5050
307 300 442 367 200
1328 317 1674 367 nonium.

405 485 607 551 Bekk.
658 496 730 553 Σ.
785 488 934 554 418.
985 492 1168 572 ζωῇσι
1219 490 1476 564 treuvia-1,
1525 490 1697 556 male
1740 511 1854 577 pro
1899 490 2123 573 ζῳῇσι.
2176 494 2243 554 et
2290 486 2518 553 multis
2555 486 2714 552 aliis
2877 520 2878 565 1

314 591 472 657 locis
488 638 505 668 ‚
556 611 713 677 quos
758 600 975 680 postea
1019 596 1237 662 ordine
1282 595 1580 661 collectos
1623 617 1993 682 proponam.

406 694 729 763 Homerus
773 705 989 764 autem
1035 721 1150 786 pro
1194 722 1263 766 re
1301 706 1450 765 nata
1486 701 1720 767 iisdem
1759 704 1969 767 utitur
2000 699 2380 779 συναιρέσεσι
2403 749 2421 775 ,
2471 699 2720 784 quibus

315 809 380 867 et
425 803 672 868 Atticos
729 807 830 869 uti
892 806 1211 872 videmus.
1306 806 1407 871 Ad
1466 805 1696 894 Odyss.
1763 806 1838 874 B.
1891 805 2042 872 410.
2091 806 2268 870 δεῦτε
2311 806 2489 887 φίλοι
2509 856 2529 879 .
2601 805 2719 878 ¹¹52·-

318 908 648 989 Φερώμεθα
669 958 687 984 ,
733 915 1108 977 annotatur:
1158 912 1593 992 Καλλίςρατος
1617 934 1631 949 ·

904 1016 1081 1081 δεῦτε
1128 1016 1337 1098 ΦΙλοι.
1387 1015 1524 1096 ὄφρ’
1571 1015 1654 1099 ᾖα
1694 1016 2042 1101 φερώμεθα.

319 1120 425 1185 καὶ
477 1117 568 1188 ἔτι
615 1129 724 1196 τῆς
771 1119 1063 1199 νεωτέρας
1113 1124 1387 1194 ’Λτθίδος
1433 1123 1505 1188 τὸ
1553 1121 1705 1189 οὕτω
1754 1129 2076 1205 συναιρεῖν.
2146 1121 2370 1208 Neque
2411 1129 2530 1197 τῆς
2579 1146 2726 1186 νεω-

321 1223 502 1304 τέρας
547 1225 822 1298 Ἀτθίδος
882 1225 1038 1293 haec
1097 1227 1304 1294 forma
1347 1235 1444 1294 est
1459 1275 1479 1306 ‚
1537 1251 1692 1296 nam
1734 1229 2143 1296 Pherecrates
2187 1228 2283 1294 ita
2328 1226 2499 1293 dixit
2541 1228 2724 1313 apud

317 1329 612 1397 Eustath.
661 1331 743 1397 ad
788 1329 1016 1420 Odyss.
1063 1354 1211 1421 pag.
1266 1333 1439 1400 1455
1463 1383 1482 1413 ,
1535 1333 1642 1399 42.

817 1438 927 1512 τὴν
974 1438 1191 1519 γαςέρ’
1238 1439 1353 1521 ᾔων
1400 1439 1688 1521 κάχύρων
1736 1438 2145 1518 τεταγμένος.
2879 1432 2880 1467 ¹

321 1549 386 1606 et
432 1542 655 1609 eadem
699 1546 1022 1630 synaeresi
1065 1564 1221 1610 usus
1266 1550 1365 1610 est
1407 1545 1732 1613 Homerus
1776 1547 1912 1631 ipse
1956 1544 2184 1632 Odyss.
2231 1552 2307 1610 Ε.
2361 1539 2518 1609 368.

781 1651 861 1723 ὦς
907 1649 959 1714 δ’
1006 1647 1230 1728 ἄνεμος
1278 1649 1432 1732 ζαὴς
1483 1650 1600 1733 ἥων
1646 1649 1896 1729 θημῶνα
1939 1649 2181 1732 τινάξῃ.

413 1752 520 1820 Sic
561 1753 754 1821 modo
798 1754 950 1831 δήϊοι
998 1754 1203 1838 ἄνδρες
1230 1806 1245 1833 ,
1312 1756 1478 1833 δήϊον
1538 1755 1730 1836 ἄνδρα
1753 1806 1770 1834 ,
1834 1755 2000 1832 δηΐου
2048 1756 2116 1820 ἐκ
2159 1755 2489 1832 πολέμοιο,
2552 1754 2730 1828 δηΎον

325 1860 387 1930 ἐς
433 1859 703 1938 πόλεμον
748 1861 912 1926 dixit
970 1862 1407 1942 τρισυλλάβως
1427 1911 1444 1939 ,
1508 1862 1700 1929 modo
1759 1883 1874 1948 per
1932 1863 2296 1949 synaeresin
2341 1860 2533 1943 δήοισι
2583 1862 2728 1937 μά·

323 1967 585 2047 χεσθαι,
647 1966 834 2049 δῄοισι
884 1965 945 2031 δὲ
991 1966 1221 2048 χάρμα
1283 1966 1606 2045 γενέσθαι,
1669 1965 2020 2048 μάρνασθαι
2079 1968 2305 2049 δήοισι,
2369 1967 2555 2047 δύοισι
2621 1981 2728 2029 λι-

324 2070 587 2148 πέσθαι,
652 2078 775 2150 γνῶ
823 2073 874 2154 ῥ’
918 2069 1142 2153 ἄνδρας
1192 2073 1398 2156 δήους,
1461 2073 1614 2155 δῄων
1661 2074 1920 2153 ἀνδρῶν,
1986 2073 2137 2155 δέων
2184 2074 2246 2138 ἐν
2292 2074 2494 2153 dibri,
2561 2073 2731 2154 δῄων

325 2176 461 2241 κυσὶ
510 2181 714 2258 κῦρμα
761 2176 1047 2256 γενέσθαι
1074 2228 1089 2255 ,
1156 2185 1387 2259 πρῆσαι
1436 2178 1502 2245 δὲ
1549 2182 1732 2260 πυρὸς
1778 2181 1936 2261 δῄοιο
1986 2177 2275 2261 θύρετρα,
2324 2179 2506 2257 πυρὸς
2555 2177 2732 2260 δήοιο

323 2283 650 2362 θέρωνται,
698 2282 809 2349 sed
853 2282 1143 2351 Bekkero
1186 2283 1432 2370 placuit
1482 2284 1691 2360 δηίοισι
1715 2336 1731 2364 ,
1782 2284 2016 2362 δηΐους,
2066 2284 2276 2360 δηίων,
2339 2282 2518 2358 δηίοιο
2563 2288 2734 2350 scri-

325 2387 471 2452 bere
530 2390 847 2454 incertum
909 2410 1034 2475 quo
1093 2410 1271 2456 more
1333 2396 1446 2456 aut
1505 2393 1664 2457 iure.
1761 2389 2080 2458 Similiter
2138 2392 2208 2455 in
2266 2388 2462 2458 verbo
2521 2389 2733 2455 modo

325 2490 528 2567 δηϊόων
585 2491 828 2582 legitur
888 2500 953 2561 et
1014 2494 1291 2570 δηϊόωντο
1310 2547 1327 2574 ,
1390 2495 1582 2563 modo
1645 2496 1792 2579 δῃῶν
1859 2494 1955 2584 (P.
2004 2493 2110 2562 65.
2159 2496 2275 2562 ubi
2339 2499 2728 2562 annotatur:

324 2600 732 2678 περισπαςέον
781 2637 866 2650 -
913 2602 1018 2667 καὶ
1068 2602 1177 2667 σὺν
1224 2604 1310 2682 τῷ
1360 2611 1385 2665 1
1436 2601 1777 2683 γραπτέον)
1824 2608 1892 2669 et
1932 2604 2214 2682 ’Ἐκτορα
2253 2601 2561 2683 δῃώσαντε
2613 2600 2730 2687 (X.

323 2703 526 2791 218).
622 2702 731 2771 Sic
773 2706 965 2772 modo
1012 2708 1272 2787 Θρήϊκες
1315 2707 1751 2794 appellantur,
1799 2715 1875 2774 ut
1921 2708 2180 2790 Θρήϊκες
2230 2704 2294 2773 οἵ
2297 2705 2355 2773 δ’
2406 2706 2734 2774 ἀπάνευθε

324 2809 605 2886 νεήλυδες
656 2811 755 2897 (Κ.
807 2809 1025 2895 434.),
1071 2813 1261 2880 modo
1308 2816 1482 2879 κατὰ
1529 2818 1869 2894 συναίρεσιν
1920 2823 2181 2898 Θρῇκες,
2229 2820 2308 2879 ut
2351 2811 2388 2877 ὅ
2415 2836 2507 2878 τοι
2555 2821 2730 2895 Θρῇ-

325 2940 427 2988 κες
474 2915 649 2996 πόρον
695 2912 925 2992 ἄνδρες.

415 3020 661 3087 Omitto
706 3021 948 3087 similia
982 3022 1177 3110 plura
1214 3029 1280 3089 et
1312 3024 1433 3091 hoc
1467 3046 1674 3090 unum
1715 3025 1880 3093 addo
1916 3024 2361 3092 Aristarchum
2401 3045 2479 3090 ex
2517 3024 2728 3092 huius

321 3129 415 3192 rei
476 3128 911 3193 observatione
972 3127 1243 3213 palmari
1308 3133 1670 3216 coniectura
1735 3132 2089 3197 restituisse
2147 3129 2368 3195 locum
2427 3140 2509 3196 n.
2557 3128 2726 3196 202.

323 3233 438 3298 ubi
481 3231 836 3298 Zenodotus
881 3252 957 3297 ex
1000 3232 1184 3298 libris
1228 3238 1362 3302 suis
1400 3236 1685 3302 ediderat
1722 3238 1858 3303 sine
1896 3255 2120 3302 sensu:
2170 3235 2275 3301 καὶ
2318 3244 2387 3301 M
2395 3235 2724 3302 Ητιάασθε

323 3336 543 3410 ἕκαςος
559 3388 574 3410 .
636 3344 703 3403 at
764 3339 1172 3404 Aristarchus
1230 3342 1467 3408 inserto
1530 3344 1686 3408 ἰῶτα
1749 3342 1927 3408 dedit
1970 3342 2203 3408 lucem.
2253 3342 2353 3410 δεῖ
2393 3342 2504 3407 σὺν
2547 3344 2636 3423 τῷ
2689 3351 2716 3407 Ι

324 3442 594 3525 γράφειν
614 3493 631 3521 ,
682 3444 928 3528 inquit,

1001 3551 1112 3616 καί
1158 3553 1249 3616 Μ’
1297 3550 1672 3618 ἩῙτιάασθε
1719 3548 1961 3625 ἕκαςος.

321 3654 568 3724 addidit
615 3656 768 3720 ἰῶτα
816 3655 894 3722 de
939 3676 1054 3722 suo
1072 3702 1090 3734 ,
1138 3657 1306 3741 quod
1349 3660 1699 3724 sexcenties
1743 3658 1994 3725 viderat
2030 3660 2251 3724 omitti
2293 3656 2517 3724 solere.
2588 3656 2718 3724 Ita-

320 3783 441 3847 que
482 3782 598 3827 nos
643 3781 891 3847 quoque
934 3762 1049 3826 ubi
1095 3782 1245 3826 sana
1290 3764 1452 3828 ratio
1500 3769 1564 3828 et
1608 3762 1870 3851 linguae
1913 3762 2296 3830 Homericae
2343 3769 2412 3829 et
2457 3765 2718 3830 Atticae

318 3889 474 3933 usus
520 3869 671 3932 ἰῶτα
720 3866 1013 3932 additum
1067 3867 1346 3954 postulat
1394 3875 1606 3954 spreta
1648 3868 1964 3936 librorum
2009 3871 2393 3936 auctoritate
2439 3867 2714 3936 ficulnea

318 3982 383 4042 et
428 3972 764 4054 παράδοσιν
807 3971 1006 4038 nullis
1053 3978 1450 4061 argumentis
1495 3974 1730 4041 fultam
1765 3974 1979 4042 valere
2015 3976 2311 4041 iubentes
2345 3972 2421 4055 νῷ
2460 3980 2527 4040 et
2568 3973 2714 4057 σφῷ

317 4103 355 4149 a
396 4079 592 4166 longo
658 4078 851 4146 exilio
913 4084 1206 4145 revocata
1264 4079 1461 4146 simul
1521 4079 1805 4148 Homero
1865 4086 1931 4146 et
1994 4082 2232 4148 Atticis
2275 4080 2542 4147 tandem
2589 4080 2710 4146 ali·

318 4186 566 4274 quando
610 4184 967 4250 reddemus.

378 4290 630 4382 „Restat
689 4291 1111 4356 controversia
1170 4298 1393 4357 utrum
1449 4290 1773 4358 Homerus
1827 4297 2002 4375 σφῷν
2050 4314 2163 4379 pro
2212 4297 2411 4374 σφὶἲίν
2455 4295 2706 4360 Attico-

314 4420 459 4463 rum
503 4415 680 4459 more
725 4395 958 4459 dixerit
1003 4398 1068 4459 in
1117 4395 1341 4481 Odyss.
1394 4408 1470 4462 Δ.
1523 4395 1628 4462 62.
