2934 5050
2827 9 2867 249 W

360 473 649 537 dixerant
693 491 806 557 pro
853 473 965 535 νῶΐ
1019 475 1181 533 teste
1229 466 1567 553 Apollonio
1612 467 1766 531 ibid.
1815 487 1963 554 pag.
2016 465 2165 531 113.
2213 484 2274 531 11.
2351 461 2738 531 Commemo—
2865 474 2866 487 ¹

358 584 459 643 rat
520 578 677 643 ibid.
744 576 1120 662 Apollonius
1166 595 1271 640 808
1319 577 1433 659 qui
1477 576 1569 647 τίς
1616 573 1734 654 wip
1775 576 1946 654 σφωῖ
1989 572 2330 638 servabant
2375 591 2490 657 pro
2533 575 2699 650 σφωε
2719 618 2735 643 ,

357 684 466 750 sed
530 690 698 750 recte
747 703 969 748 eorum
1020 679 1413 746 ratiunculas
1458 679 1816 746 confutavit
1836 729 1852 755 ,
1913 699 2074 763 quae
2115 680 2447 744 neminem
2489 676 2738 763 posthac

359 794 427 856 in
476 790 943 855 dubitationem
988 786 1394 852 induxerunt.

452 895 570 961 Est
615 898 681 960 in
730 894 952 961 eodem
1018 914 1248 981 genere
1294 896 1492 958 etiam
1538 894 1801 981 gravius
1844 891 2154 958 mendum
2199 894 2267 955 in
2318 889 2594 957 Homeri
2633 883 2738 955 Go-

362 1002 608 1067 dicibus
659 1010 735 1065 Ο.
790 999 937 1064 155.

770 1106 853 1170 τὼ
903 1104 965 1169 δὲ
1014 1103 1245 1184 πάροιθ’
1293 1104 1533 1171 ἐλθόντε
1583 1106 1729 1176 Διὸς
1777 1102 2270 1186 νεφεληγερέταο

352 282 478 347 196
1366 295 1714 345 sommum.

767 1211 996 1286 ςήτην·
1051 1210 1186 1275 οὐδέ
1235 1216 1470 1293 ὰΦωΙΝ
1521 1212 1652 1277 ἰδὼν
1698 1210 2057 1290 ἐχολώσατο
2103 1211 2295 1289 θυμῷ.

358 1337 471 1403 pro
520 1320 713 1383 tertia
770 1336 1035 1401 persona
1079 1318 1338 1381 semmda
1379 1320 1642 1402 ponitur
1655 1366 1673 1396 ,
1737 1336 1851 1403 pro
1898 1317 2259 1382 accusativo
2299 1316 2607 1396 genitivus
2644 1313 2736 1379 vel
2865 1322 2866 1347 ἒ

363 1408 601 1488 dativus
662 1428 727 1488 et
783 1420 1204 1487 Homericum
1267 1422 1427 1487 ειδών
1487 1427 1555 1487 111
1618 1422 1753 1487 ἰδών
1815 1428 2109 1487 mutatur
2161 1425 2300 1486 tam
2341 1441 2634 1506 perverse
2673 1439 2734 1484 ac
2865 1450 2866 1473 1

360 1532 418 1593 si
462 1530 604 1612 quis
650 1526 876 1593 Latine
920 1545 1035 1613 pro
1095 1527 1310 1593 Videre
1350 1527 1581 1594 mallet
1627 1528 1806 1593 Idm
1850 1527 2076 1593 dicere.
2170 1524 2415 1592 Omnes
2460 1524 2575 1591 has
2613 1543 2733 1589 mo—
2865 1550 2866 1561 ¹

357 1632 576 1699 lestias
635 1635 890 1718 penitus
957 1632 1223 1699 sustulit
1284 1631 1530 1720 Heynii
1588 1633 1948 1699 emendatio
2002 1629 2136 1699 οὐδὲ
2181 1637 2383 1713 σφωε
2428 1631 2590 1696 nasa«
2609 1681 2623 1705 ,
2667 1635 2733 1694 ut

358 1737 540 1805 Iliad.
589 1760 652 1807 A.
705 1736 856 1805 330.

814 1845 937 1910 οὐδ’
982 1834 1106 1925 ἄρά
1151 1845 1234 1910 τώ
1282 1868 1362 1922 γε
1409 1843 1570 1910 ειδὼν
1613 1844 1880 1922 γήθησεν
1925 1843 2293 1933 {Axilla-5156.

451 1950 594 2017 Non
657 1958 753 2017 est
811 1952 933 2017 hoc
993 1950 1300 2016 mendum
1349 1940 1689 2035 antiquum
1707 1998 1724 2029 ,
1788 1950 1898 2016 sed
1950 1953 2018 2015 in
2061 1949 2248 2016 libris
2289 1945 2734 2014 recentioribus

362 2064 587 2121 natum
633 2079 832 2143 quum
881 2063 1126 2123 veteres
1172 2061 1370 2138 σφωε
1416 2054 1551 2120 ἰδών
1597 2056 1986 2122 exhiberent.
2066 2053 2574 2121 Innumerabiles
2615 2050 2736 2116 Ho-
2865 2130 2866 2151 ἦ

361 2165 524 2227 meri
570 2184 788 2228 versus
835 2165 902 2227 in
949 2164 1228 2247 antiquis
1274 2159 1548 2227 Scholiis
1595 2169 1709 2228 aut
1749 2161 2003 2228 Lexicis
2048 2166 2161 2226 aut
2205 2160 2377 2247 apud
2415 2162 2736 2245 scriptores
2865 2154 2866 2197 ³

360 2273 607 2332 veteres
654 2267 999 2334 afferuntur
1017 2316 1033 2345 ‚
1082 2274 1157 2332 ut
1194 2273 1366 2334 certa
1402 2271 1487 2333 sit
1527 2270 1594 2333 in
1631 2271 1713 2333 iis
1752 2268 2218 2335 Alexandrinae
2258 2267 2490 2332 aetatis
2519 2264 2734 2340 lectio;

361 2372 469 2436 sed
530 2372 837 2457 permulti
898 2379 1047 2437 sunt
1102 2372 1216 2437 alii
1235 2424 1251 2447 ‚
1320 2394 1476 2458 quos
1521 2394 1708 2440 nemo
1752 2372 2075 2451 laudavit,
2139 2375 2208 2439 in
2254 2372 2490 2458 quibus
2525 2370 2736 2437 eadem

362 2476 674 2544 scribendi
714 2480 876 2544 vitia
915 2499 1075 2564 quae
1112 2480 1180 2543 in
1222 2481 1485 2547 caeteris
1524 2480 1937 2566 scriptoribus
1970 2500 2043 2547 ac
2080 2482 2287 2567 po‘etis
2325 2499 2443 2546 nos
2464 2476 2736 2567 legentes

361 2580 771 2650 ludificantur
788 2633 804 2662 ‚
863 2590 926 2650 et
970 2587 1038 2649 in
1084 2583 1187 2649 his
1232 2588 1608 2671 turpissima
1651 2586 1966 2672 quaedam
2013 2592 2078 2652 et
2122 2586 2392 2652 barbara
2407 2635 2423 2664 ,
2487 2586 2564 2651 de
2607 2583 2729 2670 qui·

360 2689 479 2755 bus
525 2689 689 2755 alius
735 2690 991 2757 dabitur
1036 2689 1288 2755 dicendi
1330 2689 1525 2756 locus.

449 2794 648 2862 Venio
707 2817 874 2862 nunc
938 2795 1017 2860 ad
1076 2796 1429 2862 Aristarchi
1490 2818 1764 2865 errorem
1818 2801 1887 2865 in
1931 2797 2170 2865 talibus
2215 2801 2627 2865 commissum
2668 2801 2728 2861 et

361 2900 440 2965 ad
485 2906 698 2967 nostra
760 2908 1045 2987 tempora
1096 2909 1522 2990 propagatum
1540 2951 1557 2982 ,
1624 2923 1815 2989 quem
1861 2906 1916 2970 si
1960 2909 2180 2989 potero
2225 2905 2532 2970 radicitus
2573 2900 2725 2969 evel-

357 3005 513 3071 lam.
576 3007 981 3072 Aristarchus
1018 3006 1398 3095 pervulgato
1434 3007 1746 3075 librorum
1785 3029 1992 3076 errore
2027 3009 2329 3095 deceptus
2359 3012 2428 3074 111
2453 3011 2720 3074 animum

360 3110 616 3176 induxit
661 3120 797 3177 ΝΩ
847 3118 912 3177 et
959 3121 1136 3178 (ΣΦΩ
1185 3115 1477 3198 antiquas
1522 3121 1588 3179 et
1631 3117 1904 3181 sinceras
1939 3116 2175 3181 formas
2210 3136 2346 3181 esse
2384 3120 2451 3180 et
2484 3111 2718 3200 perinde

364 3215 522 3280 bene
566 3217 634 3280 in
682 3215 1071 3282 carminibus
1117 3216 1387 3284 Homeri
1432 3226 1497 3284 et
1542 3219 1890 3307 disyllabas
1936 3222 2172 3287 formas
2218 3228 2386 3288 ΝΩΙ
2427 3227 2492 3286 et
2531 3225 2714 3286 com

363 3323 515 3405 poni
560 3326 625 3386 et
668 3321 1138 3410 monosyllabas
1182 3332 1320 3390 ΝΩ.
1369 3332 1435 3390 et
1482 3334 1680 3391 (ΣΦΩ.

450 3428 642 3512 Apud
699 3448 805 3493 me
866 3431 1022 3494 satis
1067 3435 1313 3495 constat
1355 3430 1592 3497 formas
1638 3432 1711 3496 νώ
1759 3440 1825 3499 et
1869 3434 2008 3515 σφώ
2051 3433 2227 3520 apud
2270 3431 2624 3500 Homerum
2663 3435 2716 3495 et

360 3534 608 3598 Atticos
666 3534 903 3619 ubique
965 3555 1097 3600 esse
1157 3537 1423 3602 vitiosas
1472 3536 1788 3604 tralaticio
1839 3537 1956 3605 illo
1996 3539 2217 3605 mendi
2261 3560 2528 3628 genere,
2575 3533 2718 3624 quod

364 3640 433 3702 in
474 3638 801 3706 vocabulis
843 3640 1143 3726 plurimis
1181 3644 1529 3709 sexcenties
1565 3644 1734 3730 apud
1770 3664 1990 3710 omnes
2024 3647 2288 3731 impune
2326 3646 2719 3712 commissum

361 3764 494 3809 esse
554 3751 618 3809 et
680 3748 1003 3811 committi
1060 3747 1268 3812 video.
1362 3748 1611 3835 Nempe
1669 3752 1738 3814 in
1780 3748 1965 3816 libris
2008 3753 2290 3837 antiquis
2333 3750 2407 3815 τὸ
2456 3770 2717 3829 παραγε-

362 3850 718 3930 γραμμένον
782 3852 938 3915 ἰῶτα
984 3872 1108 3918 11011
1155 3850 1342 3919 aliter
1386 3875 1580 3939 quam
1625 3857 1693 3920 in
1741 3858 1857 3934 iis,
1924 3877 2080 3942 quos
2122 3857 2314 3925 hodie
2357 3878 2487 3924 non
2532 3855 2723 3922 admo-

362 3956 519 4022 dum
567 3964 853 4024 vetustos
897 3959 1209 4025 habemus
1228 4009 1243 4032 .
1283 3979 1409 4025 non
1447 3961 1754 4039 adscribi,
1804 3962 1913 4028 sed
1934 3982 2190 4049 prorsus
2227 3965 2449 4030 omitti
2482 3960 2724 4029 solebat-

360 4059 582 4147 Itaque
644 4084 755 4149 pro
816 4063 1276 4152 monosyllabis
1340 4062 1415 4144 νῴ
1479 4073 1543 4131 et
1602 4064 1742 4149 σφῴ
1801 4069 2195 4135 scribebatur
2239 4078 2376 4136 ΝΩ.
2425 4077 2491 4134 et
2535 4075 2726 4140 ΕΦΩ,

360 4165 553 4249 idque
614 4170 1056 4235 Aristarchum
1119 4169 1384 4247 fefellit,
1450 4174 1562 4256 qui
1623 4172 1857 4238 formas
1919 4175 1991 4239 νώ
2057 4181 2123 4240 et
2167 4175 2306 4256 σφώ
2351 4176 2635 4262 integras
2676 4177 2730 4237 et

360 4272 586 4355 probas
634 4294 765 4338 esse
801 4279 1096 4359 opinatus
1134 4281 1247 4340 est.
1312 4275 1734 4362 Inspiciamus
1775 4282 2056 4364 primum
2097 4301 2199 4358 ea,
2250 4300 2412 4366 quae
2450 4302 2528 4346 ex
2567 4278 2734 4346 illius

357 4381 829 4441 commentariis
890 4380 967 4442 ad
1014 4387 1294 4445 nostram
1344 4385 1644 4448 notitiam
1690 4394 2131 4469 pervenerunt.
2227 4385 2409 4452 Iliad.
2461 4395 2535 4453 E.
2585 4385 2728 4453 218.
