2934 5050
1116 360 1119 363 Α
1238 295 1584 350 nomon.
2471 279 2603 346 221

207 465 585 535 Homerum
630 473 728 535 est
771 467 948 542 διδοῖς
998 474 1111 536 aut
1156 469 1424 539 διδοῖσθα.
1442 523 1459 548 ,
1506 479 1584 540 ut
1629 471 1905 539 τιθεῒσθα
1927 519 1945 549 ,
1995 467 2273 550 ἔξεισθα,
2318 467 2516 540 οἷο-θοι.

304 572 389 639 In
434 576 622 640 tertia
662 573 986 641 Homerus
1030 581 1144 642 aut
1188 575 1387 645 δίδωσι
1432 582 1617 668 ponit
1660 582 1774 646 aut
1820 575 1989 643 διδοῖ.

301 678 621 765 Reliquae
684 681 926 748 formae
991 701 1212 751 omnes
1273 692 1424 751 sunt
1485 690 1594 751 τοῦ
1660 687 1910 765 πονηροῦ
1971 683 2297 761 κόμματος
2359 689 2474 750 aut
2533 706 2612 752 ex

205 785 577 851 scribarum
621 786 908 853 socordia
952 793 1066 854 aut
1108 810 1188 855 ex
1231 793 1809 879 grammaticorum
1855 808 2060 857 errore
2104 794 2472 879 prognatae.

303 890 666 957 Barbarum
709 897 806 959 est
848 893 1012 975 ἄφίη
1035 942 1053 972 ,
1101 892 1192 974 fn,
1239 898 1413 979 προΐη
1439 946 1455 974 ,
1505 896 1704 976 μεθίη.
1774 895 2054 962 Barbara
2096 899 2246 961 sunt
2285 894 2457 971 ἀνίης
2494 915 2608 982 pro

206 995 411 1068 ἀνιεῖς
435 1047 452 1074 ,
499 998 711 1077 μεθίης
758 1018 872 1083 pro
917 1001 1145 1078 μεθιεῖς
1171 1050 1189 1079 ,
1239 1008 1305 1068 et
1349 1002 1490 1078 ἀνίη
1534 1022 1648 1089 pro
1695 1000 1869 1068 ἀνίει.
1936 1000 2216 1068 Barbara
2253 1005 2403 1066 sunt
2441 999 2610 1068 ἓδίδω

204 1108 274 1168 et
338 1101 488 1169 δΙδω
548 1109 628 1170 et
671 1103 930 1171 δίδωσθα
995 1126 1111 1192 pro
1171 1106 1460 1173 διδοῖσθα.
1553 1107 1738 1175 Libri
1797 1111 1875 1172 ut
1932 1106 2292 1193 plurimum
2353 1111 2609 1174 servant

203 1209 568 1294 scripturas
624 1215 871 1277 veteres
932 1215 998 1278 et
1059 1213 1426 1280 emendatas
1442 1261 1459 1292 ,
1532 1214 1766 1300 quibus
1830 1212 2161 1280 Bekkerus
2220 1213 2485 1280 vitiosas
2543 1217 2609 1279 et

203 1317 699 1382 commenticias
744 1316 821 1382 de
866 1336 982 1383 suo
1026 1321 1379 1404 supposuit.

298 1417 383 1484 In
443 1421 845 1507 imperativis
905 1421 1235 1489 Bekkerus
1295 1426 1508 1491 nescio
1570 1423 1888 1511 quomodo
1948 1422 2046 1489 nil
2097 1425 2406 1510 peccavit.
2454 1424 2604 1490 τίθει

202 1526 535 1591 intactum
579 1524 842 1613 reliquit
881 1537 959 1593 A.
1010 1526 1162 1594 509.
1211 1534 1277 1595 et
1315 1530 1443 1611 πὰρ
1492 1530 1555 1597 δὲ
1599 1530 1748 1597 τίθει
1783 1535 1861 1610 Φ.
1911 1526 2060 1596 177.
2109 1533 2176 1595 et
2214 1526 2290 1595 ἵει
2331 1538 2401 1595 Φ.
2447 1528 2599 1596 338.

209 1633 276 1695 et
307 1628 503 1707 ξυνίει
543 1656 607 1695 αι.
651 1629 804 1699 271.
844 1656 891 1698 o.
933 1631 1085 1699 391.
1124 1659 1186 1698 τ.
1230 1631 1384 1701 378.
1427 1641 1492 1701 et
1530 1634 1688 1702 δίδου
1720 1660 1788 1713 y.
1829 1633 1935 1701 58.
1986 1635 2206 1702 Δίδωθι
2230 1640 2327 1702 est
2347 1659 2417 1714 γ.
2446 1632 2598 1702 380.

493 1737 673 1803 ἀλλὰ
718 1738 972 1804 rdvmc·
1016 1736 1209 1815 ἵληθιι,
1260 1738 1528 1806 δίδωθι
1577 1739 1643 1806 δέ
1688 1764 1791 1817 μοι
1839 1740 2013 1813 κλέος
2063 1739 2293 1806 ἐσθλόν.

204 1847 284 1908 ut
322 1826 749 1921 ἐμοτίμπληθι.
1227 1859 1235 1867 ”

295 1947 637 2015 Bekkerus
699 1951 757 2015 si
816 1949 940 2016 sibi
1003 1955 1288 2018 constare
1342 1950 1653 2021 voluisset
1711 1951 1945 2038 quibus
1988 1951 2067 2018 de
2112 1953 2320 2018 causis
2361 1951 2599 2018 formas

205 2054 376 2129 ἐτίθη
399 2104 420 2129 ,
479 2053 653 2134 τίθη,
717 2056 880 2138 ἀφίη
902 2106 919 2132 ,
982 2057 1195 2134 μεθίη,
1261 2056 1461 2134 ἑδίδω,
1520 2058 1658 2125 δίδω
1702 2058 1980 2144 potiores
2025 2078 2158 2124 esse
2203 2057 2601 2124 existimavit

206 2160 446 2226 iisdem
491 2161 625 2236 τίθη
648 2212 665 2240 ,
715 2159 773 2238 7η
797 2212 815 2239 ,
863 2160 1029 2239 ξυνίη
1050 2210 1067 2242 ,
1119 2161 1256 2228 δίδω
1303 2162 1593 2252 vulgatis
1637 2168 2013 2250 anteponere
2059 2162 2400 2230 debuisset.
2476 2162 2596 2229 Bo-

203 2286 367 2332 num
414 2268 660 2334 factum
705 2268 874 2356 quod
917 2289 1186 2335 manum
1232 2269 1562 2335 abstinuit.

294 2372 551 2440 Tel-tias
611 2394 859 2461 quoque
907 2377 1255 2462 praesentis
1297 2395 1593 2462 personas
1635 2379 1888 2441 mutare
1930 2394 2059 2441 non
2099 2375 2313 2461 potuit
2356 2379 2422 2440 et
2466 2395 2591 2442 ser·

205 2481 390 2547 vavit
439 2488 513 2545 K.
543 2479 693 2546 121.
740 2481 955 2559 μεθιεῖ.
1003 2488 1085 2546 N.
1138 2478 1291 2548 731.
1339 2482 1512 2548 τιθεῖ.
1555 2504 1619 2546 a.
1666 2479 1816 2547 192.
1867 2481 2185 2561 παρτιθεῖ,
2232 2478 2343 2546 sed
2378 2501 2459 2548 ne
2499 2481 2591 2547 sic

210 2586 474 2671 quidem
518 2589 801 2674 pepercit
846 2588 1139 2654 secundis
1185 2596 1264 2654 Ε.
1310 2584 1446 2652 880
1489 2589 1701 2663 ἀνιεῖς.
1751 2595 1822 2653 Ζ.
1874 2584 2027 2653 523.
2077 2590 2142 2653 et
2177 2585 2230 2651 δ.
2281 2584 2433 2653 372.
2481 2611 2591 2664 με·

208 2693 388 2771 onera,
441 2698 507 2758 et
548 2696 618 2757 in
662 2694 1033 2780 imperfecto
1076 2700 1153 2757 Ο.
1199 2691 1308 2758 24.
1349 2700 1415 2758 et
1452 2702 1529 2758 Θ.
1574 2689 1727 2758 358.
1776 2691 1928 2757 ἀνίει
1972 2702 2049 2758 0.
2096 2689 2248 2759 716.
2290 2691 2485 2769 μεθίει
2526 2697 2591 2758 et

209 2800 450 2883 passim
483 2799 687 2882 deplet
710 2849 727 2876 ,
792 2800 1018 2879 προΐει,
1084 2800 1254 2865 τίθει.
1317 2802 1461 2865 sim.
1527 2797 1801 2873 Τίθησθοι
1848 2797 2026 2864 dedit
2069 2816 2184 2884 pro
2228 2796 2500 2862 τιθεῖσθοι
2546 2819 2587 2862 ι.

211 2899 360 2969 404.
414 2911 479 2971 et
523 2927 587 2970 ω.
637 2901 791 2973 476.

295 3010 505 3084 Διδοῒς
567 3010 900 3077 emendate
961 3010 1204 3100 legitur
1247 3020 1297 3076 1.
1349 3008 1501 3077 164.
1564 3015 1629 3077 et
1690 3008 1840 3076 διδοῖ
1877 3033 1928 3090 ρ.
1980 3006 2132 3076 350.
2196 3007 2306 3074 sed
2349 3009 2590 3094 passim

211 3113 399 3183 ἐδίδου
447 3123 514 3183 et
558 3116 718 3182 δίδου
763 3119 1074 3203 pervertit
1118 3120 1187 3183 in
1233 3115 1400 3183 ἕδίδω
1439 3121 1505 3192 et
1538 3114 1678 3181 δίδω
1698 3165 1716 3193 ,
1764 3119 1831 3181 et
1871 3135 1985 3201 pro
2023 3112 2289 3191 διδοῖσθα
2330 3121 2413 3179 Τ.
2455 3112 2590 3180 270

206 3240 538 3310 perperam
583 3222 845 3288 δι’δωσθω
890 3225 1244 3310 supposuit.

294 3328 368 3394 In
419 3329 911 3396 Atheniensium
949 3328 1153 3408 libris,
1201 3333 1277 3394 ut
1322 3336 1387 3396 et
1431 3331 1501 3394 in
1545 3326 1863 3414 plerisque
1905 3325 2320 3411 reliquorum,
2343 3326 2591 3412 peccari

212 3432 368 3501 solet
390 3435 460 3500 in
485 3434 775 3502 secundis
807 3437 1156 3523 praesentis
1181 3436 1487 3522 temporis
1508 3435 1791 3521 personis
1809 3481 1826 3512 ,
1864 3433 1983 3498 ubi
2005 3469 2091 3482 —-
2122 3439 2252 3497 ele
2275 3432 2342 3496 in
2370 3431 2555 3501 τιθεῖς
2573 3479 2589 3504 .

212 3539 418 3622 ἀφιεΐς
437 3591 454 3617 ,
494 3540 713 3620 ξυνιεῖς
740 3548 857 3608 cet.
884 3543 954 3606 in
979 3578 1065 3591 —-
1085 3550 1191 3605 Hc
1216 3542 1528 3606 sexcentis
1548 3538 1706 3606 locis
1726 3538 1898 3605 male
1920 3558 2295 3634 conversum
2318 3534 2587 3602 videbis.

295 3644 486 3714 Certo
545 3645 782 3713 indicio
838 3646 1002 3713 hanc
1065 3645 1354 3712 fraudem
1411 3644 1784 3731 deprensam
1844 3649 2136 3710 tenemus
2195 3644 2264 3708 in
2311 3638 2592 3708 Castoris

213 3745 486 3818 Solensis
529 3750 843 3824 versiculo
890 3751 1059 3838 apud
1103 3751 1507 3817 Athenaeum
1549 3772 1698 3839 pag.
1753 3747 1904 3815 454.
1954 3767 2014 3815 r.

615 3857 941 3935 μωσοπόλε
992 3857 1092 3937 θηρ
1140 3855 1482 3939 καιρόχυτον
1527 3852 1589 3928 ὃς
1635 3855 1928 3934 μείλιγμ’
1975 3851 2141 3921 ἵΗΟ.

213 3967 393 4045 poeta
436 3966 773 4050 scripserat
816 3964 978 4027 felc
1024 3963 1136 4037 ἱεῖς
1158 4014 1176 4038 ,
1224 3982 1501 4049 namque
1538 3962 1851 4028 laborioso
1888 3957 2154 4027 artificio
2186 3958 2444 4024 dederat
2479 3957 2589 4024 ho-

213 4084 315 4134 mo
352 4089 610 4155 operam
629 4116 647 4147 ,
695 4074 857 4134 teste
890 4068 1217 4136 Athenaeo
1232 4117 1251 4148 ,
1294 4074 1371 4135 ut
1416 4066 1709 4156 singulae
1746 4066 2039 4152 dipodiae
2077 4067 2285 4130 essent
2318 4062 2590 4126 undecim

216 4167 570 4240 litterarum
586 4222 604 4253 ,
656 4173 1262 4255 ἑνδεκαγράμματοι.
1355 4173 1431 4239 111
1477 4175 1737 4240 caeteris
1784 4172 2080 4239 omnibus
2117 4189 2422 4236 numerus
2460 4167 2589 4256 syl·

215 4271 500 4346 labarum
545 4284 791 4347 constat
835 4281 944 4346 sed
987 4282 1057 4345 in

1106 4386 1400 4462 μείλιγμ’
1440 4383 1553 4457 ἵης.
