2934 5050
382 263 470 329 84
975 283 1321 334 menoses
1369 284 1666 343 quamn
1712 285 1780 332 m
1825 264 2153 335 menemus

382 454 755 522 Sermonem
822 454 1015 519 illum
1081 475 1231 519 eum
1292 454 1502 519 iudice
1564 452 1786 519 fictum
1848 455 1926 520 ab
1984 459 2229 520 oratore
2244 502 2261 532 ‚
2327 478 2363 521 a
2408 454 2734 544 ‘Madvigio

380 561 638 649 egregie
682 563 1048 626 revocatum
1065 605 1083 636 ‚
1131 561 1226 624 ita
1268 562 1564 644 prosequi
1607 559 1773 624 mihi
1815 557 2037 624 liceat:

479 712 514 743 „
533 666 623 731 At
667 665 789 730 iste
834 663 986 729 ordo
1032 662 1177 750 lege
1224 684 1297 729 ea
1340 684 1465 729 non
1513 670 1780 729 tenetur.
1831 702 1917 712 —
1964 664 2175 730 Immo
2219 664 2334 730 illo
2373 667 2576 750 capite
2618 662 2741 744 Quo

565 769 666 835 EA
724 769 1012 834 Pnctmu
1056 767 1488 834 PERVRNRRIT.
1540 808 1625 817 —
1671 767 1746 833 In
1791 768 2211 845 Postumum,
2259 790 2411 835 eum
2456 772 2524 833 in
2564 766 2743 835 Gabi-

553 875 739 938 nium
770 871 965 937 iudex
986 852 1154 937 esses
1168 919 1187 949 ,
1213 874 1506 937 audivisti
1526 874 1692 937 nihil
1702 921 1722 952 ‚
1746 873 1911 939 nihil
1934 871 2211 939 Gabinio
2234 873 2587 940 damnato.”
2606 878 2741 939 eett.

477 977 660 1044 Immo
705 977 784 1043 de
828 975 1083 1042 Halmii
1126 979 1504 1043 coniectura.

475 1184 630 1274 Cap.
674 1185 860 1266 VIII,
910 1186 1017 1252 21.
1071 1235 1104 1264 „
1125 1193 1174 1263 †
1215 1187 1384 1251 Huic
1425 1186 1728 1254 videlicet
1761 1189 2131 1271 perblandus
2174 1187 2558 1271 reperiendus
2597 1184 2741 1261 fuit,

574 1294 687 1377 qui
730 1293 1058 1357 hominem
1077 1338 1095 1369 ,
1139 1298 1217 1357 ιιι
1261 1297 1337 1357 ιιι
1374 1295 1477 1357 vis
1493 1340 1511 1370 ‚
1551 1294 2000 1359 avarissimum
2040 1298 2326 1358 exoraret
2341 1339 2360 1369 ,
2399 1291 2743 1355 sestertium

573 1397 674 1462 bis
729 1396 1015 1462 milliens
1074 1401 1141 1461 et
1197 1395 1759 1484 quadringentiens
1818 1418 1897 1462 ne
1955 1416 2192 1484 magno
2253 1415 2441 1481 opere
2486 1400 2740 1460 contem-

473 1506 816 1672 Pesssegtin
867 1605 1256 1671 restituenda
1299 1606 1418 1672 hae
1465 1608 1812 1685 sententia,
1861 1605 2178 1692 quomodo
2222 1606 2573 1669 restituisse
2612 1621 2735 1669 eam

386 1711 554 1777 mihi
612 1710 835 1777 videor
890 1710 960 1774 in
1020 1708 1359 1797 Philologo
1421 1708 1834 1799 Gottingensi
1891 1710 2007 1775 XI.
2049 1731 2126 1796 ..p
2176 1708 2264 1774 95
2309 1727 2419 1794 sq;
2464 1708 2572 1774 sed
2611 1714 2737 1773 ante

383 1815 766 1901 reperiendus
822 1835 993 1881 nune
1054 1813 1317 1900 suppleo
1376 1838 1539 1897 rem,
1603 1823 1680 1882 ut
1723 1819 1817 1882 ita
1858 1814 2158 1903 legantur
2202 1810 2525 1880 Ciceronis
2566 1811 2735 1877 verba

383 1919 697 2103 Indffi·
707 2024 1007 2091 videlieet
1049 2025 1362 2089 Postumus
1403 2028 1533 2107 γεμί
1577 2025 1979 2111 reperiendus
2020 2025 2145 2089 fuit
2161 2072 2180 2103 ‚
2239 2025 2350 2109 qui
2394 2023 2700 2088 hominem
2713 2065 2730 2096 ‚

564 2134 643 2194 ut
700 2135 776 2195 tu
836 2130 939 2196 vis
955 2176 973 2207 ,
1023 2131 1474 2195 avarissimum
1504 2133 1842 2214 perblande
1884 2135 2201 2206 exoraret,
2251 2128 2611 2194 sestertium
2650 2124 2734 2189 bis

385 2232 626 2301 millies
670 2238 736 2299 et
780 2233 1294 2321 quadringenties
1335 2256 1415 2300 ne
1459 2256 1698 2325 magno
1742 2256 1926 2321 opere
1971 2232 2457 2300 contemneret.”

474 2439 629 2528 Cap.
681 2441 788 2534 ,lx
805 2489 823 2522 ‚
886 2441 993 2509 23.
1063 2491 1099 2522 „
1121 2443 1526 2510 Demetrium
1542 2492 1558 2522 ,
1624 2451 1687 2510 et
1749 2467 1826 2511 ex
1874 2444 2199 2533 republica
2214 2491 2232 2521 ,
2282 2463 2478 2530 quam
2522 2442 2736 2527 optime
2836 2438 2837 2447 ’

563 2554 845 2634 gesserat
904 2555 969 2615 et
1030 2572 1108 2615 ex
1171 2549 1458 2616 doctrina
1515 2551 1797 2617 nobilem
1850 2558 1916 2618 et
1959 2551 2206 2617 clarum
2220 2597 2238 2628 ‚
2286 2551 2394 2636 qui
2436 2548 2734 2614 Phalera-2

562 2652 856 2717 vocitatus
902 2661 989 2718 est
1008 2702 1025 2731 ,
1074 2658 1143 2720 in
1188 2656 1411 2721 eodem
1456 2655 1572 2722 illo
1617 2658 1907 2745 Agyptio
1951 2656 2179 2744 regno”
2224 2693 2312 2704 —
2361 2675 2417 2720 e.
2465 2674 2525 2738 q.
2570 2672 2619 2716 s.

470 2755 680 2822 Verba
741 2762 895 2843 „qui
953 2758 1300 2826 Phalereus
1341 2764 1659 2827 vocitatus
1703 2761 1832 2827 est”
1892 2764 2107 2846 spuria
2158 2766 2329 2826 reete
2370 2759 2564 2824 habet
2601 2752 2737 2821 Hal·

383 2864 556 2927 mins
570 2908 590 2940 ,
661 2862 772 2929 sed
835 2866 1133 2943 retinuit;
1205 2868 1384 2950 atqui
1450 2865 1772 2952 glossema
1836 2864 2003 2931 illud
2069 2864 2459 2931 eiiciendum
2516 2861 2735 2947 ἕπει-ιη

386 2970 575 3033 eiecit
631 2988 782 3033 vero
834 2970 1119 3048 Athenis,
1182 2970 1350 3055 quod
1410 2973 1570 3036 item
1632 2973 1697 3035 in
1760 2970 1938 3035 codd.
1987 2974 2276 3054 apparet,
2325 2968 2439 3033 sed
2482 2987 2605 3033 non
2642 2980 2739 3027 sno

385 3070 560 3137 loeo:
611 3118 647 3148 „
666 3072 934 3137 Athenis
976 3095 1169 3159 quam
1211 3076 1451 3160 optime
1496 3076 1849 3157 diqeeserat’'
1892 3074 2001 3140 vel
2050 3122 2085 3151 ,‚
2108 3073 2450 3155 eye-escrae?
2518 3065 2740 3136 Aaou&
2832 3095 2833 3108 ι

384 3195 535 3240 vero
598 3174 811 3240 abesse
880 3198 1005 3242 non
1066 3183 1276 3264 potest
1291 3226 1308 3256 ‚
1380 3179 1547 3264 quod
1613 3182 1898 3266 Aeqyptio
1958 3202 2136 3261 reqno
2197 3180 2431 3264 opponi
2489 3176 2735 3243 videtur.

385 3277 673 3364 Denique
734 3281 790 3344 si
849 3280 975 3348 duo
1033 3282 1141 3348 bic
1201 3285 1404 3347 sumis
1465 3283 1851 3350 emblemata
1870 3333 1887 3362 ,
1952 3281 2170 3351 Cicero
2217 3281 2598 3347 Phalereum
2634 3277 2734 3343 De·

384 3386 692 3449 meti-ium
753 3404 877 3448 non
938 3388 1094 3451 satis
1140 3387 1436 3451 distinxit
1484 3408 1522 3453 a
1565 3387 1920 3455 Poliorceta
1933 3410 1951 3466 ;
2000 3408 2153 3475 ergo
2199 3386 2580 3453 alterutrum
2619 3389 2733 3448 tan-
2830 3433 2831 3450 1

385 3495 530 3554 tum
575 3488 895 3576 glossema
942 3511 1075 3554 esse
1119 3497 1347 3576 potest.
1440 3491 1549 3558 Sic
1596 3494 1999 3559 scribendum
2046 3497 2239 3577 puto:

482 3642 515 3670 „
539 3593 940 3658 Demetrium
959 3641 976 3670 ,
1024 3599 1090 3659 et
1125 3617 1202 3660 ex
1241 3597 1567 3681 republica
1581 3645 1599 3675 ,
1642 3619 1835 3683 quam
1876 3599 2118 3683 optime
2154 3596 2430 3662 Athenis
2450 3595 2725 3684 gesserat,

566 3703 631 3764 et
675 3718 752 3802 ⁶¹.
799 3698 1084 3764 doctrina
1130 3700 1412 3767 nobilem
1458 3707 1525 3767 et
1572 3701 1816 3768 clarum
1834 3750 1851 3781 ‚
1900 3704 1968 3766 in
2014 3701 2236 3767 eodem
2281 3700 2400 3766 illo
2445 3697 2726 3788 Aegyptio

573 3802 802 3890 regno''
850 3842 935 3851 —
983 3809 1132 3868 cett.

478 4010 724 4099 Capitis
784 4013 848 4077 X
909 4015 1095 4080 initio
1112 4062 1130 4093 ‚
1192 4017 1305 4081 ubi
1364 4024 1656 4084 versatur
1715 4022 1924 4083 orator
1976 4020 2043 4082 in
2088 4037 2195 4095 eo,
2243 4016 2415 4102 quod
2458 4016 2725 4082 Postumo
2826 4071 2827 4090 ff

387 4119 836 4184 obiiciebatur:
915 4167 948 4196 ,‚
957 4122 1288 4203 palliatum
1351 4123 1545 4188 fuisse
1562 4170 1581 4201 ‚
1654 4123 1869 4208 aliqua
1933 4123 2231 4188 habuisse
2299 4146 2425 4189 non
2490 4114 2721 4186 Romani

386 4222 668 4287 hominis
711 4223 1039 4311 insignia”,
1087 4227 1179 4290 sie
1223 4226 1508 4314 legimus
1553 4228 1721 4313 apud
1768 4226 2141 4292 Halmium:

482 4324 912 4402 „Deliciarum
982 4348 1170 4395 eausa
1231 4335 1297 4394 et
1357 4331 1708 4417 voluptatis
1768 4354 1885 4397 non
1945 4333 2111 4398 modo
2173 4333 2593 4407 adolescentes,
2640 4322 2725 4389 nl
