<?xml version="1.0" encoding="UTF-8"?>
<!DOCTYPE html PUBLIC "-//W3C//DTD XHTML 1.0 Transitional//EN"
    "http://www.w3.org/TR/xhtml1/DTD/xhtml1-transitional.dtd">
<html xmlns="http://www.w3.org/1999/xhtml" xml:lang="en" lang="en">
 <head>
  <title>
</title>
<meta http-equiv="Content-Type" content="text/html;charset=utf-8" />
  <meta name='ocr-system' content='tesseract 3.04.00' />
  <meta name='ocr-capabilities' content='ocr_page ocr_carea ocr_par ocr_line ocrx_word'/>
</head>
<body>
  <div class='ocr_page' id='page_1' title='image "./mnemosynebiblio09servgoog_0900.png"; bbox 0 0 2934 5050; ppageno 0'>
   <div class='ocr_carea' id='block_1_1' title="bbox 355 257 2037 330">
    <p class='ocr_par' dir='ltr' id='par_1_1' title="bbox 355 257 2037 330">
     <span class='ocr_line' id='line_1_1' title="bbox 355 257 2037 330; baseline 0.002 -5"><span class='ocrx_word' id='word_1_1' title='bbox 355 257 490 326; x_wconf 82' lang='lat'><strong>328</strong></span> <span class='ocrx_word' id='word_1_2' title='bbox 1013 278 1102 325; x_wconf 77' lang='lat' dir='ltr'><strong>An</strong></span> <span class='ocrx_word' id='word_1_3' title='bbox 1145 279 1604 328; x_wconf 69' lang='lat' dir='ltr'><strong>Anmonocnm</strong></span> <span class='ocrx_word' id='word_1_4' title='bbox 1646 281 2037 330; x_wconf 60' lang='lat' dir='ltr'><strong>ramnum.</strong></span> 
     </span>
    </p>
   </div>
   <div class='ocr_carea' id='block_1_2' title="bbox 360 445 2754 1892">
    <p class='ocr_par' dir='ltr' id='par_1_2' title="bbox 360 445 2754 1892">
     <span class='ocr_line' id='line_1_2' title="bbox 360 445 2754 534; baseline 0.005 -25"><span class='ocrx_word' id='word_1_5' title='bbox 360 447 541 528; x_wconf 89' lang='lat' dir='ltr'><strong>quasi</strong></span> <span class='ocrx_word' id='word_1_6' title='bbox 598 466 748 512; x_wconf 83' lang='lat' dir='ltr'><strong>vero</strong></span> <span class='ocrx_word' id='word_1_7' title='bbox 806 448 1032 523; x_wconf 72' lang='grc' dir='ltr'><strong>ἱππῆες</strong></span> <span class='ocrx_word' id='word_1_8' title='bbox 1095 445 1424 513; x_wconf 79' lang='lat' dir='ltr'>Homerici</span> <span class='ocrx_word' id='word_1_9' title='bbox 1488 451 1829 534; x_wconf 86' lang='lat' dir='ltr'><strong>quicquam</strong></span> <span class='ocrx_word' id='word_1_10' title='bbox 1875 471 2213 517; x_wconf 87' lang='lat' dir='ltr'><strong>commune</strong></span> <span class='ocrx_word' id='word_1_11' title='bbox 2259 451 2539 517; x_wconf 76' lang='lat' dir='ltr'>habeant</span> <span class='ocrx_word' id='word_1_12' title='bbox 2586 476 2754 521; x_wconf 83' lang='lat' dir='ltr'><strong>cum</strong></span> 
     </span>
     <span class='ocr_line' id='line_1_3' title="bbox 360 550 675 635; baseline 0.01 -22"><span class='ocrx_word' id='word_1_13' title='bbox 360 550 675 635; x_wconf 67' lang='lat' dir='ltr'><strong>equitibus.</strong></span> 
     </span>
     <span class='ocr_line' id='line_1_4' title="bbox 449 654 986 743; baseline -0.002 -21"><span class='ocrx_word' id='word_1_14' title='bbox 449 655 670 743; x_wconf 83' lang='lat' dir='ltr'><strong>Epigr.</strong></span> <span class='ocrx_word' id='word_1_15' title='bbox 722 654 874 722; x_wconf 84' lang='lat'><strong>683.</strong></span> <span class='ocrx_word' id='word_1_16' title='bbox 923 654 986 722; x_wconf 90' lang='grc'><strong>8.</strong></span> 
     </span>
     <span class='ocr_line' id='line_1_5' title="bbox 772 760 2231 844; baseline 0.001 -18"><span class='ocrx_word' id='word_1_17' title='bbox 772 760 1017 835; x_wconf 80' lang='grc' dir='ltr'><strong><em>Γέσσιος</em></strong></span> <span class='ocrx_word' id='word_1_18' title='bbox 1057 762 1190 827; x_wconf 77' lang='grc' dir='ltr'><strong>οὐδὲ</strong></span> <span class='ocrx_word' id='word_1_19' title='bbox 1234 761 1517 841; x_wconf 81' lang='grc' dir='ltr'><strong><em>χέσειν</em></strong></span> <span class='ocrx_word' id='word_1_20' title='bbox 1563 763 1799 828; x_wconf 79' lang='grc' dir='ltr'><strong><em>εὔτονον</em></strong></span> <span class='ocrx_word' id='word_1_21' title='bbox 1843 761 2007 844; x_wconf 76' lang='grc' dir='ltr'><strong>ἧπαρ</strong></span> <span class='ocrx_word' id='word_1_22' title='bbox 2053 761 2231 841; x_wconf 78' lang='grc' dir='ltr'><strong>ἔχων.</strong></span> 
     </span>
     <span class='ocr_line' id='line_1_6' title="bbox 360 865 2753 953; baseline 0.001 -22"><span class='ocrx_word' id='word_1_23' title='bbox 360 865 647 932; x_wconf 81' lang='lat' dir='ltr'>Pessime</span> <span class='ocrx_word' id='word_1_24' title='bbox 691 866 964 932; x_wconf 82' lang='lat' dir='ltr'><strong>Bothius</strong></span> <span class='ocrx_word' id='word_1_25' title='bbox 996 865 1187 944; x_wconf 81' lang='grc' dir='ltr'><strong><em>χέσαι</em></strong></span> <span class='ocrx_word' id='word_1_26' title='bbox 1226 868 1313 944; x_wconf 72' lang='grc' dir='ltr'><strong>γ’,</strong></span> <span class='ocrx_word' id='word_1_27' title='bbox 1362 866 1531 951; x_wconf 89' lang='lat' dir='ltr'><strong>quod</strong></span> <span class='ocrx_word' id='word_1_28' title='bbox 1570 870 1770 933; x_wconf 87' lang='lat' dir='ltr'><strong>miror</strong></span> <span class='ocrx_word' id='word_1_29' title='bbox 1811 869 2064 953; x_wconf 88' lang='lat' dir='ltr'><strong>probari</strong></span> <span class='ocrx_word' id='word_1_30' title='bbox 2107 887 2146 932; x_wconf 87' lang='lat' dir='ltr'><strong>a</strong></span> <span class='ocrx_word' id='word_1_31' title='bbox 2180 867 2536 934; x_wconf 90' lang='lat' dir='ltr'><strong>Duebnero.</strong></span> <span class='ocrx_word' id='word_1_32' title='bbox 2584 869 2753 935; x_wconf 87' lang='lat' dir='ltr'><strong>Pro-</strong></span> 
     </span>
     <span class='ocr_line' id='line_1_7' title="bbox 363 968 2749 1059; baseline 0 -23"><span class='ocrx_word' id='word_1_33' title='bbox 363 969 470 1036; x_wconf 87' lang='lat' dir='ltr'><strong>cul</strong></span> <span class='ocrx_word' id='word_1_34' title='bbox 513 970 708 1036; x_wconf 87' lang='lat' dir='ltr'><strong>dubio</strong></span> <span class='ocrx_word' id='word_1_35' title='bbox 751 968 1144 1054; x_wconf 86' lang='lat' dir='ltr'><strong>reponendus</strong></span> <span class='ocrx_word' id='word_1_36' title='bbox 1187 973 1481 1038; x_wconf 86' lang='lat' dir='ltr'><strong>Aoristus</strong></span> <span class='ocrx_word' id='word_1_37' title='bbox 1502 970 1566 1038; x_wconf 88' lang='lat' dir='ltr'>H</span> <span class='ocrx_word' id='word_1_38' title='bbox 1607 995 1663 1052; x_wconf 80' lang='grc' dir='ltr'><em>χ</em></span> <span class='ocrx_word' id='word_1_39' title='bbox 1680 996 1708 1037; x_wconf 78' lang='grc' dir='ltr'><strong><em>ε</em></strong></span> <span class='ocrx_word' id='word_1_40' title='bbox 1729 997 1767 1037; x_wconf 98' lang='grc' dir='ltr'><strong><em>σ</em></strong></span> <span class='ocrx_word' id='word_1_41' title='bbox 1785 997 1815 1036; x_wconf 84' lang='grc' dir='ltr'><em>ε</em></span> <span class='ocrx_word' id='word_1_42' title='bbox 1832 979 1925 1037; x_wconf 67' lang='lat' dir='ltr'><strong>fv.</strong></span> <span class='ocrx_word' id='word_1_43' title='bbox 1976 969 2073 1039; x_wconf 85' lang='lat' dir='ltr'><strong>Of.</strong></span> <span class='ocrx_word' id='word_1_44' title='bbox 2115 973 2313 1038; x_wconf 83' lang='lat' dir='ltr'><strong>Arist.</strong></span> <span class='ocrx_word' id='word_1_45' title='bbox 2349 970 2749 1059; x_wconf 79' lang='lat' dir='ltr'><strong>Thesmoph.</strong></span> 
     </span>
     <span class='ocr_line' id='line_1_8' title="bbox 363 1072 1176 1159; baseline -0.006 -16"><span class='ocrx_word' id='word_1_46' title='bbox 363 1072 498 1143; x_wconf 74' lang='lat'><strong>570</strong></span> <span class='ocrx_word' id='word_1_47' title='bbox 542 1075 758 1159; x_wconf 77' lang='lat' dir='ltr'><strong>ibique</strong></span> <span class='ocrx_word' id='word_1_48' title='bbox 802 1074 1176 1141; x_wconf 83' lang='lat' dir='ltr'><strong>Fritschius.</strong></span> 
     </span>
     <span class='ocr_line' id='line_1_9' title="bbox 453 1177 990 1267; baseline -0.007 -21"><span class='ocrx_word' id='word_1_49' title='bbox 453 1179 675 1267; x_wconf 83' lang='lat' dir='ltr'><strong>Epigr.</strong></span> <span class='ocrx_word' id='word_1_50' title='bbox 725 1177 877 1244; x_wconf 84' lang='lat'>686.</span> <span class='ocrx_word' id='word_1_51' title='bbox 928 1177 990 1243; x_wconf 84' lang='lat'><strong>6.</strong></span> 
     </span>
     <span class='ocr_line' id='line_1_10' title="bbox 635 1280 2468 1368; baseline 0.001 -21"><span class='ocrx_word' id='word_1_52' title='bbox 635 1286 740 1350; x_wconf 81' lang='grc' dir='ltr'><strong>τὸν</strong></span> <span class='ocrx_word' id='word_1_53' title='bbox 787 1281 851 1348; x_wconf 76' lang='grc' dir='ltr'><strong>δέ</strong></span> <span class='ocrx_word' id='word_1_54' title='bbox 893 1283 1045 1363; x_wconf 71' lang='grc' dir='ltr'><strong>μέγ’</strong></span> <span class='ocrx_word' id='word_1_55' title='bbox 1091 1280 1381 1364; x_wconf 72' lang='grc' dir='ltr'><strong><em>ὀχθήσας</em></strong></span> <span class='ocrx_word' id='word_1_56' title='bbox 1431 1283 1708 1368; x_wconf 74' lang='grc' dir='ltr'><strong><em>προσέφη</em></strong></span> <span class='ocrx_word' id='word_1_57' title='bbox 1752 1286 1858 1351; x_wconf 76' lang='grc' dir='ltr'><strong>καὶ</strong></span> <span class='ocrx_word' id='word_1_58' title='bbox 1901 1282 2146 1358; x_wconf 77' lang='grc' dir='ltr'><strong><em>Γέσσιος</em></strong></span> <span class='ocrx_word' id='word_1_59' title='bbox 2196 1283 2468 1358; x_wconf 68' lang='grc' dir='ltr'><strong>εὐθύς.</strong></span> 
     </span>
     <span class='ocr_line' id='line_1_11' title="bbox 456 1384 2751 1475; baseline 0.001 -21"><span class='ocrx_word' id='word_1_60' title='bbox 456 1387 877 1454; x_wconf 82' lang='lat' dir='ltr'><strong>Scribendum</strong></span> <span class='ocrx_word' id='word_1_61' title='bbox 929 1408 1063 1454; x_wconf 89' lang='lat' dir='ltr'><strong>esse</strong></span> <span class='ocrx_word' id='word_1_62' title='bbox 1126 1410 1169 1451; x_wconf 91' lang='grc' dir='ltr'><strong><em>α</em></strong></span> <span class='ocrx_word' id='word_1_63' title='bbox 1186 1384 1219 1453; x_wconf 77' lang='grc' dir='ltr'>ὗ</span> <span class='ocrx_word' id='word_1_64' title='bbox 1236 1384 1316 1453; x_wconf 64' lang='lat' dir='ltr'><strong>&amp;a</strong></span> <span class='ocrx_word' id='word_1_65' title='bbox 1336 1412 1366 1460; x_wconf 83' lang='grc' dir='ltr'><strong><em>ς</em></strong></span> <span class='ocrx_word' id='word_1_66' title='bbox 1387 1436 1404 1465; x_wconf 91' lang='grc'><strong>,</strong></span> <span class='ocrx_word' id='word_1_67' title='bbox 1467 1389 1573 1455; x_wconf 81' lang='lat' dir='ltr'><strong>vel</strong></span> <span class='ocrx_word' id='word_1_68' title='bbox 1629 1393 1845 1475; x_wconf 88' lang='lat' dir='ltr'><strong>potius</strong></span> <span class='ocrx_word' id='word_1_69' title='bbox 1905 1386 2080 1462; x_wconf 81' lang='grc' dir='ltr'><strong><em>αὖτις</em></strong></span> <span class='ocrx_word' id='word_1_70' title='bbox 2101 1434 2119 1466; x_wconf 94' lang='grc'><strong>,</strong></span> <span class='ocrx_word' id='word_1_71' title='bbox 2177 1389 2361 1455; x_wconf 88' lang='lat' dir='ltr'><strong>docet</strong></span> <span class='ocrx_word' id='word_1_72' title='bbox 2404 1391 2751 1457; x_wconf 78' lang='lat' dir='ltr'><strong>manifesta</strong></span> 
     </span>
     <span class='ocr_line' id='line_1_12' title="bbox 365 1490 2127 1578; baseline -0.002 -18"><span class='ocrx_word' id='word_1_73' title='bbox 365 1494 645 1560; x_wconf 78' lang='lat' dir='ltr'><strong>imitatio</strong></span> <span class='ocrx_word' id='word_1_74' title='bbox 688 1491 987 1570; x_wconf 79' lang='lat' dir='ltr'><strong>Homeri,</strong></span> <span class='ocrx_word' id='word_1_75' title='bbox 1037 1494 1149 1577; x_wconf 85' lang='lat' dir='ltr'><strong>qui</strong></span> <span class='ocrx_word' id='word_1_76' title='bbox 1190 1494 1446 1578; x_wconf 75' lang='lat' dir='ltr'><strong>ignorat</strong></span> <span class='ocrx_word' id='word_1_77' title='bbox 1490 1494 1867 1560; x_wconf 79' lang='lat' dir='ltr'><strong>adverbium</strong></span> <span class='ocrx_word' id='word_1_78' title='bbox 1912 1490 2127 1566; x_wconf 70' lang='grc' dir='ltr'><strong>εὐθύς.</strong></span> 
     </span>
     <span class='ocr_line' id='line_1_13' title="bbox 456 1594 880 1685; baseline 0 -24"><span class='ocrx_word' id='word_1_79' title='bbox 456 1598 678 1685; x_wconf 80' lang='lat' dir='ltr'><strong>Epigr.</strong></span> <span class='ocrx_word' id='word_1_80' title='bbox 728 1594 880 1662; x_wconf 83' lang='lat'><strong>700.</strong></span> 
     </span>
     <span class='ocr_line' id='line_1_14' title="bbox 629 1701 2397 1787; baseline -0.003 -16"><span class='ocrx_word' id='word_1_81' title='bbox 629 1705 778 1772; x_wconf 74' lang='grc' dir='ltr'><strong>Ἴςω</strong></span> <span class='ocrx_word' id='word_1_82' title='bbox 827 1701 1038 1773; x_wconf 66' lang='grc' dir='ltr'><strong><em>νυκτὸς</em></strong></span> <span class='ocrx_word' id='word_1_83' title='bbox 1083 1703 1320 1780; x_wconf 72' lang='grc' dir='ltr'><strong>ἐμῆς,</strong></span> <span class='ocrx_word' id='word_1_84' title='bbox 1370 1701 1407 1777; x_wconf 75' lang='grc' dir='ltr'><strong><em>ἥ</em></strong></span> <span class='ocrx_word' id='word_1_85' title='bbox 1452 1706 1524 1781; x_wconf 76' lang='grc' dir='ltr'><strong>μ’</strong></span> <span class='ocrx_word' id='word_1_86' title='bbox 1569 1704 1862 1787; x_wconf 80' lang='grc' dir='ltr'><strong>ἔκρυφεν,</strong></span> <span class='ocrx_word' id='word_1_87' title='bbox 1915 1703 2075 1769; x_wconf 75' lang='grc' dir='ltr'><strong><em>οἰκία</em></strong></span> <span class='ocrx_word' id='word_1_88' title='bbox 2120 1705 2397 1767; x_wconf 85' lang='grc' dir='ltr'><strong><em>ταῦτα</em></strong></span> 
     </span>
     <span class='ocr_line' id='line_1_15' title="bbox 729 1806 2218 1892; baseline -0.001 -20"><span class='ocrx_word' id='word_1_89' title='bbox 729 1806 952 1885; x_wconf 69' lang='grc' dir='ltr'><strong>λάινα,</strong></span> <span class='ocrx_word' id='word_1_90' title='bbox 1003 1811 1289 1872; x_wconf 79' lang='grc' dir='ltr'><strong><em>Κωκυτοῦ</em></strong></span> <span class='ocrx_word' id='word_1_91' title='bbox 1333 1813 1394 1872; x_wconf 90' lang='grc' dir='ltr'><strong>τ’</strong></span> <span class='ocrx_word' id='word_1_92' title='bbox 1444 1808 1845 1892; x_wconf 68' lang='grc' dir='ltr'><strong><em>ἀμφιγόητον</em></strong></span> <span class='ocrx_word' id='word_1_93' title='bbox 1894 1806 2042 1888; x_wconf 78' lang='grc' dir='ltr'><strong>ὕδωρ</strong></span> <span class='ocrx_word' id='word_1_94' title='bbox 2090 1808 2218 1871; x_wconf 82' lang='grc' dir='ltr'><strong>κτὲ.</strong></span> 
     </span>
    </p>
   </div>
   <div class='ocr_carea' id='block_1_3' title="bbox 458 1909 2513 2188">
    <p class='ocr_par' dir='ltr' id='par_1_3' title="bbox 458 1909 2513 2188">
     <span class='ocr_line' id='line_1_16' title="bbox 458 1909 761 1980; baseline -0.007 0"><span class='ocrx_word' id='word_1_95' title='bbox 458 1909 550 1980; x_wconf 79' lang='lat' dir='ltr'><strong>Co</strong></span> <span class='ocrx_word' id='word_1_96' title='bbox 619 1914 632 1929; x_wconf 82' lang='lat'><strong>‘</strong></span> <span class='ocrx_word' id='word_1_97' title='bbox 740 1939 761 1978; x_wconf 89' lang='lat'><strong>.·</strong></span> 
     </span>
     <span class='ocr_line' id='line_1_17' title="bbox 550 1932 2513 2101; baseline -0.001 -17"><span class='ocrx_word' id='word_1_98' title='bbox 550 1932 779 2084; x_wconf 53' lang='grc' dir='ltr'><strong>Ἕω</strong></span> <span class='ocrx_word' id='word_1_99' title='bbox 828 2016 1038 2090; x_wconf 79' lang='grc' dir='ltr'><strong><em>νυκτὸς</em></strong></span> <span class='ocrx_word' id='word_1_100' title='bbox 1087 2015 1370 2097; x_wconf 79' lang='grc' dir='ltr'><strong>ἕρέμν’,</strong></span> <span class='ocrx_word' id='word_1_101' title='bbox 1422 2017 1460 2094; x_wconf 74' lang='grc' dir='ltr'><em>ἤ</em></span> <span class='ocrx_word' id='word_1_102' title='bbox 1504 2020 1576 2095; x_wconf 79' lang='grc' dir='ltr'><strong>μ’</strong></span> <span class='ocrx_word' id='word_1_103' title='bbox 1625 2017 1924 2101; x_wconf 80' lang='grc' dir='ltr'><strong>ἔκρυφεν,</strong></span> <span class='ocrx_word' id='word_1_104' title='bbox 1974 2019 2137 2083; x_wconf 77' lang='grc' dir='ltr'><strong><em>οἰκία</em></strong></span> <span class='ocrx_word' id='word_1_105' title='bbox 2182 2019 2243 2082; x_wconf 85' lang='grc' dir='ltr'><strong>τ’</strong></span> <span class='ocrx_word' id='word_1_106' title='bbox 2292 2018 2513 2082; x_wconf 71' lang='grc' dir='ltr'><strong><em>αὐτοὶ</em></strong></span> 
     </span>
     <span class='ocr_line' id='line_1_18' title="bbox 641 2120 1008 2188; baseline 0.005 -3"><span class='ocrx_word' id='word_1_107' title='bbox 641 2120 828 2186; x_wconf 69' lang='grc' dir='ltr'><strong><em>λάινα</em></strong></span> <span class='ocrx_word' id='word_1_108' title='bbox 882 2122 1008 2188; x_wconf 80' lang='grc' dir='ltr'><strong>κτὲ.</strong></span> 
     </span>
    </p>
   </div>
   <div class='ocr_carea' id='block_1_4' title="bbox 364 2224 2751 4092">
    <p class='ocr_par' dir='ltr' id='par_1_4' title="bbox 366 2224 2751 2730">
     <span class='ocr_line' id='line_1_19' title="bbox 381 2224 2751 2313; baseline -0.002 -19"><span class='ocrx_word' id='word_1_109' title='bbox 381 2227 582 2294; x_wconf 69' lang='lat' dir='ltr'><strong>Testes</strong></span> <span class='ocrx_word' id='word_1_110' title='bbox 638 2226 721 2290; x_wconf 80' lang='lat' dir='ltr'><strong>mi</strong></span> <span class='ocrx_word' id='word_1_111' title='bbox 779 2228 968 2292; x_wconf 70' lang='lat' dir='ltr'><strong>noctis</strong></span> <span class='ocrx_word' id='word_1_112' title='bbox 1024 2227 1405 2312; x_wconf 74' lang='lat' dir='ltr'><em>tenebraeque</em></span> <span class='ocrx_word' id='word_1_113' title='bbox 1463 2229 1766 2313; x_wconf 55' lang='lat' dir='ltr'><strong>ipsumque</strong></span> <span class='ocrx_word' id='word_1_114' title='bbox 1824 2229 2174 2312; x_wconf 65' lang='lat' dir='ltr'><strong>sepulcrum.</strong></span> <span class='ocrx_word' id='word_1_115' title='bbox 2232 2226 2480 2298; x_wconf 80' lang='grc' dir='ltr'><strong><em>Νυκτὸς</em></strong></span> <span class='ocrx_word' id='word_1_116' title='bbox 2527 2224 2751 2306; x_wconf 55' lang='lat' dir='ltr'><strong>§penui</strong></span> 
     </span>
     <span class='ocr_line' id='line_1_20' title="bbox 371 2329 2750 2416; baseline 0 -21"><span class='ocrx_word' id='word_1_117' title='bbox 371 2329 573 2408; x_wconf 86' lang='lat' dir='ltr'><strong>dixit,</strong></span> <span class='ocrx_word' id='word_1_118' title='bbox 636 2336 712 2395; x_wconf 89' lang='lat' dir='ltr'><strong>ut</strong></span> <span class='ocrx_word' id='word_1_119' title='bbox 771 2330 1108 2416; x_wconf 82' lang='lat' dir='ltr'><strong>Euripides</strong></span> <span class='ocrx_word' id='word_1_120' title='bbox 1168 2331 1406 2397; x_wconf 87' lang='lat' dir='ltr'><strong>Phoen.</strong></span> <span class='ocrx_word' id='word_1_121' title='bbox 1459 2331 1636 2416; x_wconf 74' lang='lat'>1500</span> <span class='ocrx_word' id='word_1_122' title='bbox 1691 2332 1867 2413; x_wconf 66' lang='grc' dir='ltr'><strong>ἁβρὰ</strong></span> <span class='ocrx_word' id='word_1_123' title='bbox 1930 2331 2221 2412; x_wconf 73' lang='grc' dir='ltr'><strong>παρηίδος</strong></span> <span class='ocrx_word' id='word_1_124' title='bbox 2284 2334 2351 2395; x_wconf 88' lang='lat' dir='ltr'><strong>et</strong></span> <span class='ocrx_word' id='word_1_125' title='bbox 2410 2329 2750 2416; x_wconf 80' lang='lat' dir='ltr'><strong>Sophocles</strong></span> 
     </span>
     <span class='ocr_line' id='line_1_21' title="bbox 368 2432 2749 2521; baseline -0.001 -20"><span class='ocrx_word' id='word_1_126' title='bbox 368 2435 593 2521; x_wconf 81' lang='lat' dir='ltr'><strong>Antig.</strong></span> <span class='ocrx_word' id='word_1_127' title='bbox 645 2433 818 2499; x_wconf 84' lang='lat'>1209</span> <span class='ocrx_word' id='word_1_128' title='bbox 877 2432 1101 2511; x_wconf 72' lang='grc' dir='ltr'><strong><em>ἄσημα</em></strong></span> <span class='ocrx_word' id='word_1_129' title='bbox 1161 2434 1335 2513; x_wconf 75' lang='grc' dir='ltr'><strong><em>βοῆς.</em></strong></span> <span class='ocrx_word' id='word_1_130' title='bbox 1419 2434 1574 2501; x_wconf 80' lang='lat' dir='ltr'><strong>Tres</strong></span> <span class='ocrx_word' id='word_1_131' title='bbox 1634 2436 1896 2514; x_wconf 89' lang='lat' dir='ltr'><strong>mulier,</strong></span> <span class='ocrx_word' id='word_1_132' title='bbox 1961 2456 2157 2521; x_wconf 89' lang='lat' dir='ltr'><strong>quam</strong></span> <span class='ocrx_word' id='word_1_133' title='bbox 2213 2434 2386 2500; x_wconf 82' lang='lat' dir='ltr'><strong>fama</strong></span> <span class='ocrx_word' id='word_1_134' title='bbox 2430 2434 2670 2501; x_wconf 85' lang='lat' dir='ltr'><strong>ferebat</strong></span> <span class='ocrx_word' id='word_1_135' title='bbox 2712 2454 2749 2498; x_wconf 82' lang='lat' dir='ltr'><strong>a</strong></span> 
     </span>
     <span class='ocr_line' id='line_1_22' title="bbox 366 2541 2745 2620; baseline 0.001 -15"><span class='ocrx_word' id='word_1_136' title='bbox 366 2542 602 2606; x_wconf 86' lang='lat' dir='ltr'><strong>marito</strong></span> <span class='ocrx_word' id='word_1_137' title='bbox 646 2560 761 2605; x_wconf 88' lang='lat' dir='ltr'><strong>suo</strong></span> <span class='ocrx_word' id='word_1_138' title='bbox 805 2545 1095 2606; x_wconf 80' lang='lat' dir='ltr'><strong>necatam</strong></span> <span class='ocrx_word' id='word_1_139' title='bbox 1142 2561 1307 2618; x_wconf 90' lang='lat' dir='ltr'><strong>esse,</strong></span> <span class='ocrx_word' id='word_1_140' title='bbox 1357 2545 1611 2608; x_wconf 85' lang='lat' dir='ltr'><strong>invocat</strong></span> <span class='ocrx_word' id='word_1_141' title='bbox 1656 2542 1782 2607; x_wconf 90' lang='lat' dir='ltr'><strong>sibi</strong></span> <span class='ocrx_word' id='word_1_142' title='bbox 1819 2546 2043 2620; x_wconf 85' lang='lat' dir='ltr'><strong>testes,</strong></span> <span class='ocrx_word' id='word_1_143' title='bbox 2092 2541 2329 2607; x_wconf 85' lang='lat' dir='ltr'><strong>falsum</strong></span> <span class='ocrx_word' id='word_1_144' title='bbox 2369 2564 2505 2609; x_wconf 87' lang='lat' dir='ltr'><strong>esse</strong></span> <span class='ocrx_word' id='word_1_145' title='bbox 2546 2544 2745 2608; x_wconf 86' lang='lat' dir='ltr'><strong>istum</strong></span> 
     </span>
     <span class='ocr_line' id='line_1_23' title="bbox 367 2638 2290 2730; baseline 0.001 -20"><span class='ocrx_word' id='word_1_146' title='bbox 367 2665 692 2711; x_wconf 89' lang='lat' dir='ltr'><strong>rumorem</strong></span> <span class='ocrx_word' id='word_1_147' title='bbox 707 2691 725 2723; x_wconf 87' lang='lat'><strong><em>,</em></strong></span> <span class='ocrx_word' id='word_1_148' title='bbox 772 2651 1026 2711; x_wconf 89' lang='lat' dir='ltr'><strong>noctem</strong></span> <span class='ocrx_word' id='word_1_149' title='bbox 1043 2692 1059 2723; x_wconf 90' lang='lat'><strong><em>,</em></strong></span> <span class='ocrx_word' id='word_1_150' title='bbox 1110 2665 1236 2729; x_wconf 90' lang='lat' dir='ltr'><strong>qua</strong></span> <span class='ocrx_word' id='word_1_151' title='bbox 1280 2647 1475 2724; x_wconf 88' lang='lat' dir='ltr'><strong>obiit,</strong></span> <span class='ocrx_word' id='word_1_152' title='bbox 1522 2645 1885 2730; x_wconf 86' lang='lat' dir='ltr'><strong>sepulcrum</strong></span> <span class='ocrx_word' id='word_1_153' title='bbox 1922 2638 1996 2712; x_wconf 66' lang='lat' dir='ltr'><strong>et</strong></span> <span class='ocrx_word' id='word_1_154' title='bbox 2037 2646 2290 2714; x_wconf 87' lang='lat' dir='ltr'><strong>inferos.</strong></span> 
     </span>
    </p>

    <p class='ocr_par' dir='ltr' id='par_1_5' title="bbox 459 2747 997 2837">
     <span class='ocr_line' id='line_1_24' title="bbox 459 2747 997 2837; baseline -0.004 -22"><span class='ocrx_word' id='word_1_155' title='bbox 459 2748 680 2837; x_wconf 84' lang='lat' dir='ltr'><strong>Epigr.</strong></span> <span class='ocrx_word' id='word_1_156' title='bbox 731 2747 886 2815; x_wconf 83' lang='grc'><strong>723.</strong></span> <span class='ocrx_word' id='word_1_157' title='bbox 933 2747 997 2813; x_wconf 90' lang='grc'><strong>3.</strong></span> 
     </span>
    </p>

    <p class='ocr_par' dir='ltr' id='par_1_6' title="bbox 940 2852 2293 2933">
     <span class='ocr_line' id='line_1_25' title="bbox 940 2852 2293 2933; baseline 0.001 -15"><span class='ocrx_word' id='word_1_158' title='bbox 940 2852 1122 2918; x_wconf 75' lang='grc' dir='ltr'><strong><em>οἰωνοὶ</em></strong></span> <span class='ocrx_word' id='word_1_159' title='bbox 1168 2854 1232 2918; x_wconf 80' lang='grc' dir='ltr'><strong>δὲ</strong></span> <span class='ocrx_word' id='word_1_160' title='bbox 1281 2853 1451 2919; x_wconf 73' lang='grc' dir='ltr'><strong><em>κατα</em></strong></span> <span class='ocrx_word' id='word_1_161' title='bbox 1495 2852 1801 2933; x_wconf 70' lang='grc' dir='ltr'><strong><em>χθονὸς</em></strong></span> <span class='ocrx_word' id='word_1_162' title='bbox 1850 2856 2009 2920; x_wconf 78' lang='grc' dir='ltr'><strong><em>οἰκία</em></strong></span> <span class='ocrx_word' id='word_1_163' title='bbox 2056 2852 2293 2927; x_wconf 68' lang='grc' dir='ltr'><strong>θέντες.</strong></span> 
     </span>
    </p>

    <p class='ocr_par' dir='ltr' id='par_1_7' title="bbox 364 2955 2739 3357">
     <span class='ocr_line' id='line_1_26' title="bbox 455 2955 2739 3027; baseline 0.001 -3"><span class='ocrx_word' id='word_1_164' title='bbox 455 2957 518 3024; x_wconf 89' lang='lat' dir='ltr'>N</span> <span class='ocrx_word' id='word_1_165' title='bbox 520 2978 602 3024; x_wconf 89' lang='lat' dir='ltr'><strong>on</strong></span> <span class='ocrx_word' id='word_1_166' title='bbox 642 2958 749 3022; x_wconf 66' lang='lat' dir='ltr'><strong>sub</strong></span> <span class='ocrx_word' id='word_1_167' title='bbox 795 2960 963 3023; x_wconf 89' lang='lat' dir='ltr'><strong>terra</strong></span> <span class='ocrx_word' id='word_1_168' title='bbox 1004 2955 1114 3022; x_wconf 88' lang='lat' dir='ltr'><strong>sed</strong></span> <span class='ocrx_word' id='word_1_169' title='bbox 1158 2958 1225 3022; x_wconf 76' lang='lat' dir='ltr'><strong>in</strong></span> <span class='ocrx_word' id='word_1_170' title='bbox 1264 2964 1431 3024; x_wconf 87' lang='lat' dir='ltr'><strong>terra</strong></span> <span class='ocrx_word' id='word_1_171' title='bbox 1474 2979 1622 3026; x_wconf 83' lang='lat' dir='ltr'><strong>aves</strong></span> <span class='ocrx_word' id='word_1_172' title='bbox 1658 2959 1840 3025; x_wconf 83' lang='lat' dir='ltr'><strong>nidos</strong></span> <span class='ocrx_word' id='word_1_173' title='bbox 1879 2980 2027 3026; x_wconf 89' lang='lat' dir='ltr'><strong>suos</strong></span> <span class='ocrx_word' id='word_1_174' title='bbox 2062 2959 2416 3026; x_wconf 85' lang='lat' dir='ltr'><strong>aedificant.</strong></span> <span class='ocrx_word' id='word_1_175' title='bbox 2462 2960 2739 3027; x_wconf 83' lang='lat' dir='ltr'><strong>Incertus</strong></span> 
     </span>
     <span class='ocr_line' id='line_1_27' title="bbox 364 3062 2735 3151; baseline 0.001 -22"><span class='ocrx_word' id='word_1_176' title='bbox 364 3062 559 3130; x_wconf 85' lang='lat' dir='ltr'><strong>huius</strong></span> <span class='ocrx_word' id='word_1_177' title='bbox 602 3064 1086 3149; x_wconf 79' lang='lat' dir='ltr'><strong>epigrammatis</strong></span> <span class='ocrx_word' id='word_1_178' title='bbox 1129 3067 1346 3128; x_wconf 81' lang='lat' dir='ltr'><strong>auctor</strong></span> <span class='ocrx_word' id='word_1_179' title='bbox 1390 3064 1472 3128; x_wconf 90' lang='lat' dir='ltr'><strong>ad</strong></span> <span class='ocrx_word' id='word_1_180' title='bbox 1504 3068 1795 3130; x_wconf 83' lang='lat' dir='ltr'><strong>veterum</strong></span> <span class='ocrx_word' id='word_1_181' title='bbox 1830 3067 2154 3149; x_wconf 88' lang='lat' dir='ltr'><strong>epicorum</strong></span> <span class='ocrx_word' id='word_1_182' title='bbox 2190 3064 2561 3151; x_wconf 77' lang='lat' dir='ltr'><strong>exemplum</strong></span> <span class='ocrx_word' id='word_1_183' title='bbox 2595 3086 2735 3131; x_wconf 88' lang='lat' dir='ltr'><strong>cum</strong></span> 
     </span>
     <span class='ocr_line' id='line_1_28' title="bbox 366 3166 2733 3254; baseline 0 -21"><span class='ocrx_word' id='word_1_184' title='bbox 366 3166 548 3233; x_wconf 89' lang='lat' dir='ltr'><strong>hiatu</strong></span> <span class='ocrx_word' id='word_1_185' title='bbox 566 3214 583 3244; x_wconf 90' lang='lat'><em>,</em></span> <span class='ocrx_word' id='word_1_186' title='bbox 653 3172 728 3231; x_wconf 91' lang='lat' dir='ltr'><strong>ut</strong></span> <span class='ocrx_word' id='word_1_187' title='bbox 787 3168 1052 3252; x_wconf 74' lang='lat' dir='ltr'><strong>posteris</strong></span> <span class='ocrx_word' id='word_1_188' title='bbox 1110 3166 1437 3233; x_wconf 84' lang='lat' dir='ltr'><strong>Aeolicam</strong></span> <span class='ocrx_word' id='word_1_189' title='bbox 1498 3168 1755 3234; x_wconf 87' lang='lat' dir='ltr'><strong>literam</strong></span> <span class='ocrx_word' id='word_1_190' title='bbox 1814 3171 2257 3254; x_wconf 81' lang='lat' dir='ltr'><strong>ignorantibus</strong></span> <span class='ocrx_word' id='word_1_191' title='bbox 2325 3172 2545 3236; x_wconf 80' lang='lat' dir='ltr'><strong>visum</strong></span> <span class='ocrx_word' id='word_1_192' title='bbox 2612 3176 2701 3235; x_wconf 84' lang='lat' dir='ltr'><strong>est</strong></span> <span class='ocrx_word' id='word_1_193' title='bbox 2714 3216 2733 3245; x_wconf 89' lang='lat'><em>,</em></span> 
     </span>
     <span class='ocr_line' id='line_1_29' title="bbox 370 3274 736 3357; baseline -0.005 -19"><span class='ocrx_word' id='word_1_194' title='bbox 370 3274 736 3357; x_wconf 86' lang='lat' dir='ltr'><strong>scripserat:</strong></span> 
     </span>
    </p>

    <p class='ocr_par' dir='ltr' id='par_1_8' title="bbox 368 3378 2734 4092">
     <span class='ocr_line' id='line_1_30' title="bbox 1014 3378 2334 3460; baseline 0.002 -17"><span class='ocrx_word' id='word_1_195' title='bbox 1014 3378 1193 3443; x_wconf 75' lang='grc' dir='ltr'><strong><em>οἰωνοὶ</em></strong></span> <span class='ocrx_word' id='word_1_196' title='bbox 1237 3379 1300 3444; x_wconf 75' lang='grc' dir='ltr'><strong>δὲ</strong></span> <span class='ocrx_word' id='word_1_197' title='bbox 1349 3379 1521 3445; x_wconf 70' lang='grc' dir='ltr'><strong><em>κατὰ</em></strong></span> <span class='ocrx_word' id='word_1_198' title='bbox 1565 3378 1834 3460; x_wconf 71' lang='grc' dir='ltr'><strong><em>χθόνα</em></strong></span> <span class='ocrx_word' id='word_1_199' title='bbox 1884 3381 2046 3445; x_wconf 74' lang='grc' dir='ltr'><strong><em>οἰκία</em></strong></span> <span class='ocrx_word' id='word_1_200' title='bbox 2092 3379 2334 3454; x_wconf 71' lang='grc' dir='ltr'><strong>θέντες.</strong></span> 
     </span>
     <span class='ocr_line' id='line_1_31' title="bbox 371 3475 2733 3563; baseline 0.001 -18"><span class='ocrx_word' id='word_1_201' title='bbox 371 3477 468 3546; x_wconf 86' lang='lat' dir='ltr'><strong>Cf.</strong></span> <span class='ocrx_word' id='word_1_202' title='bbox 531 3478 608 3544; x_wconf 86' lang='lat' dir='ltr'><strong>V.</strong></span> <span class='ocrx_word' id='word_1_203' title='bbox 656 3477 776 3557; x_wconf 82' lang='lat'><strong>45,</strong></span> <span class='ocrx_word' id='word_1_204' title='bbox 845 3478 880 3544; x_wconf 91' lang='grc'><strong>1</strong></span> <span class='ocrx_word' id='word_1_205' title='bbox 939 3483 1025 3546; x_wconf 76' lang='grc' dir='ltr'><strong>τὰ</strong></span> <span class='ocrx_word' id='word_1_206' title='bbox 1073 3475 1118 3547; x_wconf 72' lang='grc' dir='ltr'>ἃ</span> <span class='ocrx_word' id='word_1_207' title='bbox 1159 3482 1481 3563; x_wconf 78' lang='grc' dir='ltr'><strong><em>κέρματα,</em></strong></span> <span class='ocrx_word' id='word_1_208' title='bbox 1534 3482 1621 3550; x_wconf 88' lang='grc'><strong>96</strong></span> <span class='ocrx_word' id='word_1_209' title='bbox 1670 3484 1775 3548; x_wconf 73' lang='grc' dir='ltr'><strong>καὶ</strong></span> <span class='ocrx_word' id='word_1_210' title='bbox 1822 3486 1917 3561; x_wconf 82' lang='grc' dir='ltr'><strong>οἱ,</strong></span> <span class='ocrx_word' id='word_1_211' title='bbox 1971 3483 2101 3549; x_wconf 82' lang='grc'><strong>115</strong></span> <span class='ocrx_word' id='word_1_212' title='bbox 2149 3486 2219 3551; x_wconf 80' lang='grc' dir='ltr'><strong>οὔ</strong></span> <span class='ocrx_word' id='word_1_213' title='bbox 2265 3488 2361 3562; x_wconf 79' lang='grc' dir='ltr'><strong>οἱ,</strong></span> <span class='ocrx_word' id='word_1_214' title='bbox 2419 3485 2554 3550; x_wconf 84' lang='grc'><strong>118</strong></span> <span class='ocrx_word' id='word_1_215' title='bbox 2595 3484 2733 3563; x_wconf 77' lang='grc' dir='ltr'><strong><em>δεξι·</em></strong></span> 
     </span>
     <span class='ocr_line' id='line_1_32' title="bbox 368 3582 2733 3675; baseline 0.001 -26"><span class='ocrx_word' id='word_1_216' title='bbox 368 3583 508 3666; x_wconf 68' lang='grc' dir='ltr'><strong>τέρῃ</strong></span> <span class='ocrx_word' id='word_1_217' title='bbox 554 3585 604 3648; x_wconf 87' lang='grc' dir='ltr'><strong>οἱ</strong></span> <span class='ocrx_word' id='word_1_218' title='bbox 629 3633 645 3662; x_wconf 89' lang='grc'><strong>,</strong></span> <span class='ocrx_word' id='word_1_219' title='bbox 698 3582 865 3659; x_wconf 79' lang='grc'><strong>219,</strong></span> <span class='ocrx_word' id='word_1_220' title='bbox 920 3584 958 3649; x_wconf 87' lang='lat'><strong>3</strong></span> <span class='ocrx_word' id='word_1_221' title='bbox 1004 3586 1067 3650; x_wconf 80' lang='grc' dir='ltr'><strong>δέ</strong></span> <span class='ocrx_word' id='word_1_222' title='bbox 1114 3589 1202 3665; x_wconf 81' lang='grc' dir='ltr'><strong>οἱ,</strong></span> <span class='ocrx_word' id='word_1_223' title='bbox 1251 3587 1357 3652; x_wconf 88' lang='lat' dir='ltr'><strong>VI.</strong></span> <span class='ocrx_word' id='word_1_224' title='bbox 1407 3587 1496 3654; x_wconf 87' lang='grc'><strong>80</strong></span> <span class='ocrx_word' id='word_1_225' title='bbox 1544 3586 1643 3654; x_wconf 78' lang='grc' dir='ltr'><strong>ἵνα</strong></span> <span class='ocrx_word' id='word_1_226' title='bbox 1690 3589 1762 3653; x_wconf 82' lang='grc' dir='ltr'><strong>οἱ.</strong></span> <span class='ocrx_word' id='word_1_227' title='bbox 1827 3589 1977 3653; x_wconf 84' lang='lat' dir='ltr'><strong>Alia</strong></span> <span class='ocrx_word' id='word_1_228' title='bbox 2014 3589 2232 3654; x_wconf 79' lang='lat' dir='ltr'><strong>hiatus</strong></span> <span class='ocrx_word' id='word_1_229' title='bbox 2272 3590 2571 3675; x_wconf 77' lang='lat' dir='ltr'><strong>exempla</strong></span> <span class='ocrx_word' id='word_1_230' title='bbox 2601 3596 2733 3654; x_wconf 87' lang='lat' dir='ltr'><strong>sunt</strong></span> 
     </span>
     <span class='ocr_line' id='line_1_33' title="bbox 369 3686 2734 3775; baseline 0.001 -21"><span class='ocrx_word' id='word_1_231' title='bbox 369 3688 476 3755; x_wconf 82' lang='lat' dir='ltr'><strong>V1.</strong></span> <span class='ocrx_word' id='word_1_232' title='bbox 541 3686 663 3766; x_wconf 83' lang='lat'><strong>57,</strong></span> <span class='ocrx_word' id='word_1_233' title='bbox 730 3687 770 3753; x_wconf 88' lang='lat'>6</span> <span class='ocrx_word' id='word_1_234' title='bbox 833 3687 878 3773; x_wconf 76' lang='grc' dir='ltr'><em>ᾇ</em></span> <span class='ocrx_word' id='word_1_235' title='bbox 940 3688 1076 3768; x_wconf 78' lang='grc' dir='ltr'><strong>ἔπι,</strong></span> <span class='ocrx_word' id='word_1_236' title='bbox 1139 3691 1261 3769; x_wconf 96' lang='grc'><strong>84,</strong></span> <span class='ocrx_word' id='word_1_237' title='bbox 1327 3692 1361 3757; x_wconf 90' lang='grc'><strong>1</strong></span> <span class='ocrx_word' id='word_1_238' title='bbox 1412 3689 1454 3775; x_wconf 82' lang='grc' dir='ltr'><strong><em>ᾧ</em></strong></span> <span class='ocrx_word' id='word_1_239' title='bbox 1505 3692 1640 3767; x_wconf 79' lang='grc' dir='ltr'><strong>ἔπι,</strong></span> <span class='ocrx_word' id='word_1_240' title='bbox 1693 3690 1860 3768; x_wconf 79' lang='grc'><strong>332,</strong></span> <span class='ocrx_word' id='word_1_241' title='bbox 1912 3692 1952 3757; x_wconf 88' lang='lat'>6</span> <span class='ocrx_word' id='word_1_242' title='bbox 2001 3688 2043 3774; x_wconf 82' lang='grc' dir='ltr'>ᾧ</span> <span class='ocrx_word' id='word_1_243' title='bbox 2094 3692 2251 3771; x_wconf 75' lang='grc' dir='ltr'><strong>ὕπο,</strong></span> <span class='ocrx_word' id='word_1_244' title='bbox 2295 3694 2455 3772; x_wconf 86' lang='lat' dir='ltr'>VII,</span> <span class='ocrx_word' id='word_1_245' title='bbox 2506 3693 2635 3760; x_wconf 79' lang='lat'><strong>218</strong></span> <span class='ocrx_word' id='word_1_246' title='bbox 2676 3700 2734 3759; x_wconf 79' lang='lat' dir='ltr'><strong>et</strong></span> 
     </span>
     <span class='ocr_line' id='line_1_34' title="bbox 370 3790 2731 3885; baseline 0.001 -25"><span class='ocrx_word' id='word_1_247' title='bbox 370 3791 538 3871; x_wconf 83' lang='grc'><strong>279,</strong></span> <span class='ocrx_word' id='word_1_248' title='bbox 589 3792 630 3858; x_wconf 90' lang='grc'><strong>3</strong></span> <span class='ocrx_word' id='word_1_249' title='bbox 692 3790 731 3873; x_wconf 74' lang='grc' dir='ltr'><strong><em>ᾗ</em></strong></span> <span class='ocrx_word' id='word_1_250' title='bbox 774 3792 914 3872; x_wconf 78' lang='grc' dir='ltr'><strong>ἔπι,</strong></span> <span class='ocrx_word' id='word_1_251' title='bbox 979 3794 1086 3860; x_wconf 91' lang='lat' dir='ltr'><strong>VI.</strong></span> <span class='ocrx_word' id='word_1_252' title='bbox 1139 3795 1224 3862; x_wconf 90' lang='grc'><strong>36</strong></span> <span class='ocrx_word' id='word_1_253' title='bbox 1277 3798 1386 3878; x_wconf 77' lang='grc' dir='ltr'><strong>ὁδῷ</strong></span> <span class='ocrx_word' id='word_1_254' title='bbox 1433 3796 1535 3862; x_wconf 79' lang='grc' dir='ltr'><strong>ἔπι</strong></span> <span class='ocrx_word' id='word_1_255' title='bbox 1584 3804 1687 3878; x_wconf 85' lang='lat' dir='ltr'><strong>(ut</strong></span> <span class='ocrx_word' id='word_1_256' title='bbox 1731 3797 2102 3885; x_wconf 87' lang='lat' dir='ltr'><strong>Homerus).</strong></span> <span class='ocrx_word' id='word_1_257' title='bbox 2150 3797 2347 3865; x_wconf 81' lang='lat' dir='ltr'><strong>Initio</strong></span> <span class='ocrx_word' id='word_1_258' title='bbox 2393 3799 2731 3864; x_wconf 82' lang='lat' dir='ltr'><strong>hexametri</strong></span> 
     </span>
     <span class='ocr_line' id='line_1_35' title="bbox 368 3894 1924 3985; baseline 0.001 -22"><span class='ocrx_word' id='word_1_259' title='bbox 368 3897 475 3963; x_wconf 91' lang='lat' dir='ltr'><strong>VI.</strong></span> <span class='ocrx_word' id='word_1_260' title='bbox 525 3897 658 3962; x_wconf 81' lang='grc'><strong>243</strong></span> <span class='ocrx_word' id='word_1_261' title='bbox 704 3899 757 3963; x_wconf 74' lang='grc' dir='ltr'><strong>εἰ</strong></span> <span class='ocrx_word' id='word_1_262' title='bbox 803 3894 985 3975; x_wconf 72' lang='grc' dir='ltr'><strong><em>ὅσιοι,</em></strong></span> <span class='ocrx_word' id='word_1_263' title='bbox 1034 3899 1171 3965; x_wconf 89' lang='lat' dir='ltr'><strong>VII.</strong></span> <span class='ocrx_word' id='word_1_264' title='bbox 1223 3900 1376 3966; x_wconf 84' lang='lat'>519.</span> <span class='ocrx_word' id='word_1_265' title='bbox 1426 3910 1510 3984; x_wconf 79' lang='grc' dir='ltr'><strong>τᾷ</strong></span> <span class='ocrx_word' id='word_1_266' title='bbox 1560 3903 1736 3985; x_wconf 69' lang='grc' dir='ltr'><strong><em>ἑτέρα</em></strong></span> <span class='ocrx_word' id='word_1_267' title='bbox 1777 3908 1924 3967; x_wconf 82' lang='lat' dir='ltr'><strong>cett.</strong></span> 
     </span>
     <span class='ocr_line' id='line_1_36' title="bbox 456 3997 2727 4092; baseline 0.001 -23"><span class='ocrx_word' id='word_1_268' title='bbox 456 4002 697 4069; x_wconf 83' lang='lat' dir='ltr'><strong>Eodem</strong></span> <span class='ocrx_word' id='word_1_269' title='bbox 741 3997 891 4069; x_wconf 81' lang='lat' dir='ltr'><strong>vitii</strong></span> <span class='ocrx_word' id='word_1_270' title='bbox 935 4025 1164 4091; x_wconf 88' lang='lat' dir='ltr'><strong>genere</strong></span> <span class='ocrx_word' id='word_1_271' title='bbox 1208 4006 1409 4072; x_wconf 85' lang='lat' dir='ltr'><strong>libera</strong></span> <span class='ocrx_word' id='word_1_272' title='bbox 1453 4007 1536 4071; x_wconf 90' lang='lat' dir='ltr'><strong>X.</strong></span> <span class='ocrx_word' id='word_1_273' title='bbox 1589 4006 1712 4084; x_wconf 85' lang='lat'><strong>84,</strong></span> <span class='ocrx_word' id='word_1_274' title='bbox 1763 4003 1835 4083; x_wconf 87' lang='grc'><strong>4,</strong></span> <span class='ocrx_word' id='word_1_275' title='bbox 1883 4007 1997 4071; x_wconf 91' lang='lat' dir='ltr'><strong>ubi</strong></span> <span class='ocrx_word' id='word_1_276' title='bbox 2041 4028 2154 4092; x_wconf 90' lang='lat' dir='ltr'><strong>pro</strong></span> <span class='ocrx_word' id='word_1_277' title='bbox 2194 4008 2366 4072; x_wconf 71' lang='grc' dir='ltr'><strong><em>κατὰ</em></strong></span> <span class='ocrx_word' id='word_1_278' title='bbox 2414 4016 2567 4086; x_wconf 67' lang='grc' dir='ltr'><strong>γῆς</strong></span> <span class='ocrx_word' id='word_1_279' title='bbox 2608 4027 2727 4071; x_wconf 80' lang='lat' dir='ltr'><strong>sen·</strong></span> 
     </span>
    </p>
   </div>
   <div class='ocr_carea' id='block_1_5' title="bbox 360 4106 2725 4293">
    <p class='ocr_par' dir='ltr' id='par_1_9' title="bbox 360 4106 2725 4293">
     <span class='ocr_line' id='line_1_37' title="bbox 361 4106 2725 4197; baseline 0.004 -27"><span class='ocrx_word' id='word_1_280' title='bbox 361 4109 564 4172; x_wconf 83' lang='lat' dir='ltr'><strong>tentia</strong></span> <span class='ocrx_word' id='word_1_281' title='bbox 614 4106 896 4191; x_wconf 79' lang='lat' dir='ltr'><strong>postulat</strong></span> <span class='ocrx_word' id='word_1_282' title='bbox 939 4108 1109 4174; x_wconf 73' lang='grc' dir='ltr'><strong><em>κατὰ</em></strong></span> <span class='ocrx_word' id='word_1_283' title='bbox 1158 4119 1307 4187; x_wconf 70' lang='grc' dir='ltr'><strong>γῆν</strong></span> <span class='ocrx_word' id='word_1_284' title='bbox 1354 4116 1419 4176; x_wconf 79' lang='lat' dir='ltr'><strong>et</strong></span> <span class='ocrx_word' id='word_1_285' title='bbox 1463 4110 1594 4188; x_wconf 84' lang='lat' dir='ltr'><strong>XI,</strong></span> <span class='ocrx_word' id='word_1_286' title='bbox 1649 4109 1814 4189; x_wconf 83' lang='lat'><strong>133,</strong></span> <span class='ocrx_word' id='word_1_287' title='bbox 1870 4111 1903 4176; x_wconf 93' lang='grc'><strong>1</strong></span> <span class='ocrx_word' id='word_1_288' title='bbox 1959 4112 2073 4177; x_wconf 89' lang='lat' dir='ltr'><strong>ubi</strong></span> <span class='ocrx_word' id='word_1_289' title='bbox 2117 4133 2233 4197; x_wconf 87' lang='lat' dir='ltr'><strong>pro</strong></span> <span class='ocrx_word' id='word_1_290' title='bbox 2272 4113 2445 4177; x_wconf 69' lang='grc' dir='ltr'><strong><em>κατὰ</em></strong></span> <span class='ocrx_word' id='word_1_291' title='bbox 2488 4112 2725 4191; x_wconf 65' lang='grc' dir='ltr'><strong><em>γαίας</em></strong></span> 
     </span>
     <span class='ocr_line' id='line_1_38' title="bbox 360 4212 1148 4293; baseline 0.004 -19"><span class='ocrx_word' id='word_1_292' title='bbox 360 4230 611 4293; x_wconf 87' lang='lat' dir='ltr'><strong>requ11·o</strong></span> <span class='ocrx_word' id='word_1_293' title='bbox 657 4212 827 4277; x_wconf 74' lang='grc' dir='ltr'><strong><em>κατὰ</em></strong></span> <span class='ocrx_word' id='word_1_294' title='bbox 872 4221 1148 4291; x_wconf 73' lang='grc' dir='ltr'><strong>γαῖαν.</strong></span> 
     </span>
    </p>
   </div>
  </div>
 </body>
</html>
