2934 5050
1237 61 1290 92 Q

335 285 464 350 324
999 301 1085 347 An
1133 299 1593 346 ANTnoLOGIAM
1639 299 2024 348 mmmmm.

331 475 374 535 i.
424 491 479 536 e.
532 471 737 535 tribus
785 477 1002 535 autem
1049 468 1182 533 illis
1227 468 1582 533 rationibus
1625 468 1799 534 idem
1846 469 2258 556 significabiS.
2324 469 2448 533 Pro
2500 470 2723 538 ναῶιος

337 574 624 662 Scaliger
662 576 929 640 coniecit
967 572 1223 644 αὑδονίς.
1273 571 1531 657 Lingua
1563 571 1962 638 Phoenicum
2001 574 2108 639 vel
2142 572 2345 637 αὐδονι·
2381 573 2487 640 vel
2523 575 2725 637 αὕδονί

334 679 509 745 valet
552 681 716 743 salve
760 679 992 743 domine
1006 682 1035 741 Ι
1103 674 1198 742 Cf.
1241 675 1650 741 SGHROBDRRI
1687 697 1846 763 opus
1877 680 1977 743 die
2000 679 2416 743 Phoeniciacke
2439 679 2721 759 Spracke‚

335 782 528 849 Halle
592 781 802 859 1869,
859 802 1007 868 pag.
1063 779 1146 846 18
1191 804 1254 845 n.
1305 779 1344 845 5
1363 828 1380 856 ,
1431 801 1556 865 quo
1604 782 2039 848 consulentem
2085 766 2191 848 me
2237 782 2551 868 relegavit
2597 781 2726 846 col-

332 886 481 974 lega
538 886 1093 952 coniunctissimus
1152 884 1226 950 P.
1291 903 1376 949 nn
1435 884 1475 950 J
1478 901 1628 960 one,
1693 885 2029 951 literarum
2079 885 2504 951 Orientalium
2552 886 2725 969 apud

337 990 728 1057 Traiectinos
771 990 1102 1076 professor.
1172 990 1440 1054 Formae
1484 993 1797 1073 aspiratae
1841 993 1948 1055 hic
1994 991 2206 1056 favere
2252 987 2512 1054 videtur
2557 990 2727 1054 codi-

337 1115 487 1159 cum
529 1094 720 1160 lectio
764 1102 1152 1159 NATAIOC
1199 1096 1268 1157 in
1314 1114 1439 1178 qua
1478 1102 1535 1157 N
1580 1114 1657 1157 ex
1694 1103 1747 1157 H
1786 1093 1923 1158 fieri
1945 1097 2177 1179 potuit.
2248 1094 2493 1159 Eadem
2518 1101 2725 1159 exstat

339 1198 508 1283 apud
552 1198 861 1263 Plautum
906 1197 1170 1263 Poenul.
1219 1196 1305 1274 V,
1357 1195 1429 1274 3,
1485 1198 1592 1261 22.
1644 1196 1964 1264 Graecum
2008 1199 2340 1264 hominem
2376 1200 2593 1263 hiatus
2627 1201 2723 1264 vi·

340 1302 519 1367 tandi
565 1322 754 1368 causa
802 1314 854 1367 Σ
903 1302 1218 1368 addidisse
1259 1302 1426 1366 nihil
1473 1307 1568 1366 est
1614 1303 1780 1387 quod
1824 1306 2138 1368 miremur
2153 1352 2170 1379 ‚
2226 1306 2379 1388 quia
2416 1304 2721 1388 quaedam

341 1406 650 1473 vocabula
695 1405 937 1473 Graeca
980 1406 1216 1471 habent
1265 1416 1316 1470 Σ
1364 1405 1622 1472 mobile.

432 1511 658 1597 Epigr.
712 1510 838 1575 431
860 1558 877 1588 ,
930 1511 991 1575 5.

615 1616 817 1696 ἄρσενι
865 1616 917 1678 δ’
963 1613 1317 1696 Ὀθρυοὶδαο
1364 1613 1531 1697 φόνῳ
1577 1617 2200 1693 κεκαλυμμένον
2245 1614 2459 1680 ὅπλον.

431 1722 486 1787 Ε
553 1720 782 1787 multis
848 1721 1226 1785 coniecturis
1293 1718 1652 1803 recipienda
1717 1718 1924 1785 fuerat
1993 1723 2354 1787 certissima
2414 1720 2722 1787 Meinekii

344 1827 699 1893 emendatio
744 1848 794 1889 π
812 1850 842 1890 ε
862 1840 1146 1901 παλαγ
1164 1847 1215 1900 μ
1233 1823 1345 1888 ένο
1364 1848 1410 1887 ν.

431 1932 653 2019 Epigr.
710 1929 876 2006 435,
928 1928 969 1993 3
1015 1950 1106 2012 sq.

1160 2034 1187 2095 ὂ
1237 2033 1288 2096 δ’
1335 2031 1599 2110 ἕβδομος
1648 2032 1828 2112 ἄμμε
1876 2033 2193 2107 Γύλιππος

616 2142 677 2204 ἐν
725 2140 861 2218 πυρὶ
911 2137 1044 2210 θεὶς
1094 2138 1453 2214 μεγάλαν
1505 2132 1662 2210 ἦλθε
1709 2138 1906 2219 Φέρων
1952 2138 2244 2204 emmiu.

346 2245 726 2330 Suspectum
782 2243 1082 2321 μεγάλαν
1129 2240 1421 2316 amedu,
1472 2243 1586 2307 ubi
1632 2245 1846 2327 ipsum
1884 2245 2277 2308 contrarium
2320 2241 2615 2320 βαιάν,
2654 2249 2729 2306 ut

342 2352 413 2413 in
459 2347 579 2413 tali
622 2368 689 2412 re
732 2355 952 2431 poetae
999 2347 1228 2424 solent,
1278 2353 1391 2412 aut
1435 2347 1678 2432 aliquid
1726 2347 2039 2413 eiusmodi
2080 2352 2434 2433 exspectari
2456 2355 2724 2434 poterat.

347 2449 636 2517 Conieci:
2884 2503 2885 2506 ,

617 2559 677 2620 ἐν
722 2558 862 2636 πυρὶ
910 2555 1045 2629 θεὶς
1093 2557 1491 2636 μεγάροις
1542 2554 1699 2632 ἦλθε
1747 2556 1943 2637 Φέρων
1989 2556 2266 2622 σποδιάν.

434 2664 656 2750 Epigr.
707 2661 871 2739 439,
928 2661 988 2725 3.

430 2770 489 2833 A
532 2766 818 2832 Planude
865 2766 1302 2850 accipiendum
1350 2762 1736 2829 ἕπισσεύασα
1779 2784 1893 2849 pro
1934 2764 2167 2829 codicis
2193 2768 2510 2850 scriptura
2531 2765 2723 2851 plane

342 2872 607 2937 barbara
652 2873 1095 2936 ἔπισσεύσασα.

434 2975 655 3062 Epigr.
704 2974 855 3039 444.

527 3082 836 3158 Χείματος
877 3078 1287 3144 οἱνωθέντα
1334 3079 1436 3143 τὸν
1486 3077 1876 3156 Ἀνταγόρεω
1926 3077 2138 3155 μέγαν
2184 3075 2338 3143 οἶκον

616 3187 684 3250 ἐκ
728 3191 951 3249 νυκτῶν
999 3182 1230 3248 ἔλαθεν
1273 3188 1392 3262 πῦρ
1438 3182 1950 3261 ὑπονειμοὶμενον.

529 3291 985 3368 ὀγδώκοντα
1032 3290 1086 3353 δ’
1135 3286 1398 3368 αριθμὸν
1444 3286 1749 3367 ἐλεύθεροι
1792 3286 2063 3372 ἄμμιγα
2114 3288 2344 3360 δούλοις

616 3402 728 3467 τῆς
777 3392 1010 3474 ἐχθρῆς
1056 3393 1292 3467 ταύτης
1341 3395 1639 3472 πυρκαϊῆς
1690 3390 1933 3472 ἔτυχον.

346 3501 490 3567 Iure
547 3499 832 3585 Scaliger
847 3546 864 3575 ,
913 3497 1065 3563 licet
1109 3498 1440 3583 dissentiat
1487 3497 1709 3562 doctus
1753 3497 1958 3562 editor
1975 3543 1992 3573 ,
2042 3497 2454 3563 addubitavit
2493 3500 2724 3565 codicis

344 3606 681 3671 lectionem
740 3600 1067 3667 οἱνωθέντα
1085 3654 1103 3675 ,
1166 3602 1276 3667 sed
1335 3602 1487 3666 ferri
1540 3604 1763 3686 nequit
1808 3601 1975 3686 quod
2019 3600 2253 3666 leniter
2294 3623 2448 3667 sane
2494 3605 2725 3669 substi-

348 3710 568 3775 tuebat
613 3706 889 3772 οἶωὸέν
912 3731 1039 3783 τα,
1089 3709 1144 3771 si
1190 3707 1450 3792 quidem
1495 3709 1585 3772 sic
1632 3711 1888 3770 tantum
1932 3711 2103 3770 recte
2143 3707 2508 3771 dicerentur
2546 3708 2725 3773 aedes

348 3813 428 3878 ab
493 3812 929 3879 habitantibus
990 3810 1266 3877 relictae.
1335 3813 1424 3876 At
1466 3832 1662 3874 somno
1705 3811 1939 3893 eepuua
1982 3810 2229 3875 iacebat
2242 3856 2261 3887 ,
2310 3813 2568 3896 opinor,
2616 3811 2727 3877 illa

347 3921 605 3995 domus,
655 3919 946 4002 quocirca
990 3934 1324 4001 reponam:
1624 3912 1633 3923 '

617 4020 928 4099 Χείματος
976 4019 1429 4096 εὖνηθέντα
1475 4021 1623 4085 xvi..

437 4129 692 4210 Affotos
736 4126 929 4191 fuisse
978 4145 1196 4191 omnes
1240 4124 1387 4190 illos
1431 4115 1748 4206 octoqinta'
1770 4132 1907 4190 tam
1951 4123 2186 4190 liberos
2229 4144 2427 4210 quam
2476 4145 2721 4201 servos,

343 4236 480 4294 tam
525 4230 796 4297 infantes
841 4251 1035 4315 quam
1079 4250 1305 4315 pueros
1351 4235 1416 4296 et
1462 4230 1715 4297 adultos
1730 4277 1746 4307 ,
1794 4235 1934 4295 tam
1978 4230 2283 4297 mulieres
2320 4250 2520 4314 quam
2559 4233 2727 4297 viros

345 4353 571 4417 parum
633 4339 728 4397 est
785 4354 891 4398 me
945 4335 1153 4399 iudice
1211 4336 1348 4399 veri
1406 4334 1638 4401 simile.
1719 4335 1805 4402 Et
1868 4335 1965 4400 fac
2011 4335 2242 4411 fuisse,
2291 4335 2449 4418 quid
2495 4354 2727 4419 quaeso
