2934 5050
399 316 536 381 254
1195 332 1506 381 numum
1558 334 1630 381 cr
1678 332 1995 381 nummu.

392 508 610 571 menta
680 506 932 579 tamen,
997 499 1284 580 malum,
1343 501 1484 571 vela
1547 503 1764 571 omnia
1812 500 2084 581 servo''‚
2141 496 2487 567 »custodes
2528 496 2758 568 elassis.

400 605 762 695 catapulta,
834 606 1000 687 tela,
1073 609 1386 689 sa1·isas”,
1461 611 1762 687 aristes.
1837 607 2134 676 difficiles
2202 624 2468 682 sumuS,
2548 599 2760 670 fastidi·

393 734 540 781 mus
602 713 989 791 bonorum’',
1057 713 1299 792 »altaS,
1367 714 1693 782 frontibus
1754 713 2156 802 immissas”)
2225 721 2343 778 aut
2403 728 2761 800 synonymo·

391 840 538 888 rum
619 818 1027 907 copulatione
1109 819 1499 903 (niustratus
1576 823 1868 910 piatus”)
1953 841 2081 888 non
2146 839 2302 886 sane
2361 820 2601 885 mirum
2660 822 2759 882 est.

395 925 638 994 Vellem
705 926 909 1012 igitur
971 928 1360 993 sententiam
1426 926 1805 1013 diligentius
1862 925 2249 1015 explicasset
2292 925 2383 993 Μ.
2426 923 2607 990 Nunc
2648 921 2761 988 ani·

393 1032 768 1112 madverto,
830 1032 909 1099 Μ.
981 1031 1256 1100 subinde
1309 1032 1605 1120 copulam
1672 1033 2056 1121 reliquisse,
2123 1032 2232 1098 ubi
2299 1029 2525 1098 abesse
2566 1026 2760 1103 malis,

392 1137 737 1226 ipsumque
779 1137 1122 1204 sustulisse
1170 1138 1566 1228 asyndeton,
1618 1148 1688 1206 ut
1742 1140 1983 1208 xxva
2034 1144 2160 1206 23:

486 1245 596 1313 illo
643 1242 812 1312 oculi
858 1242 1190 1312 deducunt
1240 1246 1363 1333 ipsi
1416 1248 1671 1334 [atque]
1722 1247 2015 1313 animum
2067 1265 2215 1333 spes
2263 1242 2418 1311 illuc
2466 1241 2660 1330 rapit,

395 1349 502 1417 ubi
570 1348 789 1417 hiatus
845 1350 912 1415 in
979 1369 1250 1418 caesura
1313 1324 1672 1439 essgantior
1720 1373 1917 1440 quam
1963 1361 2183 1439 aequm
2231 1349 2581 1437 repetitum
2622 1343 2758 1414 illud

391 1456 546 1535 illo,
591 1456 751 1523 illue
799 1475 1000 1542 paene
1046 1455 1328 1543 postulat
1377 1457 1767 1547 asyndetom
1813 1478 2005 1545 porro
2053 1456 2257 1525 XXX.
2314 1461 2439 1522 107

632 1589 950 1615 υυυυυυ
967 1600 1006 1613 -
1059 1582 1329 1650 sperans
1376 1572 1654 1632 aetatem
1708 1565 1773 1630 in
1821 1562 2095 1631 eandem

623 1667 781 1738 haec
828 1668 1116 1757 proferre
1161 1678 1413 1756 potesse
1459 1677 1524 1737 et
1576 1689 1875 1737 mansum
1924 1689 2003 1736 ex
2052 1688 2161 1736 ore
2208 1667 2539 1735 daturum.

399 1772 507 1840 ubi
556 1785 614 1845 el
661 1785 886 1843 contra
936 1774 1122 1843 codd.
1178 1777 1367 1844 metri
1418 1795 1611 1844 causa
1662 1776 1967 1844 inseruit.
2018 1772 2144 1842 Sed
2193 1773 2441 1841 scribe:

619 1901 888 1969 sperans
935 1889 1214 1950 aetatem
1261 1904 1362 1948 me
1409 1881 1632 1951 eadem
1682 1881 1840 1949 baec
1888 1878 2178 1969 proferre
2224 1888 2535 1967 potesse,

628 2007 931 2055 mansum
978 2006 1054 2055 ex
1102 2007 1213 2056 ore
1261 1986 1616 2067 daturum,

394 2090 586 2161 libri:
639 2103 906 2161 oetatem
952 2094 1245 2172 eandem,
1292 2093 1375 2161 cf.
1423 2094 1603 2160 Goni.
1651 2092 1735 2161 11.
1795 2100 1900 2162 11.
1951 2093 2239 2181 Denique
2289 2092 2419 2158 inc.
2468 2093 2585 2158 51:

524 2206 755 2283 χαῖρε,
804 2200 1107 2287 inquam,
1158 2200 1326 2267 Titel
1376 2198 1674 2277 lictores,
1720 2206 1940 2267 turma
1987 2201 2186 2267 omni’
2229 2196 2584 2283 cohorsque

524 2306 824 2387 χαίρετε,
877 2317 935 2371 el
985 2305 1137 2373 hinc
1186 2305 1389 2395 hostis
1441 2307 1532 2374 mi
1579 2304 1928 2383 Albucius,
1973 2304 2125 2373 hinc
2175 2303 2503 2371 inimicus.

391 2409 504 2477 ubi
560 2421 623 2478 el
686 2410 1031 2478 admodum
1104 2411 1324 2498 friget.
1419 2411 1544 2479 Sed
1612 2410 1886 2499 pluralis
1950 2412 2212 2494 χαίρετε
2258 2429 2513 2496 quoque
2556 2406 2751 2475 minus
2842 2460 2843 2495 ἶ

389 2525 613 2605 aptus:
662 2517 744 2585 Μ.
795 2517 1052 2586 videtur
1099 2518 1382 2598 lictoreS,
1429 2527 1674 2597 turma,
1709 2519 1943 2585 cohors
1972 2539 2087 2607 pro
2112 2514 2424 2585 vocativis
2445 2512 2751 2584 babuisse.

388 2623 500 2692 sed
562 2622 827 2704 festive,
880 2632 950 2691 ut
991 2624 1292 2693 Scaevola
1339 2624 1674 2703 salutavit,
1717 2644 1941 2692 omnes
1984 2625 2095 2711 qui
2143 2643 2291 2691 eum
2342 2623 2753 2693 comitantur,

389 2726 559 2796 idem
610 2730 1057 2818 pronuntiant.
1132 2731 1378 2799 Contra
1413 2752 1531 2809 ac,
1570 2729 1677 2795 ubi
1719 2731 1941 2797 omisit
1981 2731 2102 2809 M„
2148 2738 2334 2797 tueor
2372 2727 2571 2795 XXX.
2607 2730 2712 2794 53:

664 2856 848 2904 serus
892 2857 1044 2904 cum
1090 2857 1127 2904 e
1174 2836 1387 2904 medio
1431 2855 1507 2904 ac
1556 2834 1707 2903 ludo
1765 2835 1924 2903 bene
1973 2837 2153 2924 potu’
2202 2835 2504 2911 recessit,
2542 2851 2553 2862 ·

391 2961 542 3009 nam
595 2944 708 3030 qui
755 2942 1049 3016 emedio
1097 2941 1247 3011 ludo
1295 2942 1575 3021 recedit,
1623 2962 1751 3009 non
1798 2962 1942 3011 sero
1989 2940 2283 3022 recedit;
2334 2960 2414 3008 ex
2464 2937 2656 3008 oculis
2693 2944 2747 3002 et

392 3046 544 3114 ludo
593 3051 884 3116 recessit.

481 3153 553 3220 In
616 3153 892 3241 singulis
952 3153 1335 3242 fragmentis
1392 3153 1753 3224 tractandis
1813 3153 2107 3223 ordinem
2166 3172 2407 3241 sequar
2451 3170 2490 3220 a
2535 3150 2616 3218 Μ.
2662 3146 2749 3214 in-

392 3259 720 3328 stitutum.
883 3337 890 3350 ι

480 3363 675 3436 Libro
721 3366 754 3432 Ι
799 3363 880 3433 fr.
939 3370 1022 3433 16
1069 3385 1164 3433 vs.
1220 3370 1341 3434 18:

757 3470 1104 3539 »infamam
1156 3472 1390 3539 veitam
1444 3480 1834 3561 turpemque
1879 3471 2093 3540 odisse
2138 3471 2494 3559 popinam”

391 3578 603 3648 codd:
648 3579 962 3667 insumam
1003 3582 1334 3646 honestam
1357 3589 1402 3646 t.
1475 3579 1542 3648 Si
1582 3600 1615 3647 a
1656 3579 2027 3647 litterarum
2068 3577 2381 3645 ductibus
2415 3572 2749 3647 receditur,

392 3685 600 3752 multa
646 3685 772 3752 alia
819 3695 1089 3773 possunt
1133 3685 1528 3772 excogitari;
1579 3686 1680 3752 sin
1720 3686 1979 3763 minuS,
2021 3683 2180 3751 nihil
2221 3684 2486 3771 propius
2525 3675 2748 3749 accedit

392 3810 624 3878 quam:
668 3791 970 3859 infamem
1012 3793 1285 3879 samam.
1360 3790 1450 3857 Cf.
1485 3789 1667 3858 Coni.
1698 3791 1745 3858 l.
1772 3791 2023 3873 6.,βίος
2046 3787 2747 3872 ὦβίωτος,ἰιιεευηιίαε,

395 3899 534 3965 Liv.
597 3898 765 3966 XXI.
827 3904 866 3966 5
915 3906 980 3965 et
1027 3899 1242 3965 simm.
1338 3896 1655 3965 Adiectivi
1701 3898 2004 3988 infamis,
2052 3898 2242 3965 cuius
2290 3904 2425 3963 tam
2473 3895 2747 3982 frequens

395 4024 555 4072 usus
616 4014 755 4083 est,
821 4023 946 4070 non
1011 4001 1337 4090 probabile
1407 4011 1507 4069 est
1554 4005 1876 4071 exstitisse
1925 4003 2242 4081 formam,
2284 4003 2478 4070 cuius
2525 3997 2745 4068 nullum

397 4129 669 4197 usquam
717 4117 923 4176 exstet
969 4109 1316 4194 vestigium
1369 4107 1709 4198 (insumus,
1753 4111 1849 4177 sic
1896 4110 2035 4198 Μ.).

487 4219 569 4282 27
621 4236 682 4281 r.
734 4220 850 4281 52:
902 4215 1208 4282 »inritata
1256 4234 1450 4281 canes
1497 4235 1693 4302 quam
1742 4214 1931 4282 homo
1977 4235 2172 4303 quam
2223 4214 2472 4302 planin’
2515 4208 2698 4281 dicit”

396 4322 441 4389 i.
466 4341 528 4388 e.
567 4320 835 4410 (littera)
878 4340 1074 4407 quam
1117 4339 1309 4387 canes
1348 4319 1432 4407 pl.
1475 4320 1541 4389 d.
1584 4342 1783 4408 quam
1824 4320 2065 4398 homo,=
2092 4321 2443 4390 admodum
2471 4320 2739 4389 intricata

396 4428 900 4495 constructione.
972 4425 1173 4502 Quam
1210 4426 1371 4513 vitio
1409 4425 1513 4494 bis
1537 4427 1852 4513 positum,
1877 4428 2073 4495 cuius
2094 4428 2189 4495 rei
2210 4427 2341 4497 alia
2364 4424 2643 4516 exemplu
2661 4419 2739 4486 vi·
