2934 5050
927 306 1313 357 minomotm
1360 305 1433 354 ιι·
1478 304 1733 355 eninm.
2397 285 2523 350 126

150 473 419 554 βασιλέα
463 475 973 550 &vomebam-ecl
1020 484 1085 545 et
1129 477 1266 565 ipse
1311 475 1682 543 Demetrius
1727 472 1977 542 foedam
2019 472 2520 541 assentationem

152 592 474 669 pertaesus
546 582 757 669 palam
834 582 999 649 dixit
1068 579 1161 650 ὅτι
1221 582 1416 656 οὐδεὶς
1481 583 1582 648 ἐπ’
1648 582 1839 648 αὐτοῦ
1901 580 2231 658 Ἀθηναίων
2294 578 2521 661 γέγονε

152 687 346 768 μέγας
392 688 505 754 καὶ
555 689 732 772 ἁδρὸς
780 690 891 764 τὴν
929 691 1184 772 ψυχήν,
1234 700 1305 757 ιιι
1355 687 1705 755 memoriae
1755 685 2037 773 prodidit
2086 684 2272 754 testis
2309 685 2521 753 ocula·

154 803 247 861 tus
307 794 744 862 Demochares
801 793 1013 883 paullo
1067 796 1340 862 caeteris
1412 793 1646 861 melior
1707 791 1879 881 apud
1952 790 2350 860 Athenaeum
2410 790 2526 859 VI.

155 920 208 987 p.
248 903 377 966 2153
424 911 515 968 A.

230 1109 299 1177 ln
360 1109 807 1200 psephismate
869 1109 951 1179 de
988 1110 1405 1199 ·Antiphonte
1466 1130 1664 1200 supra
1727 1130 1791 1199 p.
1843 1112 1961 1176 121
2019 1109 2334 1195 scriptum
2385 1127 2527 1175 esse

155 1214 450 1284 vidimus:
500 1221 723 1284 ταῦτα
786 1215 849 1282 δὲ
908 1217 1160 1301 γράψαι
1224 1220 1287 1285 ἐν
1347 1220 1507 1302 mia„
1565 1226 1788 1301 χαλκῇ
1835 1215 1939 1282 καὶ
1990 1212 2141 1299 ᾗπερ
2187 1221 2393 1281 κεῖται
2437 1213 2528 1280 τὰ

156 1323 545 1406 ψηφίσματα
614 1322 703 1388 τοὶ
773 1324 907 1405 περὶ
978 1323 1272 1405 Φρυνίχου
1334 1324 1439 1390 καὶ
1514 1328 1694 1391 τοῦτο
1752 1320 1981 1389 θέο-θαι.
2079 1317 2522 1409 Phrynichum

160 1438 386 1495 constat
433 1428 520 1495 ah
575 1427 893 1495 Hermone
939 1448 1017 1495 ex
1064 1429 1320 1496 insidiis
1369 1427 1783 1497 interfectum
1830 1428 2026 1496 etiam
2072 1434 2212 1515 post
2249 1432 2521 1492 mortem

162 1533 608 1619 perduellionis
652 1553 794 1600 esse
830 1533 1237 1602 damnatum.
1336 1533 1722 1601 Plutarchus
1767 1535 1831 1600 in
1874 1530 2204 1600 Alcibiade
2243 1551 2385 1618 cap.
2413 1534 2526 1597 25.

162 1639 203 1703 oi
241 1640 548 1715 Ἀθηναῖοι
591 1676 682 1691 —-
719 1644 828 1707 τοῦ
870 1630 985 1719 μὲν
1037 1640 1334 1724 Φρυνίχου
1381 1639 1699 1722 προδοσίαν
1750 1639 2273 1723 κατεψηφίσαντο
2319 1637 2525 1712 τεθνη-

164 1742 347 1823 κότος,
416 1747 529 1813 τὸν
598 1746 652 1813 δ’
694 1745 988 1827 Ἕρμωνα
1049 1747 1155 1812 καὶ
1220 1747 1362 1821 τοὺς
1424 1748 1571 1827 μετ’
1630 1747 1822 1813 αὐτοῦ
1869 1744 2294 1828 έςεφάνωσαν.
2392 1741 2525 1809 Hoc

162 1869 391 1938 quoque
453 1855 775 1934 ψήφισμα
847 1871 881 1917 a
945 1851 1209 1918 Cratero
1264 1855 1351 1926 εἷς
1397 1852 1510 1926 τὴν
1555 1852 1946 1931 Συναγωγήν
1991 1869 2131 1917 esse
2190 1856 2523 1935 receptum

164 1964 216 2020 et
255 1976 361 2043 per
421 1978 495 2025 se
566 1958 727 2023 satis
787 1966 1038 2024 certum
1092 1966 1188 2024 est
1243 1964 1309 2024 et
1369 1956 1615 2045 liquido
1675 1965 1942 2044 apparet
2004 1974 2080 2022 ex
2139 1952 2381 2021 scholio
2445 1951 2526 2019 ad

167 2059 604 2149 Aristophanis
650 2061 1073 2149 Lysi-stratam
1119 2082 1210 2128 vs·
1257 2068 1409 2131 313.

316 2168 413 2242 τίς
460 2165 845 2247 ξυλλάβοιτ’
894 2167 973 2235 ἃν
1019 2172 1126 2235 τοῦ
1173 2166 1362 2246 ξύλου
1406 2176 1526 2237 τῶν
1573 2170 1635 2235 έν
1683 2166 1883 2252 Σάμῳ
1933 2172 2297 2250 ςρατηγῶνς

171 2270 408 2351 Δίδυμος
470 2273 586 2341 καὶ
646 2272 951 2356 Κρατερός
1015 2279 1176 2356 Φασι
1242 2280 1456 2342 ταῦτα
1504 2274 1882 2343 αἷνίττεσθαι
1943 2275 2032 2346 εἷς
2083 2270 2378 2355 Φρύνιχον
2423 2276 2528 2340 τὸν

172 2379 599 2459 Στρατωνίδου.
669 2377 1155 2456 έκακοηθεύσατο
1217 2380 1343 2461 γὰρ
1398 2383 1552 2463 πρὸς
1608 2379 1712 2447 τὸν
1760 2378 1950 2459 δῆμον
2006 2380 2069 2444 έν
2117 2377 2318 2461 Σάμῳ
2375 2401 2532 2460 epa·

169 2490 377 2563 πονῶν,
446 2481 573 2556 &ere
635 2483 996 2568 ἐψηφίσατο
1065 2486 1209 2551 κατ’
1284 2486 1477 2553 αὐτοῦ
1539 2485 1568 2551 ὃ
1626 2486 1815 2566 δῆμος
1877 2484 2145 2564 δημόσια
2213 2480 2368 2551 εἶναι
2439 2483 2527 2551 τοὶ

171 2591 442 2675 Φρυνίχου
493 2591 812 2672 χρήματα
857 2590 963 2656 καὶ
1011 2598 1121 2666 τῆς
1173 2590 1304 2657 θεοῦ
1356 2594 1425 2658 τὸ
1486 2591 1740 2660 δέκατον
1784 2589 1961 2673 μέρος
2007 2591 2113 2658 καὶ
2162 2591 2274 2665 τὴν
2333 2590 2529 2658 οἰκίαν

172 2698 591 2781 meo-admoui
669 2698 862 2763 αὐτοῦ
927 2696 1032 2762 καὶ
1095 2694 1272 2763 ἄλλα
1343 2699 1557 2765 πολλοὶ
1627 2700 1772 2764 κατ’
1833 2699 2024 2764 αὐτοῦ
2112 2694 2392 2779 ἔγραψεν
2469 2696 2531 2762 έν

172 2800 304 2885 silan
335 2812 589 2886 χαλκῇ.
684 2801 853 2867 Haec
888 2810 959 2868 ut
996 2801 1119 2867 alia
1171 2801 1452 2889 plurima
1500 2803 1566 2868 in
1616 2800 1877 2869 scholiis
1922 2801 2002 2867 ad
2034 2799 2525 2888 Aristophanem

175 2923 233 2971 ex
271 2910 537 2996 antiqua
586 2915 652 2973 et
695 2905 952 2974 erudita
991 2908 1405 2974 annotatione
1449 2908 1707 2998 Didymi
1755 2928 1793 2974 a
1834 2907 2190 2973 recentiore
2217 2907 2530 2993 magistro

176 3008 237 3076 ad
274 3010 437 3081 hanc
486 3032 709 3080 rerum
756 3011 1111 3078 exilitatem
1159 3021 1221 3079 et
1268 3014 1580 3080 orationis
1629 3012 1967 3080 infantiam
2016 3010 2526 3098 compendifacta

179 3125 324 3184 snut.
418 3118 493 3186 In
550 3116 677 3183 illis
722 3115 984 3183 scholiis
1030 3137 1155 3183 non
1197 3138 1300 3185 res
1349 3120 1522 3206 ipsae
1569 3126 1881 3206 apparent
1942 3116 2055 3184 sed
2112 3136 2329 3184 rerum
2384 3137 2530 3184 um-

182 3216 329 3289 brae.
418 3221 594 3305 Quid
666 3222 951 3290 ieiunius
1012 3242 1207 3310 quam
1255 3224 1746 3301 ἐκακοηθεύσατο
1815 3223 1959 3305 πρὸς
2026 3224 2132 3291 τὸν
2204 3223 2393 3304 δῆμον
2458 3222 2538 3292 de

181 3327 513 3409 proditore?

256 3430 409 3515 Quid
478 3432 916 3519 negligentius
986 3451 1180 3519 quam
1254 3434 1525 3516 Δίδυμος
1582 3434 1689 3501 καὶ
1749 3434 2051 3517 Κρατερός
2115 3441 2352 3518 Φασιν,
2429 3433 2540 3501 uhi

190 3532 467 3626 Didymus
500 3540 750 3606 Crateri
790 3538 1161 3606 testimonio
1196 3539 1407 3607 fuerat
1449 3540 1647 3607 usus?
1696 3541 1827 3607 Hoc
1863 3539 2086 3607 saltem
2128 3560 2203 3606 ex
2240 3538 2540 3606 mutilato

191 3639 396 3711 scholio
451 3654 596 3712 tuto
658 3643 1023 3731 colligimus
1084 3644 1418 3713 Craterum
1486 3646 1676 3714 verba
1740 3644 2186 3732 Aristophanis
2237 3654 2410 3712 recte
2457 3645 2538 3713 ad

195 3742 602 3837 Phrynichum
664 3749 967 3817 retulisse
1006 3754 1093 3818 'et
1159 3751 1501 3838 explicatis
1566 3751 1846 3820 breviter
1919 3750 2271 3841 Phrynichi
2345 3750 2542 3818 rebus

195 3851 265 3916 τὰ
298 3857 422 3938 περὶ
471 3862 579 3924 τοῦ
629 3854 932 3940 Φρυνίχου
978 3858 1377 3940 ψηφίσματα
1426 3858 1799 3925 subiecisse.
1896 3855 2362 3945 psephismati‚
2414 3876 2541 3943 quo

198 3952 571 4049 Phrynichus
643 3981 792 4028 reus
857 3961 1068 4028 iactus
1132 3972 1270 4043 est,
1342 3962 1561 4031 addita
1618 3972 1760 4031 erat
1826 3966 1861 4040 ἢ
1913 3962 2263 4041 καταδίκη,
2309 3961 2541 4029 iisdem

199 4062 380 4131 verbis
420 4076 764 4154 concepta,
814 4086 978 4153 quae
1025 4068 1090 4133 in
1147 4068 1589 4157 Psephismate
1621 4066 1713 4133 de
1776 4067 2169 4154 Antiphonte
2215 4066 2536 4133 vidimus:

201 4162 433 4246 δημόσια
477 4169 630 4239 εἶναι
684 4174 774 4239 τὰ
836 4173 1136 4255 Φρυνίχου
1198 4176 1511 4257 χρήματα
1575 4174 1680 4240 κα)
1727 4180 1840 4248 τῆς
1893 4176 2022 4241 θεοῦ
2069 4175 2141 4241 τὸ
2187 4171 2546 4239 ἐπιδέκατον

205 4278 256 4336 et
294 4275 521 4364 reliqua
567 4297 735 4366 quae
776 4277 990 4344 verbis
1037 4277 1348 4364 legitimis
1392 4299 1468 4346 ac
1518 4277 1912 4347 solemnibus
1960 4279 2210 4364 concipi
2234 4275 2541 4343 solebant.

208 4369 349 4445 llaec
392 4385 600 4451 omnia
658 4380 981 4471 Didymus
1034 4404 1113 4452 ex
1178 4387 1443 4454 Cratero
1507 4383 1855 4470 diligenter
1915 4383 2385 4468 descripserat,
2434 4378 2547 4447 s'ed
