2934 5050
881 281 966 328 u>
1012 279 1473 330 Μουσεῖα
1516 282 1906 331 rna-ruem.
2461 260 2592 328 303

582 453 686 516 καὶ
737 452 981 527 Σαμίου
1030 452 1345 533 δάφνης
1397 457 1662 517 κλῶνα
1709 453 2244 531 μελαμπέταλον·

492 557 551 621 ἐν
598 555 661 622 δὲ
706 556 1017 625 Λεωνίδεω
1066 556 1369 639 θαλεροὺς
1420 567 1743 626 xeo-0070
1794 558 2253 640 κορύμβους

588 667 977 731 Μνασάλκου
1026 690 1097 731 τε
1146 665 1408 744 κόμας
1457 664 1737 746 δξυτόρου
1784 667 2066 738 πίτυος

488 767 845 846 βλαισήν
894 796 964 838 τε
1012 771 1528 841 πλατάνιςον
1575 770 1876 853 οὶπέθρισε
1927 774 2274 855 Παμφίλου
2321 772 2496 850 οἴμης

578 876 979 955 σύμπλεκτον
1024 878 1318 960 καρύης
1366 876 1632 960 ἔρνεσι
1682 876 2080 959 ταγκρᾶτεος
2130 879 2260 945 κτέ.

212 981 287 1047 In
342 982 621 1060 βλαισήν
637 1032 655 1062 ,
699 984 867 1071 quod
915 986 993 1051 de
1038 983 1296 1072 platano
1343 985 1472 1052 dici
1517 989 1790 1072 nequeat
1839 989 2063 1071 (quam
2109 990 2276 1051 recte
2318 981 2611 1066 βλωθρήν

214 1087 500 1174 appellat
543 1088 827 1158 Eat-oms
871 1090 991 1157 VH
1007 1140 1025 1170 ,
1078 1089 1237 1177 174)
1283 1094 1423 1157 iure
1470 1112 1675 1179 quum
1718 1092 2020 1158 haereant
2064 1111 2285 1157 omnes
2301 1136 2318 1170 ‚
2357 1091 2612 1157 mireris

218 1194 471 1260 criticos
532 1193 690 1262 alibi
750 1199 1138 1283 quaesivisse
1199 1199 1438 1263 vitium
1455 1243 1475 1276 ‚
1541 1217 1736 1284 quam
1783 1198 1853 1262 in
1897 1198 2036 1282 ipso
2082 1194 2199 1262 illo
2241 1197 2610 1283 importuno

211 1298 529 1366 vocabulo
587 1321 789 1387 neque
850 1303 1375 1370 animadvertisse
1434 1325 1584 1370 cum
1645 1303 1914 1370 absurde
1983 1302 2231 1369 dictum
2277 1323 2410 1369 esse
2456 1305 2610 1369 ἀπο-

214 1401 445 1485 θρίζειν
506 1406 584 1473 de
647 1413 784 1474 tota
837 1408 1057 1474 arbore
1074 1457 1092 1487 ,
1156 1415 1301 1475 tum
1360 1429 1581 1476 omnes
1640 1408 1916 1495 reliquos
1961 1428 2119 1494 quos
2165 1411 2429 1495 ascripsi
2473 1431 2612 1477 ver-

214 1532 323 1577 sus
337 1560 357 1591 ,
425 1518 501 1578 ut
562 1511 640 1578 de
684 1515 1093 1600 sequentibus
1139 1520 1385 1582 taceam
1403 1563 1422 1593 ,
1490 1522 1748 1584 tantum
1791 1534 1918 1582 non
1964 1513 2239 1581 clamare
2281 1514 2611 1604 Meleagro

215 1623 388 1685 certa
437 1618 877 1686 emendatione
920 1619 1316 1688 reddendum
1361 1639 1530 1689 esse:

398 1725 781 1804 βλαστήν
824 1751 895 1793 τε
940 1730 1451 1798 tamaris-ov
1499 1724 1802 1808 οὶπέθρισε
1850 1727 1978 1793 κτέ.

1137 1890 1288 1980 Gap.
1339 1893 1432 1972 V,
1483 1915 1580 1981 ep.
1632 1894 1695 1960 2.

402 2048 537 2119 Τήν
582 2044 1127 2128 καταφλεξίπολιν
1177 2045 1577 2113 Σθενελαΐδα
1598 2097 1616 2125 ,
1663 2048 1773 2122 τήν
1819 2046 2217 2128 βαρύμισθον
2234 2096 2253 2126 ,

495 2154 605 2227 τήν
651 2160 779 2225 τοῖς
827 2152 1219 2232 βουλομένοις
1266 2157 1501 2235 χρυσοῦ
1548 2153 1946 2234 έρεττομένην
1968 2204 1985 2231 ,

407 2259 652 2337 γυμνήν
699 2283 799 2338 μοι
850 2258 951 2325 διὰ
997 2262 1207 2333 νυκτὸς
1260 2257 1403 2336 ὅλης
1452 2260 1815 2342 παρέκλινεν
1863 2258 2073 2343 ὄνειρος

498 2363 650 2446 ἄχρι
697 2367 942 2447 Φίλής
990 2368 1126 2442 ἠοῦς
1171 2374 1394 2447 προῖκα
1442 2366 1887 2450 χαριζομένην.
1938 2367 2067 2432 κτέ.

217 2471 644 2561 Epigramma
707 2471 992 2540 nondum
1061 2479 1157 2540 est
1226 2479 1724 2563 perpurgatum3
1796 2494 1946 2542 nam
1994 2476 2472 2561 ineptissimum
2519 2480 2616 2542 est

217 2599 310 2644 vs.
375 2583 606 2664 quarto
661 2579 854 2660 Φίλης
880 2630 896 2655 ,
954 2583 1010 2645 si
1069 2580 1331 2665 quidem
1391 2580 1558 2647 nulli
1621 2583 1893 2648 amatori
1957 2600 2250 2646 amorum
2305 2585 2615 2647 terminus

219 2703 450 2751 aurora
507 2689 694 2773 grata
752 2685 879 2752 dici
937 2691 1163 2772 potest.
1260 2686 1511 2768 Quanto
1572 2707 1723 2753 vero
1784 2690 2019 2752 rectius
2066 2685 2286 2751 eadem
2336 2706 2432 2771 ep.
2481 2684 2574 2751 111
2591 2734 2609 2764 ,

217 2812 311 2858 vs.
363 2789 410 2856 2
456 2787 723 2872 φθονερή
770 2797 1036 2858 vocatur
1074 2798 1140 2858 et
1185 2813 1285 2878 ep.
1333 2790 1462 2859 172
1509 2812 1580 2858 ac
1634 2790 1763 2859 173
1810 2792 2172 2872 δυσέραςος,
2223 2790 2303 2856 ad
2342 2810 2615 2875 quorum

218 2896 511 2965 locorum
558 2898 927 2984 exemplum
974 2904 1328 2985 exspectes:

772 3002 924 3085 ἄχρι
969 3010 1266 3084 πικρῆς
1317 3005 1453 3078 ἠοῦς
1502 3003 1634 3068 κτὲ.

312 3109 545 3177 Obstat
609 3118 825 3177 tamen
891 3111 1045 3176 huic
1110 3112 1508 3177 coniecturae
1563 3106 1831 3175 remedii
1889 3106 2215 3175 violentia.
2331 3107 2500 3189 Quid
2562 3111 2619 3175 si

222 3219 547 3283 sumimus
583 3221 838 3303 poetam
874 3218 1082 3303 ipsam
1146 3215 1386 3301 alloqui
1452 3209 1974 3281 Sthenelaidem?
2042 3211 2143 3278 Ita
2186 3210 2394 3279 literis
2433 3212 2619 3280 aliter

223 3324 520 3390 dil-emtis
565 3323 758 3388 scribi
801 3323 1038 3408 possit:

591 3426 739 3509 ἄχρι
763 3479 776 3503 ,
831 3430 1036 3507 ΦΙλη
1057 3475 1075 3506 ,
1124 3432 1182 3492 ο·’
1228 3430 1364 3503 ἠοῦς
1413 3433 1634 3508 προῖκα
1681 3423 2109 3507 χαριζομένην.

407 3555 664 3621 prorsus
708 3540 784 3600 ut
829 3533 996 3599 infra
1038 3553 1136 3619 ep.
1188 3532 1310 3610 22,
1363 3532 1436 3598 5:
1488 3530 1681 3613 ἄχρι,
1730 3532 1981 3611 Φίλή,
2034 3539 2272 3606 πολιῆς.

315 3642 437 3728 Ep.
489 3639 563 3718 9,
619 3638 659 3704 3
706 3661 797 3725 sq.

414 3744 644 3811 Οὐκέτι
693 3742 997 3825 βας-οὶζω,
1049 3744 1148 3823 μα
1195 3746 1281 3808 τὰ
1331 3747 1388 3809 σ’
1435 3742 1818 3823 ὄμματα,
1870 3743 2011 3816 τήν
2058 3741 2399 3823 Φιλέρήμον

748 3851 852 3916 καὶ
899 3853 1010 3927 τήν
1061 3857 1414 3931 μουνολεχή
1461 3859 1588 3917 σεῖο
1635 3846 1976 3930 διαζυγίην.

227 3958 476 4026 Haereo
543 3966 680 4024 tam
749 3962 817 4023 in
878 3957 1146 4025 articulo
1207 3976 1538 4043 perperam
1602 3946 1871 4042 repetito
1938 3974 2133 4042 quam
2198 3957 2268 4019 in
2330 3974 2403 4020 eo
2450 3952 2620 4040 quod

226 4066 608 4151 perabsurde
669 4063 955 4145 διαζυγίη
1003 4064 1082 4130 ab
1130 4066 1337 4129 amico
1383 4062 1622 4127 dicitur
1664 4061 2015 4127 solitudae‘ms
2062 4082 2286 4125 amans.
2382 4058 2474 4125 Ut
2519 4079 2624 4145 ap-

230 4180 410 4257 paret
456 4195 491 4238 e
539 4172 752 4237 verbis
798 4170 1211 4256 sequentibus
1257 4190 1350 4236 vs.
1404 4165 1441 4233 ’7

507 4278 706 4356 αὔριον
755 4278 933 4341 ἀλλὰ
984 4274 1193 4356 πάτρη
1243 4299 1325 4353 με
1377 4271 1723 4349 δεδέξεται,
