2934 5050
1125 321 1185 371 ta
1231 324 1625 375 nsttononun.
2430 307 2558 371 533

221 489 494 570 tradioit,
542 492 736 562 etiam
797 491 1031 561 melius
1089 492 1424 580 apparebit
1472 494 1539 559 in
1587 492 1669 558 iis
1714 509 1880 579 quae
1920 492 2227 559 continuo
2271 500 2561 579 sequun-

216 602 317 661 tur
349 597 410 661 in
452 595 716 665 eandem
757 598 1178 665 sententiam:
1209 596 1651 679 παρευδοκιμεῖ
1674 598 1788 674 τὴν
1818 597 2143 680 ἀκρίβειαν
2181 601 2300 663 τῦν
2334 594 2564 678 ἔργων

218 700 391 775 ἧτῆς
453 701 782 776 ὑποθέσεως
841 704 1229 782 καινοτομία.
1326 701 1687 790 opponitur
1746 702 1847 768 uti
1904 700 2081 768 vides
2142 702 2209 767 in
2257 698 2562 767 zeuxidis

212 801 407 870 tabula
464 808 830 892 argumenti
894 808 1178 884 novitas,
1244 826 1409 893 quae
1464 805 1934 894 spectatoribus
2001 806 2287 893 impense
2355 802 2565 891 place-

209 904 336 985 bat,
388 908 699 977 linearum
757 912 1186 978 exactissimis
1248 911 1473 978 formis
1489 943 1508 989 ,-
1567 930 1728 998 quas
1790 930 1913 977 non
1963 908 2565 977 animadvertebant

208 1011 422 1080 scilicit
476 1015 925 1082 aestimatores
992 1016 1082 1081 illi
1151 1036 1379 1102 parum
1437 1015 1798 1083 exercitati.
1893 1015 2117 1102 ltaque
2180 1034 2388 1101 neque
2446 1013 2561 1089 τὴν

206 1114 503 1197 ὦκρίβειαν
545 1127 669 1186 τῶν
709 1120 1220 1202 πραγμάτων
1270 1121 1586 1198 feremus,
1636 1140 1841 1207 neque
1872 1128 1990 1187 τῶν
2035 1118 2308 1202 ἔργων.
2376 1117 2558 1185 Utro·

205 1238 314 1304 que
355 1221 486 1290 loco
524 1226 786 1311 scripsit
825 1226 1174 1302 LucianuS,
1216 1228 1311 1293 uti
1353 1227 1661 1313 conjicio,
1704 1224 1891 1292 modo
1930 1224 2188 1291 eodem:
2234 1224 2347 1299 τὴν
2391 1222 2559 1303 ακρίὸ

201 1325 364 1402 βειαν
406 1335 522 1394 τῶν
567 1339 1006 1411 γραμμῶν,
1070 1332 1265 1396 sicuti
1329 1340 1728 1397 memoratur
1784 1332 1851 1395 in
1906 1329 2305 1415 Imaginibus
2367 1331 2402 1413 §
2473 1330 2552 1393 to

199 1431 447 1508 ἁαλλίςη
493 1433 605 1500 καὶ
653 1433 891 1510 πάσαις
937 1442 1130 1509 ταῖς
1179 1445 1619 1518 γραμμαῖς
1666 1433 2302 1516 ὥπηκριβωμένη
2359 1431 2551 1499 εἰκών.

197 1531 585 1623 Corruptelae
637 1539 961 1606 interdum
1015 1539 1209 1606 latius
1257 1550 1526 1627 serpunt
1571 1550 1637 1607 et
1687 1541 1840 1606 vitia
1878 1541 2065 1605 -vitiis
2108 1536 2549 1605 cumulantur.

198 1632 257 1702 ln
302 1639 581 1707 Platonis
618 1643 880 1730 Gorgia,
934 1654 1004 1710 ut
1043 1663 1234 1731 supra
1275 1644 1601 1722 dicebam,
1640 1645 2107 1720 καταπατήσας
2145 1644 2236 1709 τοὶ
2282 1642 2552 1723 ἡμέτερα

195 1740 625 1823 γράμματα
688 1749 792 1815 καὶ
863 1751 1392 1829 μαγγανεύματα
1461 1749 1567 1816 καὶ
1615 1750 1891 1832 ἐπῳδάς,
1938 1749 2088 1815 olim
2137 1765 2546 1814 correxeram

192 1848 758 1931 περιάμματα,
809 1873 1015 1941 neque
1055 1863 1266 1920 tamen
1312 1856 1616 1942 cuiquam
1669 1856 2000 1941 persuasi,
2044 1871 2184 1920 eam
2221 1850 2361 1918 esse
2403 1850 2543 1916 Plass

190 1952 337 2018 tonis
379 1972 648 2022 manum
676 2008 694 2036 ,
760 1978 1151 2045 quamquam
1220 1958 1467 2025 idoneis
1516 1958 1761 2026 sueram
1813 1979 1969 2026 usus
2014 1956 2420 2043 argumentis
2468 1961 2544 2019 ut

187 2056 496 2141 probarem
564 2060 1077 2129 emendationem
1139 2083 1305 2150 quae
1365 2063 1522 2129 mihi
1581 2062 1841 2149 quidem
1892 2064 1957 2129 in
2008 2063 2233 2149 paucis
2278 2057 2541 2127 evidens

185 2156 521 2231 videbatur.
614 2166 816 2233 Erant
880 2167 1037 2234 adeo
1097 2171 1208 2254 qni
1274 2188 1379 2235 me
1439 2176 1778 2254 carperent
1832 2176 1895 2234 et
1943 2165 2406 2233 contenderent
2468 2163 2536 2230 in

184 2272 701 2337 commentatione
756 2271 864 2337 illa
931 2272 1252 2339 Platonica
1312 2293 1415 2339 me
1478 2291 1738 2359 operam
1807 2271 2162 2358 perdidisse
2221 2277 2288 2337 et
2328 2267 2534 2335 multa

145 2370 476 2445 ‚moliendo
523 2374 685 2440 nihil
726 2378 1118 2462 promovisse
1158 2378 1253 2444 vel
1295 2378 1673 2445 correxisse.
1737 2376 1878 2443 Jam
1910 2383 2175 2463 apparet
2198 2392 2529 2441 summum

182 2473 330 2543 inter
371 2488 695 2547 nostrates
741 2482 1078 2560 criticum,
1127 2502 1315 2571 quem
1356 2481 1761 2548 admiramur
1800 2490 1863 2548 et
1902 2480 2235 2567 diligimus
2273 2499 2528 2558 omncs,

180 2579 457 2652 incidisse
498 2588 563 2651 in
602 2587 867 2653 eandem
908 2588 1441 2655 emendationem.
1494 2588 1777 2654 Platonis
1815 2607 2006 2654 causa
2049 2586 2330 2673 gaudeo,
2371 2604 2522 2652 nam

182 2703 330 2754 nunc
397 2689 716 2777 plaudunt
782 2711 1001 2759 omnes
1074 2693 1504 2779 plaudentque
1566 2700 1631 2758 et
1695 2712 1840 2757 mox
1902 2691 2212 2779 palmaria
2272 2689 2524 2757 scilicet

180 2797 467 2861 correctio
535 2796 887 2883 recipietur
943 2799 1011 2862 in
1070 2806 1339 2864 textum.
1435 2797 1624 2863 Tanti
1679 2805 1816 2877 est,
1873 2798 2066 2864 etiam
2135 2797 2199 2860 in
2265 2811 2520 2861 summa

181 2894 557 2975 innocentia,
624 2900 899 2967 nobilem
967 2899 1199 2967 habere
1257 2919 1490 2967 causae
1547 2909 1697 2967 tuae
1745 2911 2109 2987 patronum.
2203 2897 2519 2986 Equidem

180 3000 413 3069 interim
464 3007 529 3069 in
578 3004 727 3070 sinu
763 3004 941 3070 rideo
977 3014 1042 3071 et
1090 3005 1450 3071 Phaedrum
1493 3007 1703 3092 cogito
1743 3005 1853 3092 qui
1902 3004 2251 3090 sapienter:
2299 3002 2522 3070 Nonne

178 3099 279 3169 hoe
321 3106 637 3185 declarat,
700 3109 948 3194 inquit,
1013 3108 1233 3195 quales
1278 3110 1422 3177 sitis
1462 3110 1758 3199 judices?
1831 3108 2070 3175 Verum
2120 3106 2240 3175 hoc
2288 3106 2517 3174 obiter.

179 3205 319 3286 Quia
379 3222 600 3279 notum
665 3223 764 3279 est
827 3217 1106 3295 πρᾶγμα
1161 3224 1225 3281 et
1287 3215 1676 3296 πρόσταγμα
1737 3211 2080 3292 confundi,
2132 3212 2376 3280 sactum
2422 3219 2523 3279 est

177 3311 494 3401 aliquando
536 3327 613 3384 ut
653 3320 882 3408 ipsum.
915 3317 1078 3385 illud
1124 3321 1516 3402 πρόσταγμα
1539 3320 1822 3406 primum
1861 3320 1925 3384 in
1966 3323 2245 3401 πρᾶγμα
2277 3317 2523 3395 abiret,

179 3432 305 3483 mox
351 3420 622 3489 ulterius
672 3434 1201 3510 corrumperetur
1239 3433 1305 3491 et
1344 3423 1526 3490 fieret
1571 3423 1870 3505 γράμμα.
1965 3422 2172 3490 Locus
2211 3430 2309 3489 est
2348 3420 2520 3507 apud

179 3517 507 3592 Lucianum
558 3529 623 3592 in
690 3528 1141 3596 Saturnalibus
1207 3533 1242 3614 ς
1292 3534 1378 3596 30
1424 3532 1587 3606 πλὴν
1632 3531 1894 3599 ἐπιςελῶ
1940 3551 2021 3608 γε
2067 3530 2277 3599 αὐτοῖς
2321 3523 2524 3608 ὥσπερ

179 3625 513 3709 ὑπεσχόμην
556 3634 662 3697 καὶ
717 3633 828 3700 οἷδ’
875 3633 969 3700 ὅτι
1007 3636 1114 3701 οὐκ
1152 3635 1737 3717 ὀλιγωρήσουσμτῶν
1777 3636 1936 3714 ἐμῶν
1980 3629 2517 3714 γραμμάτων.

179 3723 519 3802 concedent
567 3757 789 3804 omnes
837 3743 931 3805 uti
983 3759 1170 3826 spero
1213 3739 1592 3807 vocabulum
1640 3740 1829 3806 unice
1867 3747 2089 3825 aptum
2136 3757 2522 3818 προσταγ·

176 3835 432 3908 μάτων
473 3862 631 3909 esse.

253 3940 459 4031 Turpe
499 3955 600 4015 est
645 3948 710 4013 in
752 3952 976 4034 paucis
1016 3951 1244 4015 vitium
1272 4000 1288 4030 ,
1333 3949 1502 4036 quod
1544 3950 1759 4017 nescio
1794 3949 2110 4036 quomodo
2151 3971 2263 4037 per
2297 3971 2520 4021 omues

177 4039 452 4133 deinceps
512 4050 824 4118 editiones
886 4063 1348 4140 propagatum,
1408 4056 1581 4119 viros
1641 4054 1862 4120 doctos
1923 4053 2186 4122 latuisse
2235 4056 2512 4125 videtur.

179 4145 242 4211 ln
286 4154 535 4252 oraculo
579 4155 851 4243 quodam
901 4157 980 4224 de
1028 4157 1364 4244 Theagene
1409 4167 1475 4226 et
1524 4157 1858 4225 Chariclea
1906 4178 1971 4246 p.
2024 4163 2175 4228 269.
2227 4167 2310 4230 155
2361 4183 2515 4252 pen-

181 4257 433 4323 tameter
475 4271 597 4326 est:

691 4365 938 4444 ἤξοντ’
987 4370 1186 4444 ἠελίου
1234 4369 1376 4450 πρὸς
1424 4369 1617 4449 χθόνα
1676 4370 1928 4445 κυανέην
