2934 5050
980 326 1356 373 rnucococtm
1405 326 1479 372 κτ
1522 327 1775 373 cntrtcA.
2421 311 2546 374 159

257 489 331 555 In
382 510 530 579 cap.
580 496 692 560 28.
743 493 772 558 ὖ
819 502 1118 575 Περικλῆς
1168 494 1370 580 -(τοὺς
1419 493 1722 581 Σαμίους)
1771 496 2056 576 χρήμασι
2104 502 2357 568 πολλοῖς
2408 494 2546 577 ἐζη-

166 594 432 673 μίωσεν·
487 594 566 663 ὧν
613 599 699 664 τα
737 599 852 677 μὲν
886 601 1058 673 εὐθὺς
1106 600 1378 677 ἤνεγκαν
1417 602 1468 665 οἱ
1511 598 1775 678 Σάμιοι,
1818 600 1905 665 τοὶ
1954 599 2006 663 δ’
2055 601 2116 664 ἐν
2161 600 2353 681 χρόνῳ
2392 600 2545 680 ῥητῷ

167 699 520 779 ταξάμενοι
568 705 981 770 κατοίσειν
1016 705 1280 796 ,ὁμήρους
1330 702 1577 771 ἔδωκαν.
1659 706 1904 770 Vitium
1954 713 2053 770 est
2102 707 2165 769 in
2201 705 2544 782 κατοίσειν,

169 825 455 893 namque
507 818 580 874 ut
629 818 936 875 ΦΕΡΕΙΝ
989 813 1297 891 χρήματα
1350 810 1710 875 rectissime
1757 810 2000 875 dicitur
2049 818 2122 875 ut
2180 810 2386 892 φέρειν
2442 809 2547 873 δα-

170 910 358 989 σμόν,
406 912 636 996 φόρον,
677 913 1000 993 σύνταξιν,
1035 915 1260 996 ἔρανον,
1302 916 1394 981 sic
1442 915 1886 998 ΚΑΤΑφὲρειν
1928 934 2135 1000 neque
2173 913 2338 980 dixit
2377 914 2548 1000 quis·

171 1034 361 1098 quam
416 1038 635 1105 neque
679 1039 754 1085 eo
800 1040 991 1086 sensu
1028 1021 1156 1085 dici
1201 1029 1429 1106 potest.
1505 1018 1671 1100 Quid
1712 1019 1867 1085 latet
1906 1021 2111 1105 igitur
2151 1020 2214 1084 in
2254 1028 2550 1085 KATOI·

174 1123 415 1187 cem?
493 1123 809 1191 Graecum
878 1134 976 1190 est
1022 1127 1374 1202 ἀποτίσειν,
1441 1125 1552 1190 sed
1608 1124 1931 1190 Plutarchi
1984 1124 2323 1202 ταξάμενοι
2370 1126 2551 1190 ἄπο-

173 1227 425 1291 τίσειν
475 1227 557 1294 ob
604 1227 854 1294 hiatum
908 1229 1148 1295 vitabat
1183 1230 1420 1296 dicere.
1496 1230 1706 1316 igitur
1739 1238 2288 1296 KATAeHcEIN
2323 1248 2547 1295 verum

176 1329 475 1409 videtur,
525 1335 677 1419 quia
740 1335 1137 1401 κατατιθέναι
1187 1356 1300 1422 pro
1346 1335 1587 1401 solvere
1647 1335 1814 1422 apud
1865 1336 2180 1422 optimum
2231 1351 2551 1421 quemque

178 1437 495 1505 usitatum
547 1448 686 1518 est,
739 1450 809 1506 ut
858 1442 923 1506 in
971 1439 1251 1506 Nubibus
1300 1450 1449 1506 uoto
1500 1439 1637 1507 loco
1688 1461 1777 1505 vs,
1827 1444 1954 1506 245

1482 1545 1695 1624 μισθὸν
1736 1546 1788 1611 δ’
1834 1542 2009 1611 ὅντιν’
2059 1544 2137 1611 ἂν

449 1648 697 1735 πράττη
740 1652 815 1731 μ’
862 1651 1137 1732 ὀμοῦμαί
1183 1675 1271 1718 σοι
1318 1652 1807 1727 καταθήσειν
1856 1651 1995 1725 τοὺς
2046 1649 2235 1722 θεούς.

267 1857 339 1923 ln
380 1880 524 1947 cap.
572 1866 681 1928 50.
732 1862 982 1940 λέγουσι
1020 1864 1084 1929 δὲ
1108 1902 1196 1912 -
1221 1863 1414 1928 εἷπεῖν
1460 1861 1798 1938 Πολυάλκη
1833 1863 1951 1928 τῶν
1988 1860 2303 1943 πρέσβεων
2341 1858 2555 1936 τινα,

186 1979 296 2046 pro
336 1965 481 2031 τινα
542 1964 843 2052 loquendi
906 1987 1064 2032 usus
1129 1964 1237 2032 ἕνα
1297 1968 1604 2052 requirit,
1648 1975 1720 2033 ut
1765 1967 1985 2033 Latine
2034 1986 2158 2032 non
2207 1966 2555 2052 leqatorum

186 2066 449 2154 aliquis,
497 2070 610 2137 setl
659 2093 820 2137 unus
872 2093 905 2138 e
951 2072 1196 2160 leqaliS.

270 2279 341 2345 ln
368 2300 509 2367 cap.
539 2285 649 2347 32.
677 2280 1113 2363 ’Λναξαγόραν
1144 2283 1258 2361 μὲν
1292 2278 1390 2348 οὖν
1415 2280 1735 2366 ἐξέπεμψε
1772 2281 1897 2347 καὶ
1940 2305 2028 2363 πρ
2043 2282 2120 2348 οὔ
2130 2288 2357 2365 πεμψ
2375 2306 2447 2347 εν
2486 2282 2555 2346 ἐκ

186 2387 291 2455 τῆς
338 2385 596 2459 πόλεως.
691 2386 1135 2474 Dittographia
1201 2389 1266 2453 in
1334 2387 1434 2453 his
1500 2387 1701 2464 inest,
1769 2407 1973 2473 neque
2021 2394 2117 2453 est
2167 2388 2302 2453 veri
2346 2386 2557 2452 simile

64 2519 65 2539 κ
190 2485 490 2558 Periclem
544 2489 747 2579 palam
794 2492 1062 2559 Athenis
1122 2492 1463 2561 abeuntem
1508 2494 1949 2580 Anaxagoram
2000 2514 2130 2560 esse
2162 2503 2552 2580 prosecutum

195 2592 637 2688 (προπέμψαι).
734 2597 906 2663 Clam
958 2608 1023 2664 et
1068 2598 1293 2665 furtim
1347 2598 1789 2686 philosophum
1841 2599 1998 2665 urbe
2036 2600 2345 2665 emissum
2393 2599 2556 2664 ratio

194 2696 389 2769 docet.
482 2704 656 2790 Ergo
718 2703 1199 2770 rescribendum
1250 2704 1548 2788 Φοβηθεὶς
1596 2704 2099 2787 ὑπεξέπεμψεν
2146 2706 2214 2769 εἰς
2262 2713 2373 2780 τῆς
2439 2703 2554 2770 πό-

195 2818 362 2883 λεως.

283 3017 350 3083 ln
398 3039 539 3105 cap.
597 3023 680 3084 53
744 3020 828 3100 τῷ
889 3020 952 3086 δὲ
1014 3026 1306 3101 Περικλεῖ
1357 3018 1544 3085 δεινὸν
1603 3019 1893 3101 ἐφαίνετο
1939 3018 2084 3099 πρὸς
2133 3020 2271 3094 τοὺς
2315 3020 2556 3101 ἑξακισ-

202 3128 566 3191 MTPIOTC
606 3126 1097 3201 Πελοποννησίων
1136 3127 1240 3192 καὶ
1283 3130 1550 3190 Βοιωτῶν
1588 3123 1852 3197 ὁπλίτας
1878 3161 1967 3174 -
1989 3123 2211 3204 μάχην
2254 3123 2552 3207 συνάψαι.

209 3225 353 3307 Quid
400 3230 635 3297 audio?
686 3229 1099 3313 ἑξακισμύριοι
1149 3232 1401 3297 ὁπλῖται
1446 3231 1508 3295 in
1554 3229 1831 3295 Atticam
1890 3229 2270 3295 introierant
2310 3239 2367 3294 et
2421 3249 2559 3315 spe-

212 3332 415 3400 rabant
473 3356 541 3402 se
591 3335 1012 3403 Athenien‘ses
1058 3336 1138 3402 ad
1192 3355 1470 3422 pugnam
1521 3334 1752 3401 elicere
1802 3354 2026 3420 posse,
2075 3337 2152 3408 ὥς
2208 3341 2325 3400 τῶν
2373 3335 2557 3409 Ἀθη-

213 3439 366 3505 ναίων
426 3441 541 3507 ὑπὸ
605 3442 993 3523 Φρονήματος
1062 3441 1582 3521 διαμαχουμένων
1651 3443 1795 3522 πρὸς
1865 3439 2113 3513 αὐτούς.
2227 3439 2556 3505 Dementia

213 3537 347 3611 haec
392 3547 655 3633 quidem
700 3556 822 3613 est.
900 3546 1024 3614 Sed
1075 3567 1198 3612 non
1239 3556 1424 3614 erant
1468 3544 1713 3611 viribus
1762 3556 1892 3611 tam
1945 3545 2273 3631 dispareS‚
2315 3544 2562 3609 scribae

215 3647 373 3715 nobis
418 3652 866 3738 imposuerunt
904 3662 970 3719 et
1016 3673 1090 3719 ex
1142 3653 1277 3740 ipsa
1329 3653 1418 3718 rei
1474 3660 1701 3717 natura
1752 3649 2183 3716 rescribemus
2231 3648 2563 3726 ἑξακισΧΙ-

215 3763 451 3823 Alo'rc
474 3794 563 3807 —
589 3758 879 3833 ὁπλίτας.

291 3964 357 4030 ln
405 3986 542 4052 cap.
581 3972 667 4034 54
719 3968 998 4055 primum
1042 3967 1119 4032 de
1172 3966 1506 4035 Sintenisii
1548 3966 1865 4033 sententia
1899 3964 2308 4032 scribendum
2352 3966 2564 4048 ἠγριώ-

218 4067 386 4144 θησαν
431 4073 574 4154 πρὸς
621 4073 725 4138 τὸν
770 4072 1074 4153 Περικλέα
1113 4073 1394 4155 καθάπερ
1443 4072 1588 4154 πρὸς
1630 4072 1833 4152 ἰατρὸν
1872 4071 1975 4136 καὶ
2023 4071 2263 4152 πατέρα
2300 4081 2378 4155 τῇ
2420 4071 2562 4154 νόσῳ

221 4179 778 4258 παραφρονήσαντες
844 4178 948 4243 καὶ
1017 4178 1245 4244 ἀδικεῖν
1292 4178 1740 4260 ἐπεχείρησαν.
1790 4196 1906 4261 pro
1953 4175 2210 4261 vulgata
2256 4177 2561 4257 Περικλέα

226 4274 371 4365 [καὶ]
429 4281 706 4363 καθάπερ
772 4282 973 4366 ἰατρὸν
1025 4322 1103 4333 -
1159 4283 1743 4367 παραφρονήσαντες
1810 4281 2039 4347 ἀδικεῖν
2115 4281 2562 4364 ἐπεχείρησαν,

228 4379 430 4451 deinde
473 4386 537 4453 in
586 4388 997 4470 ἐπεχείρησαν
1037 4388 1586 4463 ’ΛΝΑπεισθέντ-ες
1619 4385 2007 4473 praepositio
2041 4393 2222 4449 ANA
2266 4405 2341 4451 ex
2386 4405 2561 4472 prae·
