2934 5050
1000 316 1394 364 communes
1443 314 1677 363 ιΑτιιιΑ.
2401 295 2529 359 403

249 480 512 547 Alema
555 482 764 570 iun-qia
809 481 1134 569 significat
1179 481 1369 549 modo
1419 501 1684 550 uxorem
1733 480 2046 548 maritum
2095 477 2283 547 modo
2330 479 2533 547 mari-

162 588 299 651 tum
359 604 623 653 uxorem
684 586 1052 674 obiurgare.
1150 589 1555 674 Quapropter
1617 587 1758 653 iure
1804 592 2102 673 expectes
2149 585 2215 651 in
2264 602 2534 671 sequeu-

163 687 334 756 tibus
379 689 663 777 aliquam
708 701 887 760 certe
926 694 1271 759 memorari
1314 691 1667 779 proiectam
1707 710 1744 756 a
1785 690 2023 756 marito
2064 690 2286 758 uxoris
2319 687 2533 755 obiur-

161 794 507 878 sationem.
603 796 727 864 Sed
777 806 1000 864 contra
1046 807 1171 865 est.
1266 797 1434 864 Audi
1487 794 1704 862 modo:

433 910 573 968 tum
621 903 840 988 gravis
888 902 990 968 illa
1044 904 1180 968 viro
1226 911 1385 969 tuuc
1431 902 1587 969 orba
1637 899 1873 987 tigride
1918 900 2131 987 peior,

429 1025 580 1073 cum
632 1008 896 1074 simulat
943 1009 1256 1093 gemituS,
1303 1007 1541 1074 occulti
1593 1006 1851 1073 conscia
1899 1002 2053 1071 sacti

428 1118 545 1177 aut
592 1110 727 1177 odit
772 1131 1006 1198 pueros
1052 1120 1168 1179 aut
1214 1112 1363 1177 ficta
1411 1110 1637 1197 pellice
1684 1109 1897 1196 plorat

431 1215 741 1283 uberibus
783 1236 1040 1304 semper
1087 1216 1375 1283 lacrimis
1422 1234 1805 1303 semperque
1852 1215 2096 1301 paratis

432 1322 500 1388 in
550 1322 826 1388 statione
872 1341 987 1388 sua
1035 1331 1230 1409 atque
1273 1320 1796 1407 exspectantibus
1841 1318 2040 1397 illam,

430 1445 563 1513 quo
609 1426 827 1493 iubeat
874 1445 1139 1493 manare
1186 1425 1405 1491 modo:
1459 1435 1532 1493 tu
1573 1425 1787 1492 credis
1835 1442 2157 1503 amorem,

426 1540 506 1597 tu
554 1530 669 1596 tibi
720 1538 876 1597 tunc
927 1530 1132 1597 Uruca
1182 1530 1393 1618 places
1443 1530 1797 1617 fletumque
1846 1527 2091 1596 labellis

426 1634 701 1702 exorbes
746 1643 901 1701 cett.

198 1740 385 1824 .Qua
448 1738 535 1807 de
600 1759 798 1807 causa
861 1740 1079 1806 nescio
1156 1759 1237 1806 an
1305 1739 1539 1806 leniter
1600 1738 2057 1826 corrigendum
2120 1739 2235 1804 sit:
2302 1758 2543 1826 semper

165 1845 343 1914 habet
392 1846 548 1913 lites
592 1843 970 1932 aeternaque
1016 1844 1229 1929 iurgia
1274 1843 1505 1912 lectus.

974 1946 1222 2016 Ibidem
1273 1969 1368 2016 vs.
1418 1955 1548 2016 555
1598 1968 1726 2035 sq.:

822 2054 1130 2141 quoniam
1177 2053 1440 2140 Delphis
1487 2053 1746 2120 oracula
1793 2062 2092 2130 cessant,

619 2167 685 2225 et
729 2176 934 2244 genus
980 2156 1339 2224 humanum
1386 2178 1629 2224 nanum
1676 2159 1886 2244 caligo
1933 2156 2137 2224 futuri

248 2261 701 2332 Heinricbius:
753 2263 1066 2350 »obliyat,
1115 2281 1234 2329 aus
1272 2261 1388 2328 der
1421 2262 1844 2349 juristiscben
1880 2260 2189 2349 Spracbe.
2263 2263 2363 2328 An
2400 2260 2547 2327 eine

171 2366 591 2456 »Corruption
654 2369 740 2433 ist
802 2367 982 2434 nicht
1043 2387 1126 2432 zu
1192 2366 1516 2433 denken.''
1622 2369 1700 2433 At
1769 2367 1937 2434 scire
1982 2365 2172 2433 velim
2221 2365 2303 2432 ad
2350 2384 2547 2453 quam

170 2491 295 2541 rem
340 2474 562 2560 caligo
618 2466 823 2541 futuri
888 2491 1091 2558 genus
1156 2471 1514 2540 humanum
1581 2472 1839 2560 obliget.
1939 2471 2305 2559 Numquam
2371 2472 2545 2539 enim

171 2577 467 2647 &muare
513 2588 612 2645 est
675 2578 914 2666 liqui-e,
977 2577 1250 2656 vincire,
1302 2589 1529 2644 tenere.
1625 2577 1693 2645 Si
1743 2577 1902 2643 nihil
1951 2597 1986 2644 a
2036 2576 2269 2644 scribis
2318 2596 2551 2664 pecca-

98 2719 137 2772 3-
173 2690 301 2750 tum
348 2693 495 2761 est,
541 2683 798 2749 damnat
840 2681 906 2749 b.
951 2682 990 2747 l.
1040 2682 1495 2768 explicandum
1544 2681 1803 2749 videtur
1848 2683 2083 2761 laedit,
2133 2682 2360 2748 damno
2413 2681 2550 2769 offi-

174 2788 271 2865 cit.
292 2808 495 2876 quam
522 2789 652 2854 vim
679 2787 945 2854 verbum
975 2785 1207 2854 habere
1233 2796 1502 2874 putatur
1526 2787 1695 2875 apud
1725 2788 2023 2855 Plautum
2053 2786 2552 2864 Trinumm.1V,

72 2961 121 3000 ,Ι
90 2898 348 2968 1.1o
372 2891 773 2981 pauperibus
799 2900 860 2958 te
886 2910 1150 2979 parcere
1175 2892 1435 2958 solitum
1464 2892 1699 2958 divites
1723 2892 2025 2958 damnare
2048 2900 2243 2979 atque
2265 2889 2552 2957 domare·

100 2995 293 3065 ‚Sed
330 2998 524 3085 longe
564 2998 700 3063 veri
741 2997 1019 3062 similius
1050 3016 1189 3063 esse
1237 2997 1519 3063 arbitror
1553 3006 1804 3084 poetam
1842 2999 2218 3083 scripsisse.

580 3111 645 3168 et
672 3120 877 3187 genus
915 3100 1273 3167 humanum
1322 3123 1624 3169 mummi·
1671 3102 1879 3190 caligo
1926 3102 2153 3172 futuri.

945 3205 1189 3273 Ibidem
1253 3225 1381 3273 vsS.
1435 3212 1565 3273 490
1612 3227 1778 3294 sqq.:

451 3312 732 3398 disponit
779 3311 1067 3389 crinem,
1116 3311 1413 3378 laceratis
1462 3314 1599 3397 ipsa
1648 3311 1895 3399 capillis

449 3415 625 3483 nudo
674 3434 899 3481 umero
947 3417 1174 3482 Psecas
1229 3415 1448 3483 infelix
1500 3414 1821 3503 nudisque
1867 3417 2178 3483 mamillis

453 3519 834 3589 »altior-hic
880 3541 1082 3606 quare
1128 3521 1564 3588 cincinnus?”
1617 3531 1838 3588 taurea
1892 3522 2077 3607 punit

450 3627 759 3692 continuo
810 3623 956 3692 flexi
1009 3627 1254 3692 crimen
1304 3625 1686 3712 facinusque
1733 3625 1968 3712 capilli.

452 3728 620 3813 Quid
669 3730 897 3797 Psecas
942 3730 1245 3797 admisit?
1297 3750 1611 3816 quaenam
1667 3737 1767 3797 est
1810 3731 1914 3797 hic
1964 3730 2152 3817 culpa
2195 3728 2479 3816 puellae,

458 3837 511 3900 si
558 3834 1055 3923 tibi-displicuit
1104 3855 1301 3901 nasus
1349 3836 1543 3901 tuus?
1595 3835 1796 3903 altera
1847 3835 2091 3901 laevum

454 3939 743 4006 extendit
789 3944 1115 4028 pectitque
1161 3960 1378 4007 comas
1425 3950 1490 4007 et
1538 3941 1729 4012 ,volvit
1780 3941 1846 4006 in
1894 3938 2136 4006 orbem.

170 4087 191 4102 ,
274 4041 448 4123 Quid
493 4043 613 4110 sibi
675 4045 735 4110 b.
778 4046 817 4111 l.
885 4045 1038 4113 velit
1100 4046 1345 4112 laevum
1410 4065 1616 4134 neque
1678 4064 1797 4131 ego
1848 4042 2146 4131 intellego
2193 4063 2400 4132 neque
2446 4042 2562 4111 alii

196 4146 351 4214 mihi
397 4147 762 4235 expediunt.
856 4150 1176 4217 luvenalis
1223 4152 1524 4237 scripsit,
1576 4153 1631 4216 si
1680 4149 1835 4236 quid
1884 4148 2101 4215 video:

1568 4256 1769 4322 altera
1819 4255 2020 4321 laeves

556 4359 833 4427 extendit
885 4363 1206 4448 pectitque
1253 4384 1455 4429 comas
1507 4371 1570 4428 et
1622 4361 1815 4427 volvit
1865 4362 1929 4428 in
1974 4359 2187 4429 orbem
