2934 5050
1072 316 1159 364 AI>
1207 315 1736 365 'renorma-um.
2344 364 2349 369 ,
2510 295 2596 360 63

299 486 460 575 Cap.
508 484 805 553 XXVIII.
855 486 1270 564 Κακολογίας.

299 597 333 657 ό
380 593 445 658 δὲ
492 592 832 670 κακολόγος
875 591 1182 671 ἐρωτηθεὶς
1233 639 1267 668 „
1287 594 1362 656 ‘O
1414 591 1581 656 δεῖνα
1629 590 1724 662 τίς
1764 588 1948 664 ἔςιν”;
1997 588 2357 673 respondet:
2409 636 2444 666 „
2467 598 2594 653 Κα-

197 697 410 780 θάπερ
454 700 510 763 οἱ
555 702 1071 777 γενεαλογοῦντες
1134 702 1365 775 πρῶτον
1426 694 1555 760 απὸ
1612 700 1719 761 τοῦ
1768 694 1979 773 γένους
2041 694 2231 758 αὑτοῦ
2286 691 2591 773 ἄρξομαι·

191 803 437 870 τούτου
496 804 526 868 ὃ
578 804 691 879 μὲν
747 803 954 881 πατὴρ
1016 799 1087 877 ἐξ
1147 802 1348 883 ἀρχῆς
1417 800 1661 874 Σωσίας
1721 801 2041 877 ἐκαλεῖτο,
2104 798 2348 877 ἐγένετο
2409 800 2472 865 δὲ
2535 799 2597 864 ἐν

191 918 340 981 τοῖς
382 907 750 988 ςρατιῶταις
789 908 1178 986 Σωσίςρατος
1218 906 1424 981 ἐπειδη
1460 915 1572 971 ΔΕ
1607 907 1691 978 εἰς
1732 904 1872 978 τοὺς
1916 902 2193 980 δημότας
2225 902 2595 990 ἐνεγράφη]

191 1013 320 1079 Sic
366 1012 719 1078 Palatinus.
794 1010 1123 1097 Scriptura
1168 1011 1372 1085 ἐπειδὴ
1427 1020 1539 1076 ΔΕ
1590 1011 1804 1076 doctos
1847 1011 2137 1076 homines
2197 1011 2265 1073 in
2307 1010 2598 1075 fraudem

191 1118 474 1183 induxit
492 1164 510 1193 ,
558 1119 740 1202 quasi
776 1115 1017 1201 aliquid
1063 1115 1323 1180 deesset.
1393 1114 1616 1199 Itaque
1660 1116 1738 1181 de
1775 1136 1889 1181 suo
1929 1116 2339 1180 addiderunt:
2389 1114 2596 1188 ἐπειδὴ

193 1224 266 1289 δὲ
335 1224 423 1295 εἷς
483 1224 622 1293 τοὺς
684 1218 957 1298 δημότας
1004 1218 1318 1300 ἐνεγράφη
1376 1220 1815 1307 (Σωσίδημος).
1889 1220 2033 1285 Non
2092 1225 2386 1304 poterant
2440 1219 2597 1285 infe-

188 1326 426 1394 licius.
515 1322 723 1408 Quid?
809 1325 1079 1390 milesne
1137 1328 1410 1410 scriptus
1467 1330 1564 1389 est
1624 1346 1696 1390 ac
1753 1326 2068 1391 militavit
2128 1330 2469 1409 antequam
2528 1327 2598 1389 in

189 1431 560 1499 tribulium
597 1429 852 1496 tabulas
895 1433 1186 1514 receptus
1227 1420 1430 1495 esset?
1500 1430 1768 1496 Necesse
1812 1431 1882 1495 id
1927 1434 2022 1495 est
2069 1432 2124 1494 si
2173 1431 2353 1514 prius
2404 1448 2599 1513 quam

189 1536 533 1603 militaret
601 1533 987 1615 Σωσίςρατος
1060 1539 1125 1599 et
1185 1539 1525 1619 postquam
1592 1534 1677 1608 εἲς
1737 1535 1879 1607 τοὺς
1940 1533 2215 1611 δημότας
2280 1532 2596 1615 ἐνεγράφη

189 1645 479 1726 coeptus
545 1644 640 1705 est
705 1638 1060 1716 Σωσίδημος
1132 1638 1491 1723 appellari..
1572 1637 1721 1704 Alio
1789 1659 1862 1703 ac
1927 1637 2137 1703 multo
2212 1637 2601 1723 simpliciore

187 1746 408 1812 modo
456 1734 802 1831 scripturae
845 1746 1085 1810 vitium
1123 1744 1267 1810 tolli
1307 1748 1548 1829 potest:
1598 1745 2001 1809 scribendum
2036 1780 2128 1794 -
2165 1744 2408 1817 Σωσίας
2450 1743 2598 1809 ἐκα-

189 1858 391 1917 λεῖτο
413 1898 431 1925 ,
494 1849 736 1928 ἐγένετο
789 1850 853 1915 δὲ
900 1849 964 1913 ἐν
1007 1857 1134 1923 τοῖς
1198 1850 1567 1929 ςρατιώταις
1618 1847 2006 1928 Σωσίςρατος
2054 1846 2262 1923 ἐπειδὴ
2324 1850 2409 1920 εἷς
2454 1846 2596 1920 τοὺς

190 1953 499 2033 δημότας
547 1953 1057 2036 ΠΑΡενεγράφη.
1129 1956 1447 2039 Postquam
1492 1955 1668 2017 mabis
1720 1955 1950 2018 artibus
1992 1954 2061 2016 in
2106 1954 2405 2017 civitatem
2446 1953 2598 2017 irre-

175 2063 333 2147 psit
392 2057 709 2125 militavit
772 2064 837 2124 et
898 2080 976 2131 ex
1033 2057 1216 2124 Sosia
1276 2060 1482 2124 factus
1537 2063 1633 2123 est
1685 2057 2081 2123 Sosistratus.
2157 2057 2326 2137 Quid
2384 2060 2600 2123 notius

191 2166 520 2241 Athenis,
587 2163 742 2248 quid
784 2164 1174 2248 frequentius
1227 2183 1420 2247 quam
1467 2168 1997 2243 παρεγγραφῆναι
2023 2211 2038 2240 ,
2104 2183 2631 2243 παρεγγεγραμ··

191 2271 430 2351 μένος,
495 2266 1025 2348 παρέγγραπτοςῗ
1095 2266 1279 2346 Quod
1342 2272 1440 2333 est
1505 2268 1773 2333 Athenis
1839 2271 2121 2354 paratius
2179 2267 2599 2335 maledictum

194 2394 419 2462 quam
463 2370 629 2448 ξένος
669 2372 774 2437 καὶ
822 2366 1353 2452 παρέγγραπτοςῖ
1412 2372 1755 2437 Aeschines
1792 2373 1867 2436 de
1908 2373 1980 2437 F.
2018 2373 2093 2436 L.
2133 2394 2281 2460 pag.
2324 2372 2443 2452 38,
2488 2372 2593 2438 10.

196 2483 521 2559 Κλεοφῶν
582 2476 645 2542 δὲ
703 2478 733 2543 ὅ
789 2478 1096 2558 λυροποιὸς
1153 2513 1240 2526 -·
1299 2475 1784 2559 παρεγγραφεὶς
1846 2477 2113 2558 αἰσχρῶς
2175 2478 2433 2553 πολίτης
2488 2478 2593 2544 καὶ

196 2583 600 2666 διεφθαρκὼς
658 2591 811 2664 νομῇ
857 2583 1199 2662 χρημάτων
1243 2581 1348 2645 τὸν
1403 2581 1611 2658 δῆμον.
1688 2582 1879 2667 Apud
1925 2583 2195 2649 eundem
2243 2585 2398 2649 ibid.
2446 2604 2594 2670 pag.

199 2691 296 2758 51
319 2737 343 2768 ,
398 2686 509 2752 46.
556 2684 846 2767 ἄνθρωποι
893 2687 1371 2767 παρέγγραπτοι
1429 2684 1859 2772 [γεγενημένοι
1910 2687 2193 2773 πολῖται]
2220 2737 2239 2765 ,
2303 2687 2597 2751 additum

197 2796 547 2886 glossema
583 2794 934 2857 orationem
968 2794 1270 2857 vitiosam
1313 2790 1611 2855 reddidit.
1675 2790 1874 2855 Erant
1912 2793 2085 2855 enim
2120 2789 2597 2869 παρέγγραπτοι

198 2908 276 2968 et
343 2896 549 2963 multi
592 2897 879 2981 quidem,
943 2896 1054 2962 sed
1111 2916 1235 2960 non
1297 2901 1476 2961 erant
1531 2894 2005 2975 παρέγγραπτοι
2064 2904 2341 2960 πολῖται.
2409 2894 2602 2980 Apud

201 3002 734 3087 Theophrastum
791 3001 1010 3065 mendi
1068 3003 1247 3087 origo
1289 3003 1357 3065 in
1409 3001 1497 3073 εἷς
1542 3000 1682 3072 τοὺς
1734 2999 2065 3074 δημόΤΑΟ
2110 2996 2599 3079 ΠΑΡενεγράφη

201 3108 415 3177 facile
461 3107 881 3193 cognoscitur.
950 3105 1010 3170 Ν
1013 3125 1094 3170 on
1139 3111 1235 3169 est
1272 3125 1468 3170 ovum
1514 3125 1634 3170 ovo
1677 3104 1955 3168 similius
1992 3124 2185 3188 quam
2220 3104 2358 3168 loco
2403 3103 2605 3170 'Pheo-

204 3214 485 3302 phrasti
542 3209 874 3275 emendato
919 3208 1153 3275 similis
1211 3214 1309 3273 est
1351 3208 1527 3274 locus
1568 3208 2013 3274 Demosthenis
2057 3210 2118 3272 ἐν
2170 3217 2249 3288 τῇ
2297 3211 2442 3273 κατ’
2487 3209 2603 3275 Ai-

206 3318 452 3400 σχίνου
521 3313 864 3397 κακολογία
932 3315 1006 3378 de
1079 3315 1305 3378 Corona
1362 3335 1509 3402 pag.
1573 3313 1732 3391 314,
1784 3314 1862 3378 2:
1933 3313 2138 3389 ἐπειδὴ
2201 3315 2255 3379 δ’
2312 3316 2399 3386 εἷς
2460 3315 2602 3386 τοὺς

206 3421 512 3501 δημότας
560 3419 909 3501 ἐνεγράφης
974 3418 1408 3495 ὁπωσδήποτε,
1469 3421 1541 3484 ἐῶ
1589 3419 1715 3498 γαρ
1759 3417 1940 3483 τοῦτό
1984 3442 2102 3496 γε,
2152 3419 2358 3495 ἐπειδὴ
2405 3420 2461 3491 δ’
2507 3414 2606 3486 οὖν

206 3524 583 3607 ἐνεγράφης
640 3523 851 3595 εὐθέως
908 3523 981 3588 τὸ
1039 3521 1336 3592 καλλιςον
1393 3520 1650 3601 ἐξελέξω
1711 3529 1827 3587 τῶν
1886 3520 2074 3601 ἔργων
2134 3522 2605 3602 γραμματεύειν

207 3634 331 3701 καὶ
387 3631 707 3709 ὑπηρετεῖν
750 3633 877 3699 τοῖς
924 3627 1220 3708 ἀρχιδίοις
1242 3676 1258 3704 ,
1306 3648 1581 3712 namque
1626 3628 1797 3704 μετὰ
1843 3628 2177 3707 σχήματος
2222 3628 2387 3693 nihil
2430 3627 2609 3694 aliud

209 3738 392 3805 dicit
439 3753 638 3817 quam
677 3732 883 3805 ἐπειδὴ
929 3732 982 3796 δ’
1028 3733 1113 3805 είς
1161 3732 1301 3805 τοὺς
1349 3731 1622 3810 δημότας
1668 3732 2211 3815 ΠΑΡενεγροὶφης.

313 3839 522 3904 Initio
577 3835 705 3902 loci
762 3838 960 3903 verba
1018 3835 1298 3917 καθάπερ
1364 3838 1415 3901 οἱ
1462 3841 1985 3915 γενεαλογοῦντες
2040 3837 2330 3903 Editores
2390 3858 2429 3903 a
2472 3858 2606 3922 sqq.

211 3947 531 4031 separant
544 3990 563 4020 ,
611 3945 794 4026 quasi
836 3962 915 4007 ex
958 3941 1380 4027 Theophrasti
1412 3962 1676 4026 persona
1719 3943 2108 4021 dicerentur,
2158 3943 2268 4009 sed
2310 3943 2612 4009 maledici

211 4050 439 4134 ipffus
501 4045 658 4111 haee
715 4051 866 4111 sunt
908 4049 1003 4112 ita
1053 4047 1467 4112 exordientis:
1533 4044 1811 4126 καθάπερ
1856 4048 1908 4110 οἱ
1957 4052 2476 4124 γενεαλογοῦντες
2518 4083 2609 4096 -—

215 4151 529 4232 ἄρξομαι.
622 4148 820 4214 Plane
877 4149 1193 4236 gemellus
1252 4155 1349 4214 est
1412 4149 1589 4214 locus
1655 4149 1947 4214 Isocratis
2014 4152 2148 4230 περὶ
2215 4150 2611 4223 ’Λντιδόσεως

217 4258 262 4341 ᾗ
310 4252 470 4319 193:
517 4252 831 4331 βούλομαι
878 4254 943 4319 δὲ
986 4254 1119 4335 περὶ
1167 4263 1278 4329 τῆς
1320 4259 1439 4319 τῶν
1484 4253 1685 4331 λόγων
1729 4252 2018 4327 παιδείας
2061 4252 2256 4336 ὥσπερ
2296 4257 2346 4320 οἱ
2392 4279 2611 4333 γενεα-

224 4363 575 4437 maome.-
623 4363 850 4437 πρῶτον
894 4358 1148 4425 διελθεῖν
1191 4359 1338 4439 πρὸς
1382 4360 1575 4437 ὑμᾶς.
1641 4359 1993 4444 Aptissime
2046 4379 2196 4424 cum
2251 4361 2354 4425 his
2397 4365 2613 4450 contu-
