2934 5050
430 293 558 354 404
1270 310 1669 357 comacusn
1721 309 1954 356 taum.

421 478 559 545 sive
607 472 793 541 malis
841 474 1454 555 laevem—comam:
1510 479 1552 543 i.
1583 498 1636 547 e.
1670 473 2072 544 extendendo
2110 472 2542 561 pectendoque
2579 474 2750 539 crines

413 569 716 666 laevigat.
827 578 949 660 Qui
1015 579 1318 649 adiectivi
1401 602 1557 648 usus
1630 581 2108 669 praedicativus
2158 580 2498 666 utriusque
2542 576 2749 663 linguae

420 683 846 772 scriptoribus
893 688 1273 770 praesertim
1325 688 1530 773 poetis
1575 696 1675 753 est
1723 688 1788 753 in
1828 685 2116 763 deliciiS,
2168 684 2346 751 velut
2384 686 2451 749 in
2499 683 2608 749 hac
2645 685 2747 767 ipsa

416 791 656 857 vicinia
704 809 796 856 vs.
825 794 987 856 502:
1035 790 1236 856 altum
1274 792 1574 879 aedificat
1610 802 1814 877 capnt.
1911 788 2294 857 Conferatur
2336 786 2514 856 Ovid.
2541 788 2746 854 fletam.

418 894 575 973 ΧΠ,
625 897 755 962 409
803 914 1044 961 comam
1084 896 1327 982 pectine
1372 895 1629 963 laevem.

1197 998 1439 1066 Ibidem
1489 1021 1617 1066 vss.
1668 1004 1796 1068 562
1848 1021 2006 1086 sqq.:

598 1124 788 1171 nemo
835 1103 1333 1171 mathematicus
1378 1107 1641 1191 genium
1694 1104 2108 1171 indemnatus
2156 1103 2449 1171 habehit:

595 1209 703 1276 scd
751 1210 862 1295 qui
916 1228 1113 1295 paene
1158 1210 1362 1296 perit,
1407 1211 1516 1276 cui
1566 1213 1670 1277 vix
1724 1214 1786 1276 in
1841 1209 2118 1298 Cyclada
2171 1212 2346 1275 mitti

594 1314 869 1399 contigit
927 1322 990 1380 et
1039 1332 1233 1401 parva
1277 1314 1537 1381 tandem
1586 1333 1871 1382 canunsss
1919 1313 2231 1401 Seripho,

592 1418 871 1485 consulit
917 1420 1219 1485 ictericae
1266 1418 1436 1485 lento
1485 1418 1562 1486 de
1608 1419 1835 1486 funere
1885 1422 2148 1493 matris,

592 1533 742 1590 ante
791 1533 1002 1589 tamen
1052 1522 1131 1589 de
1179 1532 1242 1589 te
1290 1524 1604 1612 Tanaquil
1655 1535 1802 1599 tua.
1852 1521 2113 1610 quando
2161 1543 2450 1590 sororem

591 1627 815 1695 efferat
858 1638 923 1694 et
973 1636 1263 1714 patruos,
1312 1649 1392 1695 an
1443 1632 1531 1696 sit
1580 1632 1873 1695 victurus
1921 1626 2177 1694 adulter

585 1743 724 1819 post
766 1734 1013 1821 ipsam,·
1064 1732 1219 1820 quid
1269 1736 1438 1801 enim
1493 1736 1704 1801 maius
1748 1734 1903 1800 dare
1954 1735 2217 1799 numina
2272 1734 2567 1819 possunt?

590 1839 748 1905 haec
794 1847 1011 1904 tamen
1061 1839 1400 1923 ignorant,
1450 1839 1606 1926 quid
1655 1839 1837 1906 sidus
1887 1839 2073 1905 triste
2124 1839 2413 1906 minetur

589 1941 896 2021 Saturni,
947 1962 1073 2029 quo
1120 1942 1282 2010 laeta
1332 1943 1552 2010 Venus
1598 1964 1668 2010 se
1716 1943 1997 2030 proferat
2044 1952 2257 2020 astro,

585 2049 699 2134 qui
749 2049 988 2114 mensis
1033 2046 1325 2127 damniS,
1368 2068 1532 2135 quae
1580 2048 1817 2115 dentur
1863 2058 2153 2136 tempora
2202 2048 2426 2127 lucro;
2477 2056 2626 2114 cett.

500 2153 787 2220 Gnrtaisse
821 2151 979 2218 ferri
1020 2171 1145 2218 non
1186 2173 1369 2240 posse
1412 2152 1826 2220 manifestum
1867 2162 1986 2220 est.
2039 2154 2215 2235 Quae
2239 2151 2524 2220 Scholtio
2549 2151 2635 2240 (p.
2657 2150 2746 2233 59)

405 2258 613 2346 placet
658 2257 999 2324 Schraderi
1039 2258 1410 2323 coniectura
1453 2256 1750 2338 lattaisse,
1803 2258 1963 2324 mihi
2009 2279 2134 2325 non
2177 2256 2532 2338 satisfacit,
2588 2256 2750 2342 idque

404 2362 646 2449 duplici
703 2361 836 2429 sere
898 2361 975 2429 de
1023 2381 1239 2428 causa.
1338 2361 1498 2427 Nam
1550 2365 1603 2428 si
1658 2364 1743 2428 ita
1794 2364 2184 2440 scribimus,
2237 2361 2428 2429 verba
2471 2382 2748 2448 parva—

402 2467 665 2554 Seripho
727 2466 858 2535 fere
920 2485 1314 2553 supervacua
1379 2475 1609 2543 erunt,
1682 2473 1857 2534 certe
1922 2466 2357 2555 languebunt,
2424 2475 2568 2556 post
2623 2465 2742 2533 illa:

402 2575 850 2653 vix—milli,
895 2583 997 2653 et,
1047 2572 1216 2659 quod
1267 2573 1469 2639 inulto
1516 2575 1822 2660 gravius,
1872 2582 2289 2661 exspectatur
2335 2572 2581 2660 aliquid
2607 2567 2750 2638 uode

264 2710 271 2714 ·
398 2689 701 2766 appareat
741 2678 1270 2745 mathematicum
1317 2678 1497 2745 illum
1538 2698 1615 2744 ex
1648 2677 2091 2766 deportatione
2117 2679 2387 2744 Romam
2414 2677 2748 2744 revertisse.

397 2783 558 2850 Nam
611 2784 849 2851 Romae
897 2781 1133 2849 mulier
1192 2802 1333 2849 eam
1383 2782 1703 2861 consulit,
1757 2804 1880 2850 non
1932 2782 2221 2870 Seriphi,
2271 2786 2523 2868 opinor.
2609 2779 2750 2847 Hinc
2847 2843 2848 2870 χ

394 2887 583 2975 longe
629 2887 875 2955 malim:
928 2888 1034 2953 cui
1085 2888 1186 2953 vix
1238 2890 1302 2952 in
1355 2886 1635 2975 Cyclada
1690 2888 1863 2953 mitti
1928 2888 2201 2973 contigit
2266 2896 2334 2954 et
2387 2906 2581 2974 parva
2633 2893 2750 2949 tan·

395 2991 540 3059 dem
569 3012 835 3059 asottsss
878 2991 1168 3078 Seripho.
1233 2991 1506 3057 Tandem
1554 2993 1595 3057 i.
1640 3012 1696 3059 e.
1747 3001 1891 3078 post
1936 2991 2197 3077 longum
2246 2990 2539 3058 exilium.
2630 2987 2747 3053 llo:

393 3097 627 3164 haereo
672 3098 737 3163 in
786 3096 1115 3163 vocabulis
1155 3106 1296 3181 post
1339 3098 1583 3182 ipsam,
1633 3098 1786 3183 quia
1836 3116 1958 3163 non
2008 3096 2185 3162 cadit
2232 3098 2297 3162 in
2350 3095 2579 3162 harum
2625 3109 2748 3158 mu·
2807 3172 2812 3178 ι

393 3201 625 3268 lierum
688 3202 1107 3287 pravitatem,
1166 3211 1253 3267 ·ut
1313 3200 1410 3267 vel
1467 3200 1761 3268 adultero
1820 3199 2175 3286 longiorem
2248 3210 2472 3289 optent
2527 3200 2745 3270 vitam,

392 3324 586 3391 quam
637 3305 757 3373 sibi
808 3308 984 3393 ipsis,
1060 3309 1190 3391 An,
1246 3315 1316 3371 ut
1362 3325 1432 3371 se
1476 3306 1696 3392 lugeat
1748 3312 2068 3371 mortuam
2122 3305 2500 3392 superstes?

1003 3416 1011 3423 '
1138 3410 1272 3477 Sat.
1324 3410 1467 3490 Vll,
1531 3430 1620 3474 vs.
1677 3416 1804 3477 143
1854 3429 2027 3496 sqq.-

1204 3514 1346 3581 ideo
1389 3513 1706 3580 conducta
1760 3513 1996 3581 Paulus
2041 3513 2273 3600 agebat

570 3619 1011 3710 sardonyche,
1063 3630 1257 3707 atque
1305 3619 1447 3685 ideo
1496 3617 1700 3705 pluris
1747 3637 1941 3705 quam
1999 3619 2224 3685 Galim
2270 3618 2538 3705 agebat,

571 3744 765 3811 quam
821 3725 1116 3804 Basilus,
1166 3745 1312 3790 rara
1363 3726 1426 3790 in
1479 3727 1657 3792 tenui
1707 3723 2008 3791 facundia
2057 3743 2288 3810 panno.

400 3834 524 3896 146
571 3829 842 3912 Quando
886 3830 1037 3897 licet
1086 3829 1298 3896 Basilo
1347 3828 1606 3896 flentem
1658 3828 2011 3916 producere
2060 3828 2375 3895 matrem?

398 3935 521 4002 147
570 3937 719 4022 quis
767 3935 924 4002 bene
969 3934 1289 4002 dicentem
1342 3933 1633 4000 Basilum
1682 3932 1885 4000 serat?

482 4040 622 4106 Non
672 4049 937 4128 apparet
984 4059 1104 4106 cur
1150 4049 1337 4127 poeta
1379 4049 1637 4126 praeter
1677 4039 1965 4104 Basilum
2008 4035 2262 4103 Gallum
2307 4033 2748 4102 nominaverit.

394 4144 518 4209 nisi
564 4164 711 4210 eum
764 4156 1067 4230 putamus
1115 4157 1227 4212 aut
1276 4166 1367 4211 vs.
1429 4148 1553 4210 146
1595 4144 1966 4230 scripsisse:

664 4248 920 4334 quantdo
963 4247 1110 4316 licet
1166 4250 1345 4317 Gallo
1394 4248 1651 4316 flentem
1705 4247 2056 4332 producere
2109 4251 2423 4314 matrem?

394 4365 505 4420 aut
558 4374 741 4421 versu
792 4357 1083 4439 sequenti
1112 4381 1126 4418 ε
