2934 5050
397 294 528 359 226
1375 318 1800 368 nmmum.

395 483 564 569 quod
608 487 892 554 nondum
949 492 1105 554 satis
1149 496 1320 555 certo
1364 491 1619 555 restitui
1662 490 1895 574 potuit.
1989 488 2197 555 Locus
2242 487 2496 575 legitur
2535 491 2605 555 in
2654 508 2805 554 mea

397 588 674 657 editione
719 614 782 679 p.
841 593 972 661 160
1019 599 1145 661 sio:

491 695 802 773 „Factum
847 706 977 765 est:
1018 701 1240 768 eodem
1282 700 1402 767 hoc
1439 700 1630 767 verbo
1666 699 1852 765 Enni.
1893 716 2190 767 mun-m.
2221 748 2237 764 .
2268 717 2391 768 .OE
2429 698 2799 776 claudian,

393 800 640 868 factum
685 812 782 870 est
848 854 862 870 .
893 855 908 870 .
969 813 1035 873 et
1073 807 1346 893 facinus
1412 804 1974 872 eommemorabile:
2045 805 2296 874 Tiberis
2352 810 2487 884 est,
2552 803 2799 883 Tusce,

393 905 640 974 Tiberis
653 957 672 987 ,
722 932 915 996 quem
956 914 1140 978 iubes
1178 912 1390 978 cludi:
1439 912 1633 978 Tiber
1671 914 1882 978 amnis
1913 917 1982 978 et
2014 912 2313 979 dominus
2346 917 2415 978 et
2449 910 2801 978 fluentium

390 1016 556 1080 circa
599 1026 898 1104 regnator
939 1019 1277 1086 undarum.
1371 1019 1651 1084 Ennius:
1709 1018 2030 1104 Postquam
2090 1017 2362 1082 concidit
2402 1016 2654 1102 fluvius
2698 1017 2803 1103 qai

390 1121 646 1185 omniun
677 1123 992 1208 princqn,
1039 1126 1146 1211 qni
1187 1126 1296 1188 cub
1339 1126 1642 1201 caeruleo,
1692 1124 1840 1190 aitss’

483 1225 938 1314 Praeterquam
998 1233 1066 1296 in
1125 1230 1320 1296 Ennii
1383 1231 1781 1318 fragmento,
1845 1227 2103 1295 italicae
2163 1227 2393 1296 literae
2432 1232 2581 1293 tum
2632 1228 2799 1295 Maii

395 1332 838 1419 supplementa
896 1342 1043 1402 tum
1087 1357 1235 1403 mea
1277 1336 1580 1403 indicant.
1676 1332 1981 1402 Ceterum
2027 1354 2216 1401 arena
2259 1338 2359 1400 est
2400 1335 2541 1400 sine
2588 1334 2795 1411 ealce,

395 1444 471 1503 ut
513 1442 947 1526 unusquisque
1001 1442 1198 1508 videt.

487 1542 836 1630 Postquam
877 1545 1179 1613 Kiehlius
1222 1545 1666 1614 Mediolanum
1712 1547 1893 1611 venit
1907 1595 1927 1620 ‚
1974 1565 2087 1631 per
2129 1545 2426 1612 triduum
2460 1546 2796 1611 Ambrosi-

393 1670 586 1714 anum
649 1647 950 1717 Codicem
1010 1655 1326 1718 versavit:
1391 1652 1678 1738 primum
1740 1649 1914 1715 diem
1975 1648 2151 1715 dedit
2209 1656 2288 1717 ut
2334 1655 2686 1717 *vetustam
2734 1660 2797 1717 et

392 1760 644 1820 tantum
704 1777 828 1822 non
890 1755 1324 1824 oblitteratam
1389 1760 1773 1843 scripturam
1818 1760 2224 1844 cognosceret
2237 1803 2256 1835 ,
2308 1756 2673 1823 secundum
2720 1763 2799 1822 ut

396 1863 700 1948 paginam
717 1909 735 1939 ,
808 1883 1002 1947 quam
1072 1863 1421 1929 iudicaram
1438 1912 1455 1940 ,
1525 1861 1773 1951 legeret
1785 1882 1802 1941 ;
1876 1860 2046 1948 quod
2113 1860 2465 1927 admodum
2530 1860 2801 1928 difficile

394 1965 520 2030 fuit
538 2014 555 2043 ,
612 1987 763 2032 nam
808 1970 922 2033 vix
967 1968 1383 2034 volitantium
1430 1967 1770 2034 literarum
1814 1966 2082 2033 umbrae
2126 1972 2434 2052 apparent
2447 1987 2466 2046 ;
2518 1971 2799 2033 tertium

395 2077 469 2136 ut
537 2091 697 2156 quae
764 2073 889 2138 sibi
955 2073 1191 2140 vidisse
1250 2074 1577 2141 videretur
1591 2121 1610 2151 ,
1678 2073 2076 2139 describeret.
2170 2072 2455 2139 Tandem
2502 2082 2801 2140 extremo

395 2197 610 2243 mense
655 2179 953 2265 Augusto
991 2183 1160 2246 inter
1196 2200 1523 2245 armorum
1557 2181 1901 2265 strepitum
1937 2199 2053 2265 per
2088 2175 2376 2246 Galliam
2410 2181 2482 2244 in
2508 2182 2799 2266 patriam

394 2282 587 2347 rediit
647 2283 936 2368 mihique
996 2285 1368 2352 schedulam
1429 2285 1734 2363 tradidit,
1802 2305 1929 2371 qua
1987 2303 2134 2351 meo
2192 2285 2511 2351 arbitratu
2554 2290 2801 2352 uterer.

397 2386 700 2454 Nondum
743 2392 811 2453 in
859 2392 1074 2457 animo
1121 2397 1257 2458 erat
1272 2441 1288 2469 ,
1352 2391 1434 2457 ad
1480 2391 1866 2458 Frontonem
1909 2389 2117 2456 redire
2132 2441 2149 2465 ,
2196 2389 2307 2455 sed
2349 2411 2521 2457 nunc
2564 2410 2805 2477 operae

396 2513 504 2559 me
552 2497 834 2580 pretium
880 2496 1201 2563 facturum
1250 2499 1549 2565 existimo
1566 2546 1584 2576 ,
1633 2499 1689 2563 si
1733 2517 1883 2563 cum
1930 2495 2115 2563 docto
2160 2493 2396 2563 lectore
2432 2500 2805 2563 communi·

397 2620 621 2666 cavero
638 2650 654 2678 ,
722 2603 876 2686 quid
938 2624 1016 2669 ex
1073 2607 1200 2670 ista
1259 2625 1426 2671 nova
1489 2611 1555 2670 et
1615 2604 1868 2689 saepius
1924 2604 2199 2688 repetita
2239 2601 2510 2670 lectione
2552 2600 2807 2669 lucrari

397 2710 732 2792 possimus.
801 2707 1099 2776 Primum
1118 2759 1135 2789 ,
1205 2732 1357 2778 nam
1425 2730 1656 2796 parum
1724 2708 1983 2794 prodest
2046 2706 2255 2775 dicere
2272 2758 2288 2781 ,
2360 2729 2517 2794 quas
2568 2707 2807 2775 literas

395 2811 694 2878 Kiehlius
755 2818 1013 2882 omnino
1072 2816 1467 2905 dignoscere,
1500 2836 1627 2881 non
1684 2815 1968 2900 potuerit
1981 2861 2000 2891 ,
2071 2833 2229 2899 quas
2292 2820 2511 2880 tamen
2567 2813 2807 2880 Maius

399 2917 556 2983 olim
603 2939 671 2984 se
715 2920 952 2986 vidisse
999 2927 1304 3001 testatur,
1353 2944 1433 2988 ne
1478 2923 1622 3007 quis
1665 2925 1853 3006 putet
1895 2938 2113 2987 veram
2161 2920 2547 3005 scripturam
2588 2917 2804 2986 latere

399 3026 466 3088 in
512 3026 655 3090 istis
703 3043 987 3103 namn,
1037 3026 1202 3115 legit
1248 3032 1529 3095 amicus:
1579 3028 1786 3093 hocu.
1816 3026 1972 3092 ‚rbo
2016 3024 2160 3092 Enn
2187 3074 2202 3089 .
2232 3072 2247 3090 .
2276 3072 2293 3090 .
2324 3074 2339 3090 .
2386 3026 2668 3092 homeru
2696 3074 2712 3090 .
2743 3075 2799 3091 ..

380 3130 615 3195 ·caclau
643 3179 656 3194 .
683 3135 708 3195 i
752 3134 844 3197 ait
887 3133 1131 3198 factum
1167 3139 1279 3200 est.
1311 3171 1397 3184 -
1420 3133 1713 3200 Necdum
1760 3137 1979 3198 tamen
2015 3151 2161 3197 sum
2197 3130 2337 3198 loco
2373 3131 2797 3197 restituendo.

399 3232 704 3320 Sequenti
762 3257 978 3314 versu,
1043 3242 1157 3305 ubi
1219 3259 1338 3328 ego
1384 3240 1636 3325 scripsi:
1683 3237 1956 3323 facinus
2010 3235 2540 3303 commemorabile
2557 3284 2574 3315 ,
2624 3235 2797 3302 nihil

402 3341 695 3407 distinxit
737 3350 986 3429 praeter
1029 3367 1143 3408 uus
1187 3366 1308 3408 com
1326 3392 1343 3420 ,
1393 3344 1505 3410 sed
1550 3343 1719 3429 quod
1764 3342 1984 3410 Maius
2028 3349 2094 3408 et
2139 3345 2388 3409 amicus
2435 3362 2625 3408 meus
2662 3341 2795 3408 Du·

401 3450 642 3514 rievius
679 3448 977 3515 adnotare
1015 3447 1434 3537 neglexerunt
1448 3499 1464 3527 ,
1515 3452 1804 3535 sequitur
1841 3447 2088 3534 aliquot
2125 3469 2434 3515 versuum
2471 3449 2756 3534 spatium
2774 3496 2791 3524 ,

402 3556 514 3636 qui
575 3557 832 3620 omnino
890 3554 1021 3642 legi
1075 3561 1413 3640 nequeunt.
1488 3556 1548 3622 N
1552 3577 1586 3622 e
1628 3556 1750 3621 hoc
1796 3554 2059 3640 quidem
2103 3557 2261 3620 satis
2307 3558 2589 3631 constat,
2637 3563 2795 3640 quot

401 3679 666 3725 numero
745 3660 984 3726 fuerint
1003 3709 1019 3738 ,
1089 3682 1238 3726 nam
1297 3664 1608 3728 recentior
1673 3662 1987 3746 scriptura
2053 3659 2493 3746 pessumdedit
2553 3661 2787 3726 omnia-

403 3762 693 3831 Extremi
759 3787 981 3833 versus
1050 3773 1200 3832 sunt
1268 3771 1335 3832 in
1396 3772 1605 3854 priore
1668 3765 1967 3833 columna
2024 3769 2299 3855 paginae
2358 3786 2555 3851 quam
2616 3765 2787 3830 dixi:

404 3873 549 3934 tum
595 3874 882 3956 sequitur
928 3871 1128 3939 altera
1173 3869 1470 3939 'columna
1488 3923 1504 3951 ,
1554 3875 1621 3938 in
1668 3874 1851 3937 cuius
1886 3875 2096 3957 primo
2134 3893 2325 3940 versu
2362 3870 2533 3937 nihil
2570 3871 2789 3936 distin·

404 3978 630 4062 guitur
686 3984 935 4063 praeter
978 3999 1405 4066 permagnum
1451 3977 1545 4043 R:
1612 3978 1810 4043 altero
1853 3997 2045 4044 versu
2088 3980 2413 4063 incipiunt
2457 3980 2617 4043 ista:
2686 3976 2787 4042 'l'i-

407 4080 574 4146 beris
620 4088 749 4161 est,
799 4083 1002 4150 Tusce
1022 4133 1037 4162 ,
1089 4091 1154 4150 et
1200 4106 1360 4170 quae
1406 4091 1778 4170 sequuntur.
1849 4082 2043 4149 Ennii
2088 4089 2306 4150 autem
2353 4084 2791 4172 fragmentum

408 4185 706 4251 scribitur
750 4190 877 4254 sic:

976 4294 1295 4361 ENNIUS
1340 4293 1810 4376 POSTQUAM
1856 4292 2107 4362 CONSI

977 4398 1228 4463 NITSE
1275 4398 1593 4464 FLUVIU
1620 4449 1677 4464 ..
1728 4399 2103 4467 UIOMNIB

981 4499 1420 4568 PRINCEPS.
