<?xml version="1.0" encoding="UTF-8"?>
<!DOCTYPE html PUBLIC "-//W3C//DTD XHTML 1.0 Transitional//EN"
    "http://www.w3.org/TR/xhtml1/DTD/xhtml1-transitional.dtd">
<html xmlns="http://www.w3.org/1999/xhtml" xml:lang="en" lang="en">
 <head>
  <title>
</title>
<meta http-equiv="Content-Type" content="text/html;charset=utf-8" />
  <meta name='ocr-system' content='tesseract 3.04.00' />
  <meta name='ocr-capabilities' content='ocr_page ocr_carea ocr_par ocr_line ocrx_word'/>
</head>
<body>
  <div class='ocr_page' id='page_1' title='image "./mnemosynebiblio09servgoog/mnemosynebiblio09servgoog_0157.png"; bbox 0 0 2934 5050; ppageno 0'>
   <div class='ocr_carea' id='block_1_1' title="bbox 660 789 2044 885">
    <p class='ocr_par' dir='ltr' id='par_1_1' title="bbox 660 789 2044 885">
     <span class='ocr_line' id='line_1_1' title="bbox 660 789 2044 885; baseline 0.004 -8"><span class='ocrx_word' id='word_1_1' title='bbox 660 789 1508 884; x_wconf 83' lang='lat' dir='ltr'><strong>OBSERVATIONES</strong></span> <span class='ocrx_word' id='word_1_2' title='bbox 1556 793 2044 885; x_wconf 83' lang='lat' dir='ltr'>CRITICAE</span> 
     </span>
    </p>
   </div>
   <div class='ocr_carea' id='block_1_2' title="bbox 1316 1028 1385 1072">
    <p class='ocr_par' dir='ltr' id='par_1_2' title="bbox 1316 1028 1385 1072">
     <span class='ocr_line' id='line_1_2' title="bbox 1316 1028 1385 1072; baseline 0.014 -1"><span class='ocrx_word' id='word_1_3' title='bbox 1316 1028 1385 1072; x_wconf 76' lang='lat' dir='ltr'><strong>m</strong></span> 
     </span>
    </p>
   </div>
   <div class='ocr_carea' id='block_1_3' title="bbox 1054 1216 1656 1297">
    <p class='ocr_par' dir='ltr' id='par_1_3' title="bbox 1054 1216 1656 1297">
     <span class='ocr_line' id='line_1_3' title="bbox 1054 1216 1656 1297; baseline 0.012 -7"><span class='ocrx_word' id='word_1_4' title='bbox 1054 1216 1656 1297; x_wconf 85' lang='lat' dir='ltr'><strong>HELIODORUM.</strong></span> 
     </span>
    </p>
   </div>
   <div class='ocr_carea' id='block_1_4' title="bbox 913 1453 2420 1772">
    <p class='ocr_par' dir='ltr' id='par_1_4' title="bbox 913 1453 2420 1772">
     <span class='ocr_line' id='line_1_4' title="bbox 913 1453 2420 1555; baseline -0.007 -32"><span class='ocrx_word' id='word_1_5' title='bbox 913 1476 1206 1524; x_wconf 73' lang='lat' dir='ltr'><strong>sempsrr</strong></span> <span class='ocrx_word' id='word_1_6' title='bbox 1252 1461 1311 1525; x_wconf 89' lang='lat' dir='ltr'><strong>S.</strong></span> <span class='ocrx_word' id='word_1_7' title='bbox 1363 1461 1438 1525; x_wconf 86' lang='grc' dir='ltr'><strong>Α.</strong></span> <span class='ocrx_word' id='word_1_8' title='bbox 1488 1460 1775 1526; x_wconf 85' lang='lat' dir='ltr'><strong>NABER.</strong></span> <span class='ocrx_word' id='word_1_9' title='bbox 2003 1457 2024 1516; x_wconf 77' lang='grc'><strong>.“</strong></span> <span class='ocrx_word' id='word_1_10' title='bbox 2101 1453 2172 1538; x_wconf 61' lang='lat'><strong>3¹2(</strong></span> <span class='ocrx_word' id='word_1_11' title='bbox 2237 1471 2276 1555; x_wconf 59' lang='lat' dir='ltr'><em>J</em></span> <span class='ocrx_word' id='word_1_12' title='bbox 2401 1479 2420 1512; x_wconf 84' lang='lat'><strong>·.</strong></span> 
     </span>
     <span class='ocr_line' id='line_1_5' title="bbox 1104 1716 1566 1772; baseline 0.006 -26"><span class='ocrx_word' id='word_1_13' title='bbox 1104 1716 1566 1772; x_wconf 48' lang='lat' dir='ltr'><strong>”W</strong></span> 
     </span>
    </p>
   </div>
   <div class='ocr_carea' id='block_1_5' title="bbox 90 1949 2527 4353">
    <p class='ocr_par' dir='ltr' id='par_1_5' title="bbox 252 1949 2527 2044">
     <span class='ocr_line' id='line_1_6' title="bbox 252 1949 2527 2044; baseline 0.003 -29"><span class='ocrx_word' id='word_1_14' title='bbox 252 1949 430 2017; x_wconf 83' lang='lat' dir='ltr'><strong>Juvat</strong></span> <span class='ocrx_word' id='word_1_15' title='bbox 477 1950 694 2019; x_wconf 83' lang='lat' dir='ltr'><strong>redire</strong></span> <span class='ocrx_word' id='word_1_16' title='bbox 757 1954 820 2017; x_wconf 91' lang='lat' dir='ltr'><strong>in</strong></span> <span class='ocrx_word' id='word_1_17' title='bbox 888 1953 1266 2044; x_wconf 77' lang='lat' dir='ltr'><strong>memoriam</strong></span> <span class='ocrx_word' id='word_1_18' title='bbox 1330 1952 1506 2020; x_wconf 84' lang='lat' dir='ltr'><strong>iilius</strong></span> <span class='ocrx_word' id='word_1_19' title='bbox 1568 1954 1914 2040; x_wconf 75' lang='lat' dir='ltr'><strong>temporie,</strong></span> <span class='ocrx_word' id='word_1_20' title='bbox 1966 1972 2165 2040; x_wconf 90' lang='lat' dir='ltr'><strong>quum</strong></span> <span class='ocrx_word' id='word_1_21' title='bbox 2216 1961 2365 2020; x_wconf 84' lang='lat' dir='ltr'><strong>aute</strong></span> <span class='ocrx_word' id='word_1_22' title='bbox 2412 1954 2527 2022; x_wconf 80' lang='lat' dir='ltr'><strong>hos</strong></span> 
     </span>
    </p>

    <p class='ocr_par' dir='ltr' id='par_1_6' title="bbox 90 2053 2524 2251">
     <span class='ocr_line' id='line_1_7' title="bbox 90 2053 2524 2139; baseline 0.005 -24"><span class='ocrx_word' id='word_1_23' title='bbox 90 2097 91 2106; x_wconf 18' lang='grc' dir='ltr'><strong>κ</strong></span> <span class='ocrx_word' id='word_1_24' title='bbox 179 2053 373 2139; x_wconf 76' lang='lat' dir='ltr'><strong>viginti</strong></span> <span class='ocrx_word' id='word_1_25' title='bbox 422 2077 628 2122; x_wconf 89' lang='lat' dir='ltr'><strong>annos</strong></span> <span class='ocrx_word' id='word_1_26' title='bbox 691 2058 1068 2123; x_wconf 80' lang='lat' dir='ltr'><strong>amicissimi</strong></span> <span class='ocrx_word' id='word_1_27' title='bbox 1135 2058 1258 2122; x_wconf 82' lang='lat' dir='ltr'><strong>viri</strong></span> <span class='ocrx_word' id='word_1_28' title='bbox 1322 2058 1612 2125; x_wconf 84' lang='lat' dir='ltr'><strong>Kiehiius</strong></span> <span class='ocrx_word' id='word_1_29' title='bbox 1659 2058 2090 2127; x_wconf 61' lang='lat' dir='ltr'><strong>etAEehlerus</strong></span> <span class='ocrx_word' id='word_1_30' title='bbox 2131 2079 2382 2125; x_wconf 86' lang='lat' dir='ltr'><strong>mecum</strong></span> <span class='ocrx_word' id='word_1_31' title='bbox 2424 2080 2524 2127; x_wconf 92' lang='lat' dir='ltr'><strong>ce·</strong></span> 
     </span>
     <span class='ocr_line' id='line_1_8' title="bbox 179 2161 2517 2251; baseline 0.002 -26"><span class='ocrx_word' id='word_1_32' title='bbox 179 2169 370 2241; x_wconf 73' lang='lat' dir='ltr'><strong>petunt</strong></span> <span class='ocrx_word' id='word_1_33' title='bbox 433 2161 775 2228; x_wconf 81' lang='lat' dir='ltr'><strong>consilium</strong></span> <span class='ocrx_word' id='word_1_34' title='bbox 836 2161 1177 2247; x_wconf 78' lang='lat' dir='ltr'><strong>colligendi</strong></span> <span class='ocrx_word' id='word_1_35' title='bbox 1225 2172 1290 2228; x_wconf 84' lang='lat' dir='ltr'><strong>et</strong></span> <span class='ocrx_word' id='word_1_36' title='bbox 1336 2162 1597 2241; x_wconf 89' lang='lat' dir='ltr'><strong>edendi,</strong></span> <span class='ocrx_word' id='word_1_37' title='bbox 1645 2165 1700 2230; x_wconf 88' lang='lat' dir='ltr'><strong>si</strong></span> <span class='ocrx_word' id='word_1_38' title='bbox 1750 2162 1904 2251; x_wconf 90' lang='lat' dir='ltr'><strong>quid</strong></span> <span class='ocrx_word' id='word_1_39' title='bbox 1954 2162 2125 2230; x_wconf 90' lang='lat' dir='ltr'><strong>docti</strong></span> <span class='ocrx_word' id='word_1_40' title='bbox 2177 2166 2242 2230; x_wconf 92' lang='lat' dir='ltr'><strong>in</strong></span> <span class='ocrx_word' id='word_1_41' title='bbox 2299 2174 2517 2234; x_wconf 75' lang='lat' dir='ltr'><strong>nostra</strong></span> 
     </span>
    </p>

    <p class='ocr_par' dir='ltr' id='par_1_7' title="bbox 90 2259 2514 2461">
     <span class='ocr_line' id='line_1_9' title="bbox 90 2259 2514 2384; baseline 0.002 -54"><span class='ocrx_word' id='word_1_42' title='bbox 90 2261 93 2384; x_wconf 50' lang='lat' dir='ltr'><strong>j</strong></span> <span class='ocrx_word' id='word_1_43' title='bbox 178 2268 344 2346; x_wconf 80' lang='lat' dir='ltr'><strong>patria</strong></span> <span class='ocrx_word' id='word_1_44' title='bbox 406 2268 534 2333; x_wconf 86' lang='lat' dir='ltr'><strong>viri</strong></span> <span class='ocrx_word' id='word_1_45' title='bbox 599 2267 680 2333; x_wconf 92' lang='lat' dir='ltr'><strong>de</strong></span> <span class='ocrx_word' id='word_1_46' title='bbox 735 2269 918 2333; x_wconf 89' lang='lat' dir='ltr'><strong>bonis</strong></span> <span class='ocrx_word' id='word_1_47' title='bbox 978 2265 1214 2333; x_wconf 87' lang='lat' dir='ltr'><strong>litteris</strong></span> <span class='ocrx_word' id='word_1_48' title='bbox 1274 2259 1722 2354; x_wconf 74' lang='lat' dir='ltr'><strong>scripsissent,</strong></span> <span class='ocrx_word' id='word_1_49' title='bbox 1783 2268 1950 2355; x_wconf 91' lang='lat' dir='ltr'><strong>quod</strong></span> <span class='ocrx_word' id='word_1_50' title='bbox 2015 2278 2271 2337; x_wconf 86' lang='lat' dir='ltr'><strong>nostrae</strong></span> <span class='ocrx_word' id='word_1_51' title='bbox 2317 2289 2514 2336; x_wconf 89' lang='lat' dir='ltr'><strong>curae</strong></span> 
     </span>
     <span class='ocr_line' id='line_1_10' title="bbox 180 2371 2514 2461; baseline 0.003 -26"><span class='ocrx_word' id='word_1_52' title='bbox 180 2371 540 2439; x_wconf 68' lang='lat' dir='ltr'><strong>committere</strong></span> <span class='ocrx_word' id='word_1_53' title='bbox 591 2372 844 2439; x_wconf 84' lang='lat' dir='ltr'><strong>vellent.</strong></span> <span class='ocrx_word' id='word_1_54' title='bbox 940 2374 1035 2440; x_wconf 81' lang='lat' dir='ltr'><strong>Ex</strong></span> <span class='ocrx_word' id='word_1_55' title='bbox 1082 2393 1155 2438; x_wconf 92' lang='lat' dir='ltr'><strong>eo</strong></span> <span class='ocrx_word' id='word_1_56' title='bbox 1190 2382 1515 2458; x_wconf 85' lang='lat' dir='ltr'><strong>tempore,</strong></span> <span class='ocrx_word' id='word_1_57' title='bbox 1559 2375 1884 2459; x_wconf 78' lang='lat' dir='ltr'><strong>egregiam</strong></span> <span class='ocrx_word' id='word_1_58' title='bbox 1926 2394 2107 2461; x_wconf 88' lang='lat' dir='ltr'><strong>opem</strong></span> <span class='ocrx_word' id='word_1_59' title='bbox 2156 2373 2514 2442; x_wconf 79' lang='lat' dir='ltr'><strong>ferentibus</strong></span> 
     </span>
    </p>

    <p class='ocr_par' dir='ltr' id='par_1_8' title="bbox 90 2473 2509 2780">
     <span class='ocr_line' id='line_1_11' title="bbox 90 2473 2509 2569; baseline -0 -21"><span class='ocrx_word' id='word_1_60' title='bbox 90 2517 93 2533; x_wconf 83' lang='lat'><em>=</em></span> <span class='ocrx_word' id='word_1_61' title='bbox 164 2473 570 2549; x_wconf 56' lang='lat' dir='ltr'><strong>waben-rimis</strong></span> <span class='ocrx_word' id='word_1_62' title='bbox 595 2478 961 2569; x_wconf 86' lang='lat' dir='ltr'><strong>philologis,</strong></span> <span class='ocrx_word' id='word_1_63' title='bbox 1001 2478 1113 2565; x_wconf 84' lang='lat' dir='ltr'><strong>qui</strong></span> <span class='ocrx_word' id='word_1_64' title='bbox 1150 2487 1295 2564; x_wconf 84' lang='lat' dir='ltr'><strong>post</strong></span> <span class='ocrx_word' id='word_1_65' title='bbox 1341 2498 1540 2546; x_wconf 89' lang='lat' dir='ltr'><strong>unum</strong></span> <span class='ocrx_word' id='word_1_66' title='bbox 1567 2479 1972 2567; x_wconf 76' lang='lat' dir='ltr'><strong>alterumque</strong></span> <span class='ocrx_word' id='word_1_67' title='bbox 2006 2499 2247 2547; x_wconf 89' lang='lat' dir='ltr'><strong>annum</strong></span> <span class='ocrx_word' id='word_1_68' title='bbox 2276 2500 2509 2567; x_wconf 85' lang='lat' dir='ltr'><strong>magua</strong></span> 
     </span>
     <span class='ocr_line' id='line_1_12' title="bbox 90 2583 2508 2669; baseline 0.002 -23"><span class='ocrx_word' id='word_1_69' title='bbox 90 2586 93 2637; x_wconf 69' lang='grc' dir='ltr'>ὲ</span> <span class='ocrx_word' id='word_1_70' title='bbox 180 2592 316 2662; x_wconf 75' lang='lat' dir='ltr'><strong>parte</strong></span> <span class='ocrx_word' id='word_1_71' title='bbox 360 2586 728 2669; x_wconf 84' lang='lat' dir='ltr'><strong>gravissimi</strong></span> <span class='ocrx_word' id='word_1_72' title='bbox 792 2586 1008 2651; x_wconf 87' lang='lat' dir='ltr'><strong>oneris</strong></span> <span class='ocrx_word' id='word_1_73' title='bbox 1072 2604 1186 2651; x_wconf 87' lang='lat' dir='ltr'><strong>nos</strong></span> <span class='ocrx_word' id='word_1_74' title='bbox 1242 2583 1574 2663; x_wconf 88' lang='lat' dir='ltr'><strong>levarunt,</strong></span> <span class='ocrx_word' id='word_1_75' title='bbox 1636 2605 1782 2652; x_wconf 83' lang='lat' dir='ltr'><strong>mox</strong></span> <span class='ocrx_word' id='word_1_76' title='bbox 1829 2593 2036 2652; x_wconf 87' lang='lat' dir='ltr'><strong>totum</strong></span> <span class='ocrx_word' id='word_1_77' title='bbox 2088 2588 2155 2651; x_wconf 92' lang='lat' dir='ltr'><strong>iu</strong></span> <span class='ocrx_word' id='word_1_78' title='bbox 2202 2584 2508 2652; x_wconf 80' lang='lat' dir='ltr'><strong>humeros</strong></span> 
     </span>
     <span class='ocr_line' id='line_1_13' title="bbox 177 2688 2506 2780; baseline 0.002 -29"><span class='ocrx_word' id='word_1_79' title='bbox 177 2700 283 2753; x_wconf 73' lang='lat' dir='ltr'><strong>snos</strong></span> <span class='ocrx_word' id='word_1_80' title='bbox 326 2689 835 2768; x_wconf 80' lang='lat' dir='ltr'><strong>transtulerunt,</strong></span> <span class='ocrx_word' id='word_1_81' title='bbox 884 2710 997 2776; x_wconf 83' lang='lat' dir='ltr'><strong>per</strong></span> <span class='ocrx_word' id='word_1_82' title='bbox 1061 2688 1355 2756; x_wconf 81' lang='lat' dir='ltr'><strong>undecim</strong></span> <span class='ocrx_word' id='word_1_83' title='bbox 1404 2710 1606 2755; x_wconf 84' lang='lat' dir='ltr'><strong>annos</strong></span> <span class='ocrx_word' id='word_1_84' title='bbox 1653 2691 2063 2780; x_wconf 78' lang='lat' dir='ltr'><strong>Mnemosyne</strong></span> <span class='ocrx_word' id='word_1_85' title='bbox 2125 2689 2362 2776; x_wconf 82' lang='lat' dir='ltr'><strong>prodiit</strong></span> <span class='ocrx_word' id='word_1_86' title='bbox 2408 2691 2506 2755; x_wconf 81' lang='lat' dir='ltr'><strong>sie</strong></span> 
     </span>
    </p>

    <p class='ocr_par' dir='ltr' id='par_1_9' title="bbox 90 2793 2510 3935">
     <span class='ocr_line' id='line_1_14' title="bbox 90 2793 2503 2882; baseline 0 -22"><span class='ocrx_word' id='word_1_87' title='bbox 90 2830 91 2833; x_wconf 18' lang='grc' dir='ltr'>π</span> <span class='ocrx_word' id='word_1_88' title='bbox 178 2798 224 2853; x_wconf 78' lang='lat' dir='ltr'><strong>ut</strong></span> <span class='ocrx_word' id='word_1_89' title='bbox 254 2814 365 2862; x_wconf 88' lang='lat' dir='ltr'><strong>nec</strong></span> <span class='ocrx_word' id='word_1_90' title='bbox 412 2816 532 2862; x_wconf 90' lang='lat' dir='ltr'><strong>nos</strong></span> <span class='ocrx_word' id='word_1_91' title='bbox 580 2797 864 2882; x_wconf 85' lang='lat' dir='ltr'><strong>suscepti</strong></span> <span class='ocrx_word' id='word_1_92' title='bbox 911 2795 1160 2862; x_wconf 84' lang='lat' dir='ltr'><strong>consilii</strong></span> <span class='ocrx_word' id='word_1_93' title='bbox 1215 2796 1567 2879; x_wconf 84' lang='lat' dir='ltr'><strong>poeniteret</strong></span> <span class='ocrx_word' id='word_1_94' title='bbox 1625 2804 1691 2862; x_wconf 89' lang='lat' dir='ltr'><strong>et</strong></span> <span class='ocrx_word' id='word_1_95' title='bbox 1738 2797 2007 2862; x_wconf 85' lang='lat' dir='ltr'><strong>lectores</strong></span> <span class='ocrx_word' id='word_1_96' title='bbox 2050 2794 2286 2862; x_wconf 88' lang='lat' dir='ltr'><strong>habere</strong></span> <span class='ocrx_word' id='word_1_97' title='bbox 2333 2793 2503 2860; x_wconf 82' lang='lat' dir='ltr'><strong>vide·</strong></span> 
     </span>
     <span class='ocr_line' id='line_1_15' title="bbox 90 2850 2503 2993; baseline 0.002 -34"><span class='ocrx_word' id='word_1_98' title='bbox 90 2850 93 2993; x_wconf 82' lang='grc' dir='ltr'>Ι</span> <span class='ocrx_word' id='word_1_99' title='bbox 180 2907 391 2975; x_wconf 81' lang='lat' dir='ltr'><strong>rentur,</strong></span> <span class='ocrx_word' id='word_1_100' title='bbox 437 2901 610 2988; x_wconf 86' lang='lat' dir='ltr'><strong>quod</strong></span> <span class='ocrx_word' id='word_1_101' title='bbox 657 2922 806 2967; x_wconf 91' lang='lat' dir='ltr'><strong>cum</strong></span> <span class='ocrx_word' id='word_1_102' title='bbox 854 2902 1068 2967; x_wconf 78' lang='lat' dir='ltr'><strong>fructu</strong></span> <span class='ocrx_word' id='word_1_103' title='bbox 1108 2909 1592 2984; x_wconf 79' lang='lat' dir='ltr'><strong>cognoscerent.</strong></span> <span class='ocrx_word' id='word_1_104' title='bbox 1673 2900 1842 2966; x_wconf 85' lang='lat' dir='ltr'><strong>Nihil</strong></span> <span class='ocrx_word' id='word_1_105' title='bbox 1883 2910 1982 2966; x_wconf 85' lang='lat' dir='ltr'><strong>est</strong></span> <span class='ocrx_word' id='word_1_106' title='bbox 2029 2920 2149 2966; x_wconf 88' lang='lat' dir='ltr'><strong>cur</strong></span> <span class='ocrx_word' id='word_1_107' title='bbox 2193 2901 2503 2966; x_wconf 85' lang='lat' dir='ltr'><strong>reticeam</strong></span> 
     </span>
     <span class='ocr_line' id='line_1_16' title="bbox 90 3003 2499 3093; baseline 0.001 -28"><span class='ocrx_word' id='word_1_108' title='bbox 90 3008 93 3087; x_wconf 67' lang='grc' dir='ltr'><strong>ἦ</strong></span> <span class='ocrx_word' id='word_1_109' title='bbox 178 3003 299 3082; x_wconf 84' lang='lat' dir='ltr'><strong>quod</strong></span> <span class='ocrx_word' id='word_1_110' title='bbox 345 3025 569 3072; x_wconf 89' lang='lat' dir='ltr'><strong>omnes</strong></span> <span class='ocrx_word' id='word_1_111' title='bbox 598 3007 1043 3073; x_wconf 87' lang='lat' dir='ltr'><strong>consentiunt:</strong></span> <span class='ocrx_word' id='word_1_112' title='bbox 1092 3006 1505 3093; x_wconf 84' lang='lat' dir='ltr'><strong>Mnemosyne</strong></span> <span class='ocrx_word' id='word_1_113' title='bbox 1545 3016 1766 3071; x_wconf 86' lang='lat' dir='ltr'><strong>nostra</strong></span> <span class='ocrx_word' id='word_1_114' title='bbox 1798 3013 2077 3072; x_wconf 84' lang='lat' dir='ltr'><strong>veterem</strong></span> <span class='ocrx_word' id='word_1_115' title='bbox 2119 3006 2499 3071; x_wconf 85' lang='lat' dir='ltr'><strong>Batavorum</strong></span> 
     </span>
     <span class='ocr_line' id='line_1_17' title="bbox 90 3100 2503 3201; baseline 0 -27"><span class='ocrx_word' id='word_1_116' title='bbox 90 3118 93 3201; x_wconf 54' lang='grc' dir='ltr'>ᾗ</span> <span class='ocrx_word' id='word_1_117' title='bbox 179 3100 221 3167; x_wconf 74' lang='lat'><strong>5¹¹</strong></span> <span class='ocrx_word' id='word_1_118' title='bbox 254 3108 580 3197; x_wconf 77' lang='lat' dir='ltr'><strong>philologia</strong></span> <span class='ocrx_word' id='word_1_119' title='bbox 630 3111 883 3178; x_wconf 85' lang='lat' dir='ltr'><strong>laudem</strong></span> <span class='ocrx_word' id='word_1_120' title='bbox 932 3113 1190 3196; x_wconf 82' lang='lat' dir='ltr'><strong>egregie</strong></span> <span class='ocrx_word' id='word_1_121' title='bbox 1240 3120 1447 3176; x_wconf 88' lang='lat' dir='ltr'><strong>tutata</strong></span> <span class='ocrx_word' id='word_1_122' title='bbox 1496 3120 1612 3176; x_wconf 90' lang='lat' dir='ltr'><strong>est.</strong></span> <span class='ocrx_word' id='word_1_123' title='bbox 1708 3110 1991 3176; x_wconf 83' lang='lat' dir='ltr'><strong>Tandem</strong></span> <span class='ocrx_word' id='word_1_124' title='bbox 2044 3109 2150 3176; x_wconf 79' lang='lat' dir='ltr'><strong>itta</strong></span> <span class='ocrx_word' id='word_1_125' title='bbox 2199 3129 2318 3177; x_wconf 85' lang='lat' dir='ltr'><strong>vox</strong></span> <span class='ocrx_word' id='word_1_126' title='bbox 2357 3129 2503 3175; x_wconf 89' lang='lat' dir='ltr'><strong>con·</strong></span> 
     </span>
     <span class='ocr_line' id='line_1_18' title="bbox 182 3207 2505 3302; baseline 0.004 -31"><span class='ocrx_word' id='word_1_127' title='bbox 182 3207 327 3279; x_wconf 83' lang='lat' dir='ltr'><strong>tieuit</strong></span> <span class='ocrx_word' id='word_1_128' title='bbox 387 3226 451 3282; x_wconf 94' lang='lat' dir='ltr'><strong>et</strong></span> <span class='ocrx_word' id='word_1_129' title='bbox 532 3215 666 3302; x_wconf 86' lang='lat' dir='ltr'><strong>jam</strong></span> <span class='ocrx_word' id='word_1_130' title='bbox 733 3236 846 3302; x_wconf 85' lang='lat' dir='ltr'><strong>per</strong></span> <span class='ocrx_word' id='word_1_131' title='bbox 910 3235 1134 3281; x_wconf 75' lang='lat' dir='ltr'><strong>novem</strong></span> <span class='ocrx_word' id='word_1_132' title='bbox 1201 3234 1402 3280; x_wconf 86' lang='lat' dir='ltr'><strong>annos</strong></span> <span class='ocrx_word' id='word_1_133' title='bbox 1467 3215 1692 3280; x_wconf 80' lang='lat' dir='ltr'><strong>multis</strong></span> <span class='ocrx_word' id='word_1_134' title='bbox 1747 3214 2108 3281; x_wconf 82' lang='lat' dir='ltr'><strong>desiderata</strong></span> <span class='ocrx_word' id='word_1_135' title='bbox 2155 3214 2505 3281; x_wconf 86' lang='lat' dir='ltr'><strong>obmutuit.</strong></span> 
     </span>
     <span class='ocr_line' id='line_1_19' title="bbox 184 3307 2507 3408; baseline 0.005 -35"><span class='ocrx_word' id='word_1_136' title='bbox 184 3307 357 3403; x_wconf 77' lang='lat' dir='ltr'><strong>ltaque</strong></span> <span class='ocrx_word' id='word_1_137' title='bbox 419 3329 768 3408; x_wconf 82' lang='lat' dir='ltr'><strong>antequam</strong></span> <span class='ocrx_word' id='word_1_138' title='bbox 832 3321 1094 3387; x_wconf 85' lang='lat' dir='ltr'><strong>initium</strong></span> <span class='ocrx_word' id='word_1_139' title='bbox 1161 3320 1389 3386; x_wconf 79' lang='lat' dir='ltr'><strong>faciam</strong></span> <span class='ocrx_word' id='word_1_140' title='bbox 1453 3318 1812 3395; x_wconf 86' lang='lat' dir='ltr'><strong>scribendi,</strong></span> <span class='ocrx_word' id='word_1_141' title='bbox 1877 3320 2171 3407; x_wconf 89' lang='lat' dir='ltr'><strong>ingratus</strong></span> <span class='ocrx_word' id='word_1_142' title='bbox 2234 3320 2397 3398; x_wconf 88' lang='lat' dir='ltr'><strong>sim,</strong></span> <span class='ocrx_word' id='word_1_143' title='bbox 2451 3320 2507 3385; x_wconf 87' lang='lat' dir='ltr'><strong>si</strong></span> 
     </span>
     <span class='ocr_line' id='line_1_20' title="bbox 188 3422 2502 3514; baseline 0.003 -30"><span class='ocrx_word' id='word_1_144' title='bbox 188 3422 422 3490; x_wconf 81' lang='lat' dir='ltr'><strong>omittam</strong></span> <span class='ocrx_word' id='word_1_145' title='bbox 507 3426 962 3514; x_wconf 76' lang='lat' dir='ltr'><strong>Mnemosynen</strong></span> <span class='ocrx_word' id='word_1_146' title='bbox 1025 3424 1307 3491; x_wconf 81' lang='lat' dir='ltr'><strong>salutare</strong></span> <span class='ocrx_word' id='word_1_147' title='bbox 1369 3423 1760 3503; x_wconf 85' lang='lat' dir='ltr'><strong>redivivam,</strong></span> <span class='ocrx_word' id='word_1_148' title='bbox 1848 3434 2155 3513; x_wconf 87' lang='lat' dir='ltr'><strong>tanquam</strong></span> <span class='ocrx_word' id='word_1_149' title='bbox 2221 3435 2502 3492; x_wconf 81' lang='lat' dir='ltr'><strong>veterem</strong></span> 
     </span>
     <span class='ocr_line' id='line_1_21' title="bbox 188 3527 2510 3616; baseline 0 -22"><span class='ocrx_word' id='word_1_150' title='bbox 188 3527 440 3607; x_wconf 71' lang='lat' dir='ltr'><strong>amicam,</strong></span> <span class='ocrx_word' id='word_1_151' title='bbox 493 3551 656 3616; x_wconf 88' lang='lat' dir='ltr'><strong>quae</strong></span> <span class='ocrx_word' id='word_1_152' title='bbox 707 3551 902 3597; x_wconf 83' lang='lat' dir='ltr'><strong>novos</strong></span> <span class='ocrx_word' id='word_1_153' title='bbox 941 3539 1128 3596; x_wconf 85' lang='lat' dir='ltr'><strong>nacta</strong></span> <span class='ocrx_word' id='word_1_154' title='bbox 1175 3540 1515 3616; x_wconf 85' lang='lat' dir='ltr'><strong>patronos,</strong></span> <span class='ocrx_word' id='word_1_155' title='bbox 1551 3529 1736 3596; x_wconf 83' lang='lat' dir='ltr'><strong>laetis</strong></span> <span class='ocrx_word' id='word_1_156' title='bbox 1783 3531 2107 3596; x_wconf 87' lang='lat' dir='ltr'><strong>ominibus</strong></span> <span class='ocrx_word' id='word_1_157' title='bbox 2153 3538 2218 3596; x_wconf 88' lang='lat' dir='ltr'><strong>et</strong></span> <span class='ocrx_word' id='word_1_158' title='bbox 2257 3528 2510 3595; x_wconf 88' lang='lat' dir='ltr'><strong>filiabus</strong></span> 
     </span>
     <span class='ocr_line' id='line_1_22' title="bbox 190 3622 2507 3724; baseline 0.001 -27"><span class='ocrx_word' id='word_1_159' title='bbox 190 3622 582 3706; x_wconf 70' lang='lat' dir='ltr'><strong>Piaudentibus</strong></span> <span class='ocrx_word' id='word_1_160' title='bbox 643 3645 784 3724; x_wconf 84' lang='lat' dir='ltr'><strong>post</strong></span> <span class='ocrx_word' id='word_1_161' title='bbox 840 3635 1223 3703; x_wconf 90' lang='lat' dir='ltr'><strong>diuturnum</strong></span> <span class='ocrx_word' id='word_1_162' title='bbox 1273 3634 1606 3701; x_wconf 84' lang='lat' dir='ltr'><strong>silentium</strong></span> <span class='ocrx_word' id='word_1_163' title='bbox 1666 3635 1801 3721; x_wconf 83' lang='lat' dir='ltr'><strong>jam</strong></span> <span class='ocrx_word' id='word_1_164' title='bbox 1853 3637 2088 3702; x_wconf 87' lang='lat' dir='ltr'><strong>iterum</strong></span> <span class='ocrx_word' id='word_1_165' title='bbox 2139 3654 2175 3700; x_wconf 91' lang='lat' dir='ltr'><strong>e</strong></span> <span class='ocrx_word' id='word_1_166' title='bbox 2225 3632 2507 3700; x_wconf 84' lang='lat' dir='ltr'><strong>tenebris</strong></span> 
     </span>
     <span class='ocr_line' id='line_1_23' title="bbox 191 3732 2507 3825; baseline 0.006 -34"><span class='ocrx_word' id='word_1_167' title='bbox 191 3732 313 3804; x_wconf 80' lang='lat' dir='ltr'><strong>exire</strong></span> <span class='ocrx_word' id='word_1_168' title='bbox 354 3743 607 3825; x_wconf 85' lang='lat' dir='ltr'><strong>gestiat.</strong></span> <span class='ocrx_word' id='word_1_169' title='bbox 704 3743 783 3809; x_wconf 88' lang='lat' dir='ltr'><strong>Ut</strong></span> <span class='ocrx_word' id='word_1_170' title='bbox 847 3741 1003 3808; x_wconf 87' lang='lat' dir='ltr'><strong>mihi</strong></span> <span class='ocrx_word' id='word_1_171' title='bbox 1071 3740 1301 3808; x_wconf 83' lang='lat' dir='ltr'><strong>allatus</strong></span> <span class='ocrx_word' id='word_1_172' title='bbox 1363 3749 1462 3806; x_wconf 91' lang='lat' dir='ltr'><strong>est</strong></span> <span class='ocrx_word' id='word_1_173' title='bbox 1525 3742 1803 3807; x_wconf 86' lang='lat' dir='ltr'><strong>nuncius</strong></span> <span class='ocrx_word' id='word_1_174' title='bbox 1865 3741 2132 3807; x_wconf 76' lang='lat' dir='ltr'><strong>consilia</strong></span> <span class='ocrx_word' id='word_1_175' title='bbox 2196 3740 2276 3806; x_wconf 85' lang='lat' dir='ltr'><strong>ab</strong></span> <span class='ocrx_word' id='word_1_176' title='bbox 2328 3741 2507 3805; x_wconf 84' lang='lat' dir='ltr'><strong>novis</strong></span> 
     </span>
     <span class='ocr_line' id='line_1_24' title="bbox 194 3837 2505 3935; baseline 0.007 -39"><span class='ocrx_word' id='word_1_177' title='bbox 194 3837 492 3911; x_wconf 80' lang='lat' dir='ltr'><strong>triumviris</strong></span> <span class='ocrx_word' id='word_1_178' title='bbox 534 3848 800 3933; x_wconf 86' lang='lat' dir='ltr'><strong>agitari,</strong></span> <span class='ocrx_word' id='word_1_179' title='bbox 852 3856 923 3913; x_wconf 89' lang='lat' dir='ltr'><strong>ut</strong></span> <span class='ocrx_word' id='word_1_180' title='bbox 970 3848 1426 3935; x_wconf 79' lang='lat' dir='ltr'><strong>Mnemosynen</strong></span> <span class='ocrx_word' id='word_1_181' title='bbox 1480 3847 1972 3925; x_wconf 79' lang='lat' dir='ltr'><strong>resuscitarent,</strong></span> <span class='ocrx_word' id='word_1_182' title='bbox 2021 3854 2356 3933; x_wconf 78' lang='lat' dir='ltr'><strong>postquam</strong></span> <span class='ocrx_word' id='word_1_183' title='bbox 2401 3864 2505 3912; x_wconf 91' lang='lat' dir='ltr'><strong>res</strong></span> 
     </span>
    </p>

    <p class='ocr_par' dir='ltr' id='par_1_10' title="bbox 194 3938 2504 4353">
     <span class='ocr_line' id='line_1_25' title="bbox 194 3938 2501 4039; baseline 0.001 -27"><span class='ocrx_word' id='word_1_184' title='bbox 194 3938 244 4002; x_wconf 66' lang='lat' dir='ltr'><strong>ad</strong></span> <span class='ocrx_word' id='word_1_185' title='bbox 272 3950 491 4016; x_wconf 81' lang='lat' dir='ltr'><strong>exitum</strong></span> <span class='ocrx_word' id='word_1_186' title='bbox 518 3951 657 4037; x_wconf 78' lang='lat' dir='ltr'><strong>spei</strong></span> <span class='ocrx_word' id='word_1_187' title='bbox 681 3951 956 4018; x_wconf 84' lang='lat' dir='ltr'><strong>adducta</strong></span> <span class='ocrx_word' id='word_1_188' title='bbox 985 3951 1357 4028; x_wconf 82' lang='lat' dir='ltr'><strong>videbatur,</strong></span> <span class='ocrx_word' id='word_1_189' title='bbox 1395 3951 1699 4017; x_wconf 88' lang='lat' dir='ltr'><strong>continuo</strong></span> <span class='ocrx_word' id='word_1_190' title='bbox 1725 3951 2049 4039; x_wconf 81' lang='lat' dir='ltr'><strong>quaesivi,</strong></span> <span class='ocrx_word' id='word_1_191' title='bbox 2075 3971 2154 4016; x_wconf 86' lang='lat' dir='ltr'><strong>an</strong></span> <span class='ocrx_word' id='word_1_192' title='bbox 2184 3949 2501 4038; x_wconf 87' lang='lat' dir='ltr'><strong>quaedam</strong></span> 
     </span>
     <span class='ocr_line' id='line_1_26' title="bbox 197 4039 2503 4144; baseline -0.002 -19"><span class='ocrx_word' id='word_1_193' title='bbox 197 4039 287 4125; x_wconf 62' lang='lat'><strong>59⁸0</strong></span> <span class='ocrx_word' id='word_1_194' title='bbox 320 4074 566 4142; x_wconf 86' lang='lat' dir='ltr'><strong>quoque</strong></span> <span class='ocrx_word' id='word_1_195' title='bbox 624 4056 912 4123; x_wconf 79' lang='lat' dir='ltr'><strong>conferre</strong></span> <span class='ocrx_word' id='word_1_196' title='bbox 969 4076 1258 4144; x_wconf 80' lang='lat' dir='ltr'><strong>possem,</strong></span> <span class='ocrx_word' id='word_1_197' title='bbox 1308 4056 1515 4122; x_wconf 86' lang='lat' dir='ltr'><strong>doctis</strong></span> <span class='ocrx_word' id='word_1_198' title='bbox 1563 4057 1832 4122; x_wconf 89' lang='lat' dir='ltr'><strong>auribus</strong></span> <span class='ocrx_word' id='word_1_199' title='bbox 1896 4065 1962 4123; x_wconf 91' lang='lat' dir='ltr'><strong>et</strong></span> <span class='ocrx_word' id='word_1_200' title='bbox 2009 4057 2284 4142; x_wconf 87' lang='lat' dir='ltr'><strong>pristina</strong></span> <span class='ocrx_word' id='word_1_201' title='bbox 2334 4055 2503 4121; x_wconf 85' lang='lat' dir='ltr'><strong>Mne-</strong></span> 
     </span>
     <span class='ocr_line' id='line_1_27' title="bbox 197 4159 2499 4248; baseline 0.003 -30"><span class='ocrx_word' id='word_1_202' title='bbox 197 4161 431 4243; x_wconf 79' lang='lat' dir='ltr'><strong>mosyncs</strong></span> <span class='ocrx_word' id='word_1_203' title='bbox 488 4159 681 4226; x_wconf 85' lang='lat' dir='ltr'><strong>laude</strong></span> <span class='ocrx_word' id='word_1_204' title='bbox 744 4180 866 4226; x_wconf 94' lang='lat' dir='ltr'><strong>non</strong></span> <span class='ocrx_word' id='word_1_205' title='bbox 937 4163 1192 4248; x_wconf 85' lang='lat' dir='ltr'><strong>penitus</strong></span> <span class='ocrx_word' id='word_1_206' title='bbox 1265 4161 1551 4246; x_wconf 90' lang='lat' dir='ltr'><strong>indigna.</strong></span> <span class='ocrx_word' id='word_1_207' title='bbox 1646 4161 1955 4248; x_wconf 87' lang='lat' dir='ltr'><strong>Legeram</strong></span> <span class='ocrx_word' id='word_1_208' title='bbox 2020 4171 2085 4228; x_wconf 89' lang='lat' dir='ltr'><strong>et</strong></span> <span class='ocrx_word' id='word_1_209' title='bbox 2147 4161 2499 4247; x_wconf 86' lang='lat' dir='ltr'><strong>relegeram</strong></span> 
     </span>
     <span class='ocr_line' id='line_1_28' title="bbox 198 4263 2504 4353; baseline 0.001 -27"><span class='ocrx_word' id='word_1_210' title='bbox 198 4266 343 4340; x_wconf 74' lang='lat' dir='ltr'><strong>nuper</strong></span> <span class='ocrx_word' id='word_1_211' title='bbox 372 4263 669 4331; x_wconf 83' lang='lat' dir='ltr'><strong>Eroticos</strong></span> <span class='ocrx_word' id='word_1_212' title='bbox 701 4264 1002 4343; x_wconf 74' lang='lat' dir='ltr'><strong>GraecoS,</strong></span> <span class='ocrx_word' id='word_1_213' title='bbox 1037 4287 1315 4353; x_wconf 88' lang='lat' dir='ltr'><strong>quorum</strong></span> <span class='ocrx_word' id='word_1_214' title='bbox 1353 4265 1716 4334; x_wconf 88' lang='lat' dir='ltr'><strong>studiorum</strong></span> <span class='ocrx_word' id='word_1_215' title='bbox 1754 4266 2010 4333; x_wconf 83' lang='lat' dir='ltr'><strong>fructus</strong></span> <span class='ocrx_word' id='word_1_216' title='bbox 2027 4265 2164 4352; x_wconf 83' lang='lat' dir='ltr'><strong>jam</strong></span> <span class='ocrx_word' id='word_1_217' title='bbox 2199 4265 2504 4332; x_wconf 88' lang='lat' dir='ltr'><strong>inanimo</strong></span> 
     </span>
    </p>
   </div>
   <div class='ocr_carea' id='block_1_6' title="bbox 202 4367 2233 4524">
    <p class='ocr_par' dir='ltr' id='par_1_11' title="bbox 202 4367 2233 4524">
     <span class='ocr_line' id='line_1_29' title="bbox 202 4367 1547 4458; baseline 0.005 -28"><span class='ocrx_word' id='word_1_218' title='bbox 202 4367 269 4423; x_wconf 66' lang='lat' dir='ltr'><strong>eu</strong></span> <span class='ocrx_word' id='word_1_219' title='bbox 300 4368 554 4436; x_wconf 85' lang='lat' dir='ltr'><strong>eruditis</strong></span> <span class='ocrx_word' id='word_1_220' title='bbox 602 4370 764 4437; x_wconf 79' lang='lat' dir='ltr'><strong>viris</strong></span> <span class='ocrx_word' id='word_1_221' title='bbox 809 4372 1060 4440; x_wconf 84' lang='lat' dir='ltr'><strong>tradere</strong></span> <span class='ocrx_word' id='word_1_222' title='bbox 1094 4369 1547 4458; x_wconf 79' lang='lat' dir='ltr'><strong>explorandos,</strong></span> 
     </span>
     <span class='ocr_line' id='line_1_30' title="bbox 2174 4478 2233 4524; baseline 0.034 -2"><span class='ocrx_word' id='word_1_223' title='bbox 2174 4478 2233 4524; x_wconf 85' lang='lat'><strong>10</strong></span> 
     </span>
    </p>
   </div>
  </div>
 </body>
</html>
