2934 5050
298 290 389 353 80
1294 304 1700 354 usinum

300 472 404 541 Δί
419 473 552 551 δηε
621 473 911 554 ἐδέσμευε
971 473 1241 562 protulit
1302 495 1381 542 ex
1446 475 1726 541 Homero
1789 482 1856 541 et
1895 493 2012 561 pro
2055 469 2358 539 Διδόντων
2402 473 2695 558 reposuit

299 581 595 647 διδέντων.
691 579 852 646 Vide
917 580 1077 646 mibi
1142 582 1209 646 in
1266 591 1512 668 quanto
1578 579 1864 668 periculo
1926 580 2058 644 sint
2109 588 2356 645 veteres
2402 586 2693 658 γλῶσσαι

302 687 473 774 apud
521 685 949 753 dormitantes
997 687 1279 766 scribas,
1328 689 1443 774 qui
1485 708 1688 774 quum
1737 686 1818 752 ob
1862 685 2082 751 oculos
2123 685 2398 751 babeant
2445 685 2615 750 διδέ
2632 709 2693 749 ν·

304 817 456 860 των
500 796 580 866 ὥς
621 792 1017 859 τιδέντων
1061 803 1127 861 et
1177 795 1628 861 Διδέντωνε
1695 792 2146 871 &meudun-m,
2199 791 2538 878 utrobique
2577 810 2694 856 su·

306 900 457 987 pina
522 898 917 985 negligentia
978 900 1271 966 scribunt
1334 900 1632 968 διδόντων.
1727 900 1968 985 Nempe
2016 898 2291 963 διδόντων
2337 904 2692 975 noverant,

306 1004 583 1072 διδέντων
636 1006 793 1092 quid
841 1015 1012 1072 esset
1064 1026 1187 1072 non
1249 1006 1716 1092 intelligebant.
1756 1005 2026 1090 Reliqua
2076 1004 2244 1089 apud
2297 1002 2694 1091 Hesychium

310 1132 434 1178 non
508 1121 659 1177 sunt
732 1111 815 1178 ad
886 1111 1363 1179 emendandum
1440 1112 1750 1179 difficilia.
1845 1111 2119 1176 Διδεῖναι
2184 1108 2693 1176 convertendum

307 1227 406 1283 est
469 1218 534 1282 in
598 1217 849 1283 Διδέναι
909 1222 989 1292 ὥς
1043 1218 1299 1294 τιθέναι,
1362 1227 1426 1285 et
1487 1221 1550 1284 in
1614 1219 1932 1284 Δίδειε;
1996 1216 2264 1292 ἔδεισαν,
2314 1214 2474 1280 nihil
2515 1213 2696 1281 aliud

306 1323 464 1390 latet
504 1343 698 1409 quam
748 1324 1029 1389 Δίδενε
1083 1325 1341 1401 ἔδησαν,
1394 1333 1684 1390 sumtum
1734 1344 1771 1389 e
1820 1342 2010 1389 versu
2062 1321 2399 1388 Homerico

579 1429 827 1494 πλείοσί
870 1430 945 1507 μ’
993 1431 1055 1494 ἐν
1101 1430 1377 1507 δεσμοῖσι
1426 1439 1698 1497 ΔΙΔΕΝ
1745 1428 1996 1509 μᾶλλόν
2042 1452 2115 1493 τε
2161 1428 2386 1510 πίεζον.

401 1534 602 1601 Venio
666 1554 838 1600 nunc
900 1533 979 1599 ad
1029 1534 1201 1601 locos
1252 1536 1662 1614 Homericos,
1731 1554 2006 1621 quorum
2058 1553 2252 1599 causa
2305 1531 2460 1599 baec
2509 1551 2698 1619 prae·

310 1642 483 1707 misi.
573 1639 851 1706 Verbum
899 1640 1246 1722 ἐπέρχομαι
1288 1641 1457 1729 apud
1503 1641 1850 1707 Homerum
1895 1639 2082 1706 babet
2124 1640 2442 1726 duplicem
2489 1637 2699 1704 futuri

308 1747 623 1835 temporis
692 1745 965 1813 formam
1038 1746 1251 1828 ἔπειμι
1320 1756 1387 1815 et
1452 1748 1826 1827 ἐπιείσομαι.
1947 1746 2111 1813 Hinc
2185 1744 2558 1833 Apollonius
2628 1745 2694 1811 in

310 1853 571 1921 Lexico:

947 1960 1378 2041 Ἐπιείσομαιε
1424 1958 1841 2039 ἐπελεύσομαι
1861 2007 1879 2024 .

315 2076 380 2135 et
429 2063 825 2154 Hesychius:

946 2168 1371 2238 Ἑπιείσεταιτ
1419 2171 1869 2238 ἐπελεύσεται.

313 2295 464 2343 nam
537 2275 631 2340 sic
700 2275 1069 2342 rectissime
1140 2277 1422 2341 correxit
1494 2277 1797 2343 Reiskius
1862 2275 2186 2362 vulgatam
2254 2276 2697 2346 Ἑπινείσεται.

313 2382 657 2469 Sequiores
702 2390 918 2447 autem
968 2382 1257 2468 priscum
1305 2388 1369 2447 et
1418 2382 1833 2450 Homericum
1879 2385 2215 2460 ἐλεύσομαι
2253 2403 2400 2449 cum
2441 2405 2697 2473 compo·

312 2491 456 2558 sitis
505 2494 915 2555 recoxerunt.
988 2487 1214 2576 ltaque
1253 2488 1521 2575 antiqua
1560 2487 1762 2555 futuri
1808 2487 2014 2555 forma
2053 2489 2405 2570 ἐπιείσομαι
2448 2492 2511 2557 in
2561 2512 2697 2559 ser·

312 2615 500 2662 mone
564 2593 854 2682 populari
923 2593 1113 2661 babet
1177 2594 1449 2661 formam
1518 2595 1640 2661 sibi
1697 2596 2189 2683 respondentem
2241 2598 2698 2677 ἐπελεύσομαι,

308 2711 376 2770 et
418 2701 529 2789 qui
570 2708 852 2767 veterem
899 2698 1179 2785 glossam
1225 2700 1576 2782 ἐπιείσομαι
1617 2703 1834 2768 volunt
1880 2704 2288 2790 interpretari
2317 2703 2699 2770 adscribunt

311 2809 753 2886 ἐπελεύσομαι.
852 2806 957 2871 Bis
1006 2806 1071 2872 in
1121 2806 1322 2872 Iliade
1370 2808 1725 2889 ἐπιείσομαι
1774 2809 2022 2875 salvum
2071 2819 2135 2876 et
2182 2809 2507 2877 incolume
2549 2831 2694 2878 eva·

310 2917 431 2995 sit,
478 2913 659 2982 Iliad.
713 2923 803 2980 Λ.
854 2917 983 2980 567
1034 2921 1097 2979 et
1144 2923 1223 2980 T.
1277 2919 1405 2980 454

584 3025 689 3088 νῦν
735 3017 818 3087 αὖ
865 3020 1009 3093 τοὺς
1065 3017 1299 3092 ἄλλους
1346 3021 1832 3100 ἐπιείσομαι
1882 3017 1944 3086 ὅν
1988 3044 2059 3086 κε
2104 3020 2352 3102 κιχείω.

311 3137 376 3195 et
425 3126 620 3194 semel
673 3127 740 3191 in
789 3124 1073 3216 Odyssea
1124 3137 1201 3191 0.
1254 3132 1384 3193 504

587 3232 787 3312 αὐτὰρ
835 3233 992 3311 ἐγὼν
1040 3231 1267 3312 ἀγροὺς
1311 3233 1663 3312 ἐπιείσομαι
1711 3233 1810 3309 ἠδὲ
1859 3233 2129 3314 βοτῆρας
2159 3281 2175 3299 .

315 3339 393 3406 ad
460 3356 607 3404 eum
673 3356 929 3402 versum
1000 3346 1349 3404 annotatur
1399 3342 1461 3404 in
1517 3339 1858 3405 Harleiano
1908 3349 2080 3406 recte
2124 3338 2586 3420 ἐπελεύσομαι,
2633 3342 2698 3407 in

315 3445 639 3513 Marciano
679 3442 842 3509 male
885 3467 1002 3525 γρ.
1049 3443 1499 3523 ἐπελεύσομαι,
1546 3453 1607 3509 ει
1652 3445 2298 3531 interpretamentum
2345 3448 2408 3512 in
2452 3449 2698 3514 variam

315 3551 652 3618 lectionem
704 3550 1137 3625 convertitur,
1187 3569 1314 3635 quo
1364 3549 1534 3616 facto
1576 3552 1872 3637 seqnitur
1912 3562 1984 3618 ut
2026 3553 2089 3617 in
2133 3561 2380 3619 textum
2426 3555 2700 3641 irrepat,

319 3665 393 3724 ul.
451 3656 853 3738 ἅποκοψέμεν
914 3675 1030 3742 pro
1091 3656 1524 3736 ἀπολεψέμεν,
1586 3658 1835 3724 δεόντων
1870 3668 1933 3723 et
1984 3657 2109 3723 δέον
2157 3679 2269 3744 pro
2315 3658 2591 3726 διδέντων
2637 3668 2701 3726 et

317 3763 497 3831 δίδεν.
571 3764 777 3849 Atque
826 3764 914 3826 ita
966 3759 1207 3826 lactum
1256 3776 1373 3829 est.
1449 3763 1715 3848 Legitur
1761 3762 1838 3828 ad
1890 3762 2116 3851 Odyss.
2167 3773 2249 3830 n.
2311 3769 2457 3830 150.
2501 3767 2702 3845 ἀναγ-

318 3870 475 3936 καία
522 3872 556 3946 ἦ
605 3870 889 3946 Εὐμαίου
936 3868 1082 3948 πρὸς
1121 3870 1232 3943 τὴν
1270 3868 1449 3934 πόλιν
1493 3871 1805 3945 dms-omi·
1858 3877 1984 3940 τοῖς
2022 3869 2149 3949 γὰρ
2189 3868 2445 3950 ἑταίροις
2482 3872 2705 3952 εἰρήκει

593 3975 796 4054 αὐτὰρ
844 3974 1001 4051 ἐγὼν
1048 3973 1274 4054 ἀγροὺς
1323 3976 1882 4054 ἐπελεύσομαι
1927 3976 2026 4051 ἠδὲ
2067 3975 2369 4055 βοτῆρας,

594 4078 864 4159 ἑσπέριος
913 4080 965 4145 δ’
1014 4080 1100 4151 εἷς
1146 4079 1269 4148 οἷς-υ
1315 4081 1451 4145 ἰδὼν
1499 4081 1628 4158 ἐμὰ
1677 4082 1832 4160 ἔργα
1879 4079 2153 4157 κάτειμι.

410 4184 654 4252 Viden?
706 4185 1350 4269 interpretamentum
1397 4187 1729 4272 antiquam
1777 4186 2050 4270 glossam
2102 4184 2368 4271 expulit.
2451 4185 2705 4253 Bonum

320 4292 562 4361 lactum
615 4289 781 4375 quod
830 4289 1090 4355 Codices
1140 4309 1359 4355 verum
1411 4301 1776 4356 servarunt.
1827 4290 1947 4356 Sed
1992 4290 2356 4357 destituunt
2397 4312 2516 4357 nos
2558 4291 2706 4358 libri

325 4401 390 4463 in
448 4395 674 4485 odyss,
726 4407 802 4461 A.
854 4401 938 4462 88
