2934 5050
1205 303 1555 352 nonnos.
2440 286 2570 352 211

205 474 379 549 afim
441 468 589 548 ὁμοῦ
647 476 984 538 νειλεῦντα.
1050 477 1117 539 et
1169 480 1245 539 Φ.
1307 470 1372 539 8.
1436 475 1498 547 ἐς
1559 473 1843 553 ποταμὸν
1900 480 2218 542 νειλεῦντο.
2312 473 2575 541 Similes

204 574 435 642 formae
476 577 712 647 Atticis
756 583 906 644 sunt
948 576 1307 664 permultae
1352 589 1667 647 κατειλεῒν
1680 630 1697 657 ,
1746 589 2071 662 περιειλεῖν
2116 587 2274 649 caet.
2323 584 2393 648 in
2435 582 2574 667 qui-

203 678 317 746 bus
356 679 625 748 solemni
668 702 875 749 errore
919 703 1033 769 pro
1071 684 1547 764 κατειλημένος,
1594 686 2046 767 περιειλημένος
2080 693 2145 753 et
2181 689 2328 753 sim.
2367 710 2570 753 κατει·

202 785 507 865 λημμένος
576 792 643 855 et
708 788 1214 870 περιειλημμένος
1298 792 1542 858 scribae
1607 793 1994 859 substituere
2062 792 2355 859 assolent.
2464 790 2573 859 Sic

201 890 435 958 factum
494 899 592 960 est
653 899 731 960 ut
787 896 857 961 in
914 894 1099 962 libris
1161 915 1275 981 pro
1317 899 1488 963 veris
1533 919 1605 964 ac
1649 899 1947 988 genuinis
1989 898 2213 965 formis
2254 897 2568 976 ἔλλόμενοι

201 997 362 1083 apud
419 995 817 1079 Homerum,
883 997 1201 1080 ἰλλόμενος
1249 1006 1314 1068 et
1358 1001 1706 1082 εἱλούμενος
1753 1005 1822 1070 in
1867 1004 2119 1082 Attica,
2180 1004 2336 1071 haec
2379 1006 2572 1091 scrip-

200 1106 372 1168 turae
407 1105 573 1171 vitia
614 1107 852 1192 passim
889 1112 1214 1173 recurrant
1252 1108 1600 1186 εἲλόμενος,
1647 1108 1956 1189 εἱλόμενος
1979 1159 1996 1186 ,
2046 1109 2389 1188 εἱλούμενος
2433 1109 2572 1197 (pro

200 1207 548 1298 ἰλλόμενος)
584 1218 650 1278 et
672 1210 1060 1291 εἱλλόμενος,
1099 1233 1259 1298 quae
1291 1217 1539 1280 nemini
1575 1216 1901 1302 imponere
1938 1222 2204 1302 pomum
2240 1222 2306 1284 et
2327 1215 2571 1285 nullius

200 1316 452 1382 omnino
497 1322 648 1383 sunt
681 1319 893 1404 pretii.
965 1318 1067 1384 Ad
1104 1318 1288 1384 Iliad.
1333 1328 1407 1385 E.
1459 1318 1592 1387 '782
1631 1318 1868 1391 ἕςασαν
1893 1358 1977 1370 -
2008 1321 2308 1401 εἰλόμενοι
2346 1324 2412 1388 la
2446 1321 2570 1387 Ro-

199 1421 297 1486 che
335 1421 561 1488 attulit
605 1444 684 1491 ex
728 1420 882 1491 Cod.
929 1426 1007 1491 A.
1046 1425 1422 1505 εἱλούμενοι,
1487 1448 1566 1495 ex
1611 1422 1766 1494 GM.
1814 1426 2112 1506 εἰλόμενοι
2136 1478 2153 1505 ,
2203 1427 2570 1515 similiaque

196 1524 345 1593 alibi
360 1574 380 1605 ,
428 1529 663 1615 quibus
708 1531 862 1617 quid
905 1535 1004 1597 est
1042 1533 1271 1599 vanius
1288 1579 1308 1610 ,
1358 1533 1515 1618 quid
1558 1529 1898 1599 inutilius?

277 1631 352 1699 In
395 1634 675 1721 perfecto
719 1638 971 1721 passivo
1014 1636 1328 1703 notandus
1387 1643 1486 1704 est
1528 1638 1807 1706 Bekkeri
1851 1644 2144 1706 constans
2193 1659 2362 1706 error
2407 1638 2569 1706 ἐνέλ-

195 1738 352 1814 μεθα
369 1788 385 1813 ,
435 1745 504 1806 et
539 1740 838 1817 ἐνελμένοι
883 1743 1123 1828 ubique
1166 1743 1501 1810 scribentis
1546 1749 1613 1810 et
1656 1743 1737 1811 ad
1783 1744 2056 1811 eundem
2099 1743 2364 1811 modum
2412 1743 2569 1811 alibi

194 1845 425 1929 passim
487 1842 712 1913 ἔῐολπα
735 1897 751 1926 ,
819 1846 1067 1930 ἔνοργαζ
1131 1847 1364 1919 ἔνοικα,
1433 1846 1654 1931 ἔνερτο,
1723 1849 2041 1930 ἕνερμένον.
2132 1849 2312 1916 Haec
2354 1852 2570 1916 omnia

193 1950 446 2035 perinde
506 1953 742 2021 vitiosa
798 1958 950 2020 sunt
1008 1974 1080 2019 ac
1139 1956 1196 2019 si
1258 1955 1401 2040 quis
1455 1974 1570 2040 pro
1612 1952 1914 2027 λέλοιπα,
1975 1955 2275 2029 πέποιθα,
2341 1954 2564 2031 Bana,

195 2056 470 2137 πέφηνα,
520 2056 801 2134 σέοηπα,
846 2060 1080 2134 τέτηκα
1123 2062 1268 2126 sim.
1314 2058 1515 2127 vellet
1560 2058 1783 2127 ἔλοιπα
1805 2110 1822 2138 ,
1871 2059 2084 2127 {rocoa
2131 2066 2289 2127 caet.
2336 2060 2564 2128 dicere.

274 2161 350 2229 In
406 2163 729 2243 εεεέλμεθα
789 2185 916 2233 non
975 2168 1189 2253 magis
1244 2167 1525 2252 primam
1585 2172 2030 2233 consonantem
2076 2169 2372 2233 omittere
2415 2164 2570 2233 licet

195 2288 378 2355 quam
427 2273 497 2338 in
542 2270 877 2353 κεκόρημαι
902 2322 919 2348 ,
968 2271 1337 2350 βεβόλημαι
1361 2320 1379 2348 ,
1427 2267 1736 2350 δέδασμαι
1759 2321 1776 2348 ,
1821 2269 2234 2352 δεδακρυμαι,
2279 2269 2566 2352 δέδεμαι,

194 2375 464 2456 τέταμαι
488 2428 506 2455 ,
573 2374 819 2454 δέδομαι
846 2428 863 2455 ,
929 2376 1213 2455 πέπομαι
1233 2427 1249 2452 ,
1310 2376 1760 2463 similibusque
1818 2378 2136 2445 omnibus.
2230 2377 2376 2446 Non
2433 2384 2569 2446 erat

196 2488 402 2550 autem
469 2481 747 2551 arduum
806 2489 872 2550 et
928 2503 1155 2571 anceps
1213 2502 1326 2570 pro
1369 2486 1768 2566 γλαφυρῇσιν
1815 2482 2115 2565 manem
2164 2488 2229 2551 et
2272 2484 2569 2566 βουλῇσιν

196 2587 484 2666 hearnium
533 2593 599 2656 et
644 2589 817 2656 κατὰ
860 2586 1013 2658 vde-v
1061 2590 1384 2666 ἕνελμένοι.
1404 2609 1634 2655 verum
1676 2609 1975 2676 reponere
2019 2594 2085 2656 et
2130 2591 2200 2655 in
2244 2609 2472 2656 versu:

596 2693 632 2772 ἦ
678 2694 843 2762 οὔπω
886 2693 1230 2775 κεκόρησθε.
1251 2693 1550 2771 ἕνελμένοι
1596 2692 1776 2760 ἔνδοθι
1822 2695 2110 2775 πύργων,

192 2799 290 2867 vel
332 2803 641 2868 immanis
683 2801 901 2868 hiatus
945 2799 1314 2866 Bekkerum
1358 2799 1695 2866 admonere
1737 2804 1989 2886 poterat
2030 2799 2385 2886 perfectum
2428 2818 2566 2885 pas-

192 2906 397 2972 sivum
442 2905 1016 2992 reduplicationem
1058 2906 1292 2972 habere
1332 2904 1552 2972 solere.

271 3010 609 3079 Permulta
645 3010 774 3078 alia
811 3012 979 3098 apud
1016 3010 1388 3077 Bekkerum
1424 3010 1725 3076 adversus
1764 3009 2095 3099 digamma
2130 3015 2390 3096 peccata
2416 3015 2567 3076 sunt

191 3115 317 3184 sive
373 3117 732 3207 neglexerit
792 3118 1052 3185 evidens
1112 3119 1462 3202 scripturae
1529 3117 1765 3182 vitium
1828 3118 1965 3182 sive
2008 3115 2178 3183 male
2223 3117 2560 3183 curaverit.

191 3218 259 3286 In
318 3221 760 3289 constituenda
826 3224 1186 3289 carminum
1252 3219 1746 3288 Homericorum
1808 3220 2079 3287 lectione
2136 3220 2563 3287 utilissimum

191 3332 280 3392 est
320 3349 573 3415 semper
623 3328 746 3395 hoc
792 3349 982 3417 agere
1025 3333 1093 3394 et
1136 3328 1465 3394 observare
1534 3327 1766 3414 quibus
1812 3325 2021 3393 modis
2064 3331 2347 3393 cantores
2391 3331 2562 3393 vete-

190 3453 282 3499 res
321 3436 522 3501 rimas
558 3433 1056 3501 innumerabiles
1071 3481 1088 3510 ,
1138 3433 1371 3518 quibus
1407 3433 1672 3518 antiqua
1707 3433 1989 3498 carmina
2019 3437 2277 3519 propter
2315 3431 2563 3520 digam-

189 3559 293 3605 ma
334 3540 623 3607 deletum
667 3542 906 3627 passim
951 3539 1327 3605 fatiscebant
1340 3584 1358 3616 ,
1406 3536 1699 3623 supplere
1741 3539 1871 3603 sint
1915 3535 2089 3604 soliti
2128 3542 2192 3602 et
2228 3538 2460 3603 sarcire
2498 3541 2565 3604 et

189 3644 617 3732 interpolando
661 3664 1076 3711 numerorum
1119 3642 1332 3710 labem
1374 3642 1782 3708 manifestam
1828 3641 2162 3709 occultare.

271 3748 346 3816 In
403 3771 531 3838 qua
587 3772 656 3817 re
715 3771 841 3816 non
899 3748 1213 3817 violenter
1269 3748 1721 3837 grassabantur
1764 3755 1878 3815 aut
1921 3747 2222 3815 lectiones
2267 3747 2562 3834 antiquas

190 3858 521 3922 temeraria
564 3877 762 3923 manu
806 3856 1124 3924 vexabant
1139 3903 1156 3932 ,
1204 3856 1315 3921 sed
1360 3853 1583 3932 ςοΙβας
1631 3852 1803 3927 τινας
1849 3863 2069 3921 tenues
2112 3860 2178 3920 et
2222 3851 2419 3919 exiles
2463 3854 2559 3919 in·

190 3961 470 4027 serebant
513 3987 619 4039 τε,
681 3986 799 4042 γε,
860 3960 978 4042 ἄρ’,
1042 3984 1139 4037 τι,
1188 3966 1253 4026 et
1295 3959 1607 4046 quidquid
1649 3959 1974 4027 lenissime
2020 3959 2090 4023 τὸ
2138 3957 2397 4039 κεχηνὸς
2445 3963 2554 4023 τοῦ

189 4066 401 4144 ῥυθμοῦ
465 4069 791 4134 sarciebat.
887 4067 1384 4152 Nonnumquam
1449 4065 1643 4130 verba
1710 4064 2200 4151 transponebant
2262 4068 2519 4129 tantum
2536 4112 2554 4142 ‚

189 4176 260 4235 ut
302 4174 369 4236 in
414 4173 546 4251 ἱμο)
595 4172 657 4238 δὲ
705 4174 958 4252 μάλιςα
1003 4193 1118 4260 pro
1160 4173 1411 4250 μάλιςα
1455 4170 1512 4236 δ’
1561 4170 1695 4248 ἐμοί
1713 4219 1729 4243 ,
1792 4172 1977 4236 cuius
2019 4173 2111 4236 rei
2156 4172 2226 4235 in
2271 4174 2557 4256 tempore

188 4294 427 4344 memor
485 4278 843 4365 complures
905 4283 1126 4366 poetae
1184 4298 1403 4344 versus
1467 4282 1580 4342 aut
1639 4273 1941 4357 ἀμέτρους
1986 4281 2100 4342 aut
2145 4275 2553 4357 κακομέτρους

189 4384 494 4448 restitutis
536 4387 818 4452 numeris
863 4405 1082 4452 sanare
1124 4386 1377 4470 poteris.
1440 4381 1515 4447 In
1562 4381 1744 4449 Iliad.
1794 4388 1876 4445 N.
1927 4379 2062 4447 204
2097 4384 2167 4447 in
2203 4380 2391 4447 libris
2425 4388 2554 4447 est:
