2934 5050
1061 309 1461 356 communae
1512 310 1745 357 amm.
2476 289 2606 353 399

234 476 379 542 facit
448 473 637 542 huius
696 482 954 541 saturae
1016 483 1510 560 argumentum,
1580 476 1846 542 Romam
1919 475 2046 542 civi
2119 471 2465 559 tranquillo
2536 479 2603 538 et

232 577 486 647 honesto
566 579 944 666 praesertim
1034 581 1299 669 pauperi
1374 579 1787 647 habitabilem
1861 599 1986 646 non
2058 597 2198 645 esse
2272 576 2601 650 iudicans,

231 692 539 751 statuerat
595 683 753 751 urbe
816 683 1041 751 relicta
1098 682 1319 751 sedem
1369 683 1568 769 figere
1614 683 1854 751 Cumis.
1951 684 2089 765 Quo
2136 681 2403 749 consilio
2461 681 2601 747 lau·

229 786 413 868 dato,
460 797 646 874 poeta
693 790 906 875 ipsum
958 786 1357 854 Umbricium
1405 788 1764 856 introducit
1809 788 2159 856 dicentem:

914 891 1183 972 Quando
1228 891 1482 960 artibus
1534 894 1800 982 (inquit)
1851 893 2137 960 honestis

448 994 667 1063 nullus
714 998 780 1061 iu
832 995 990 1063 urhe
1036 997 1254 1077 locuS,
1307 998 1480 1064 nulla
1527 999 1960 1067 emolumenta
2014 997 2343 1068 laborum.

443 1122 552 1169 res
598 1101 784 1167 hodie
832 1103 1043 1168 minor
1087 1111 1189 1169 est
1237 1103 1422 1170 hodie
1468 1123 1665 1190 quam
1715 1102 1873 1181 fuit,
1925 1123 2119 1179 noua
2166 1121 2362 1168 canen
2410 1119 2555 1167 cras

443 1206 698 1273 deteret
739 1208 992 1292 exiguis
1040 1206 1321 1294 aliquid,
1370 1210 1788 1295 proponimus
1838 1207 1987 1272 illuc

446 1315 543 1378 ire
601 1319 754 1377 cett.

310 1413 541 1483 Omnia
593 1414 776 1502 plana
827 1436 901 1481 ac
952 1416 1161 1481 facilia
1209 1426 1466 1501 praeter
1515 1417 1703 1483 verba
1751 1426 1935 1503 atque
1973 1415 2601 1502 eedem—aliquid,

227 1519 429 1599 unde,
506 1529 862 1606 utcumque
910 1531 1190 1587 mentem
1252 1541 1459 1587 meam
1531 1530 1834 1608 torqueo,
1897 1523 2038 1588 sani
2104 1520 2262 1586 nihil
2309 1520 2602 1607 exculpo.

222 1624 384 1705 Quid
432 1625 656 1691 cuim?
714 1626 931 1691 eedem
978 1644 1185 1711 neque
1231 1624 1668 1693 Grammatico
1718 1625 1795 1691 ad
1836 1626 2053 1692 urbem
2091 1645 2299 1713 neque
2345 1634 2601 1692 senten·

223 1731 311 1796 tia
372 1729 456 1796 ad
516 1751 623 1795 res
690 1729 819 1797 ullo
884 1729 1071 1796 modo
1131 1729 1358 1797 referri
1425 1733 1603 1797 sinit.
1698 1730 1952 1798 Numne
2011 1732 2185 1798 euim
2244 1751 2347 1797 res
2418 1729 2466 1816 (i
2538 1749 2597 1796 e.

222 1834 594 1910 facultates,
664 1834 985 1924 fortunae)
1051 1835 1179 1901 dici
1246 1843 1454 1921 potest
1527 1846 1642 1902 aut
1712 1837 1982 1921 cogitari
2045 1835 2323 1902 deterere
2360 1833 2603 1919 aliquid

220 1943 470 2028 eximuit
520 1942 565 2008 i.
608 1960 665 2007 e.
712 1961 753 2007 a
798 1961 865 2006 se
907 1941 1085 2026 ipsa,
1134 1934 1387 2027 quippe'
1422 1960 1586 2026 quae
1633 1942 1772 2027 ipsa
1818 1942 1902 2006 sit
1952 1938 2226 2026 exigua?

308 2044 598 2113 Dubium
665 2055 875 2111 tamen
941 2064 1065 2112 non
1118 2053 1261 2126 est,
1312 2047 1469 2132 quin
1521 2044 1888 2112 Umbricius
1935 2045 2054 2112 hoc
2100 2044 2306 2111 dicat:
2355 2043 2602 2130 quande

220 2151 470 2236 quidem
502 2170 609 2217 res
626 2172 764 2216 mee
788 2150 1061 2235 quotidie
1083 2150 1420 2225 decrescit,
1463 2148 1693 2214 Cumas
1717 2151 1994 2237 migrare
2017 2148 2280 2215 decrevi.
2328 2148 2601 2215 Conieci:

350 2276 457 2322 res
510 2254 699 2322 bodie
747 2255 957 2320 minor
1000 2264 1102 2321 est
1150 2252 1302 2320 here
1347 2272 1541 2341 quam
1594 2253 1754 2330 luit,
1804 2274 1998 2330 noue
2045 2273 2238 2320 ranas
2283 2272 2432 2319 cras

348 2360 610 2429 deteret
653 2360 909 2446 exiguis
953 2358 1198 2446 aliquid
1243 2366 1398 2425 cett.

305 2465 434 2535 Res
507 2464 589 2532 ad
650 2467 848 2533 vitam
926 2465 1206 2531 maxime
1268 2464 1703 2540 necessariae,
1769 2464 2017 2550 inquit,
2078 2483 2228 2533 aere
2276 2462 2599 2551 parandae

221 2571 547 2639 nolentem
597 2571 910 2637 volentem
958 2589 1061 2637 me
1108 2577 1380 2654 cogent,
1430 2578 1503 2635 ut
1548 2589 1696 2635 cras
1741 2568 1974 2635 faciam
2024 2569 2194 2655 quod
2244 2568 2429 2636 bodie
2478 2567 2600 2637 feci

219 2684 281 2742 et
326 2676 515 2752 beri,
583 2674 878 2743 videlicet
929 2682 999 2741 ut
1045 2673 1298 2741 demam
1364 2672 1610 2761 aliquid
1656 2672 1737 2739 ab
1782 2674 2035 2760 exiguis
2074 2692 2241 2759 quae
2287 2672 2446 2740 mibi
2495 2693 2600 2742 re·

216 2790 407 2850 stent.
511 2780 672 2847 Nam
720 2780 959 2846 cem-ire
1006 2798 1131 2845 non
1180 2776 1404 2844 didici.

1073 2882 1209 2949 Sat.
1261 2882 1381 2961 ΠΙ,
1436 2888 1563 2949 152
1614 2902 1751 2969 sqq.

631 2990 794 3056 alter
839 2989 1011 3055 enim
1060 2995 1374 3072 quantum
1426 2987 1494 3052 in
1544 2987 1790 3074 legione
1837 2987 2081 3054 tribuni

631 3094 994 3180 accipiunt,
1043 3093 1237 3158 donat
1282 3090 1579 3159 Calvinae
1626 3092 1724 3159 vel
1772 3093 2112 3171 Catienae,

635 3208 707 3264 ut
755 3196 950 3264 semel
997 3205 1112 3264 aut
1156 3197 1393 3263 iterum
1442 3215 1639 3283 super
1686 3196 1861 3264 illam
1911 3196 2211 3285 palpitet,
2256 3206 2323 3263 at
2369 3207 2443 3264 tu

635 3322 786 3368 cum
835 3301 948 3368 tihi
995 3320 1232 3367 vesrrri
1278 3299 1477 3368 facies
1524 3303 1720 3368 scorti
1769 3302 2012 3389 placet,
2065 3302 2290 3370 haeres

637 3417 702 3473 et
748 3406 1006 3473 dubitas
1051 3404 1177 3472 alta
1225 3405 1511 3473 Chionen
1559 3405 1878 3474 deducere
1923 3407 2099 3475 sella.

312 3514 836 3599 interpretantur
882 3511 1198 3598 eleyanter
1240 3512 1469 3590 vestiti,
1512 3509 1622 3577 sed
1661 3511 1837 3578 nullo
1859 3511 2051 3577 allato
2075 3511 2233 3591 loco,
2276 3530 2404 3598 quo
2426 3510 2602 3580 bunc

227 3626 690 3704 praegnantem
739 3615 1026 3683 vocabuli
1091 3635 1282 3682 usum
1331 3624 1662 3685 tueantur.
1756 3617 1885 3683 Nec
1923 3635 2240 3703 quaerens
2283 3617 2602 3695 invenies,

226 3730 300 3788 ut
342 3724 594 3809 opinor.
665 3721 1014 3807 Participio
1048 3722 1305 3788 vestitus
1343 3741 1378 3788 e
1429 3722 1688 3807 regione
1736 3722 2079 3808 opponitur
2114 3721 2352 3797 nudus,
2392 3739 2599 3808 neque

226 3834 403 3904 erat,
452 3835 529 3893 ut
587 3824 751 3893 bene
814 3835 1154 3893 senserunt
1213 3827 1634 3914 interpretes,
1699 3847 1821 3893 cur
1869 3824 2023 3892 illud
2076 3833 2256 3911 poeta
2302 3823 2602 3904 adderet,

228 3931 287 3994 si
344 3929 609 4016 quidem
654 3931 850 4010 yestis
891 3950 1003 4016 per
1042 3950 1111 3995 se
1153 3950 1275 3996 non
1316 3940 1415 3997 est
1482 3930 1749 3997 Veneris
1789 3930 2291 3996 irritamentum.
2353 3927 2603 3996 Nudam

228 4043 482 4101 amator
538 4033 757 4101 mallet
814 4055 1005 4120 quam
1070 4035 1236 4101 male
1297 4038 1578 4102 vestitam
1606 4085 1622 4112 ,
1691 4033 1961 4100 fortasse
2006 4052 2199 4120 quam
2248 4033 2602 4120 eleqanter!

234 4137 325 4207 Ne
371 4138 609 4206 multa:
659 4140 916 4230 scripsit
969 4139 1319 4207 iuvenalis:

689 4263 835 4310 cum
876 4246 992 4310 tihi
1040 4265 1269 4311 resrivi
1315 4245 1508 4312 [acies
1557 4246 1752 4310 scorti
1796 4242 2018 4329 placet.

237 4348 329 4416 ct.
379 4348 635 4420 Scholte
686 4370 828 4435 pag.
882 4353 991 4415 24.
