2934 5050
953 296 1339 344 pentocostes
1387 297 1458 342 er
1506 298 1758 344 canica.
2418 280 2546 344 225

181 470 371 534 tentia
397 467 655 551 ‘clamat
703 469 1006 550 ὤσφροντο
1055 464 1276 552 reponi
1327 455 1599 544 debere,
1645 466 2027 555 olfecerunt,
2083 474 2153 531 ut
2195 466 2260 532 in
2313 465 2547 533 Acbar-

179 573 466 641 nensibus
518 579 668 642 178.

715 682 766 747 οἱ
813 679 863 745 δ’
910 679 1324 762 ὤσφροντο
1364 679 1722 759 πρεσβῦταί
1766 704 1944 753 τινες.

265 786 518 854 Utinam
585 796 651 854 et
710 784 1138 852 Philostratus
1186 786 1320 871 ipse
1371 786 1772 853 meminisset
1818 795 1883 852 et
1930 783 2236 851 Aelianus
2284 785 2347 849 in
2393 784 2550 849 scri·

181 891 376 959 bendo
441 892 756 959 tenuisset
815 889 984 978 quod
1050 891 1113 956 in
1187 891 1344 956 Vitis
1387 891 1821 976 sophistarum
1867 889 2107 978 legitur
2163 910 2224 977 p.
2278 894 2431 957 503.
2480 889 2552 956 τὸ

179 997 732 1081 ἀπειρόκαλον
776 999 838 1063 ἐν
884 1000 968 1081 τῷ
1015 997 1352 1080 ὥττικΙζειν
1397 996 1852 1080 βάρβαρον.

262 1207 451 1275 Libro
511 1209 592 1275 de
655 1207 813 1275 Vitis
860 1207 1296 1294 Sophistarum
1345 1206 1426 1274 ad
1477 1206 1664 1275 finem
1721 1207 2075 1296 perducto,
2130 1207 2310 1295 prius
2357 1227 2550 1294 quam

183 1311 252 1377 ad
295 1313 586 1381 Her-oica·
614 1323 972 1392 transeam,
1021 1316 1200 1381 iuvat
1250 1315 1476 1402 paucis
1522 1311 1860 1380 ostendere
1907 1334 2100 1401 quam
2154 1314 2313 1381 levis
2352 1324 2415 1381 et
2459 1311 2552 1381 su·

183 1418 303 1485 tilis
366 1422 553 1487 testis
616 1439 833 1487 rerum
898 1440 933 1486 a
984 1440 1053 1486 se
1104 1422 1455 1487 memoriae
1497 1418 1897 1506 proditarum
1955 1422 2039 1488 sit
2092 1419 2553 1496 Philostratus,

185 1544 359 1610 quam
412 1525 765 1603 credulus,
816 1546 1008 1613 quam
1065 1527 1370 1613 puerilis,
1411 1545 1618 1611 nugas
1654 1535 1714 1592 et
1759 1533 1963 1607 γραῶν
1988 1525 2176 1594 ὕθλον
2203 1537 2554 1614 quantum-

186 1632 269 1696 vis
313 1630 670 1698 absurdum
721 1631 952 1719 cupide
1000 1630 1394 1718 amplectens
1431 1642 1496 1699 et
1540 1640 1868 1719 tamquam
1912 1643 2087 1699 certa
2137 1644 2201 1701 et
2225 1633 2553 1721 explorata

187 1747 384 1805 essent
437 1738 657 1805 omnia
704 1737 1103 1805 confidenter
1151 1757 1446 1805 narrans,
1516 1737 1775 1804 Duobus
1815 1738 2125 1826 exemplis
2165 1748 2352 1819 utar,
2396 1758 2555 1826 quo-

189 1862 318 1909 rnm
366 1843 646 1911 alterum
692 1864 768 1910 ex
816 1845 948 1909 vita
998 1844 1250 1930 privata
1297 1863 1595 1924 sumam,
1647 1843 1921 1910 alterum
1971 1863 2047 1909 ex
2077 1843 2361 1909 historia.
2396 1843 2557 1909 Gra·

189 1948 338 2015 viter
360 1958 428 2016 et
471 1951 643 2016 serio
684 1957 907 2015 narrat
949 1948 1378 2015 Philostratus
1423 1950 1486 2014 in
1534 1948 1801 2016 Herodis
1827 1949 1957 2017 vita
1986 1969 2045 2035 p.
2075 1954 2203 2015 552
2239 1948 2556 2015 Herodem

189 2072 372 2138 quum
423 2054 504 2123 de
554 2074 731 2121 more
774 2056 947 2121 circa
997 2054 1434 2122 Marathonem
1502 2058 1934 2122 rusticaretur
1989 2055 2283 2121 notitiam
2326 2074 2558 2142 quam-

191 2156 317 2227 dam
361 2162 765 2228 contraxisse
788 2181 935 2227 cum
968 2163 1297 2228 rusticano
1325 2164 1552 2228 iuvene
1581 2168 1881 2228 venatore
1908 2161 2211 2227 immanis
2235 2170 2559 2240 staturae,

97 2338 98 2347 ἵ
192 2284 454 2355 natuque
502 2268 530 2334 ὅ
571 2269 815 2343 νεανίαις
854 2264 1023 2343 οὗτος
1074 2264 1141 2343 ἦν
1190 2269 1250 2333 ἐν
1301 2269 1496 2350 zia-m
1540 2269 1745 2352 πρώτῃ
1797 2269 1896 2357 (ut
1945 2265 2114 2354 apud
2161 2267 2510 2335 Homerum

583 2380 814 2456 πρῶτον
862 2374 1166 2451 ὖπηνήτης
1194 2424 1211 2451 ,
1257 2379 1482 2455 τοῦπερ
1527 2372 1878 2456 χαριεστάτη
1927 2373 2100 2462 ἥβη.)

193 2480 387 2564 Κελτῷ
452 2480 724 2562 ueniae>
783 2481 909 2554 ἴσος
974 2480 1079 2546 καὶ
1168 2480 1229 2555 ἐς
1286 2480 1439 2548 ὀκτὼ
1510 2479 1706 2553 πόδας
1769 2479 1839 2546 τὸ
1908 2479 2192 2560 μέγεθος.
2290 2477 2555 2546 Veteres

197 2584 601 2654 Athenienses
639 2586 1048 2653 mirabantur
1086 2587 1138 2651 si
1183 2588 1291 2672 qui
1334 2596 1549 2653 essent
1589 2584 1798 2669 ἄνδρες
1822 2586 2099 2667 μεγάλοι
2124 2585 2229 2652 κοιὶ
2269 2608 2554 2668 τετρα·

197 2693 516 2775 πήχεις,
566 2690 631 2758 id
679 2699 778 2758 est
823 2693 883 2766 ἐς
930 2688 1002 2771 ἓξ
1046 2691 1242 2765 πόδας
1289 2692 1359 2758 τὸ
1405 2691 1700 2772 μέγεθος.
1755 2692 1972 2778 itaque
2028 2690 2188 2757 nihil
2224 2689 2303 2756 ad
2348 2690 2555 2756 illum.

191 2794 445 2886 Reliqua
518 2799 584 2863 in
642 2796 863 2864 eodem
933 2796 1199 2883 perinde
1244 2798 1440 2864 mira:
1489 2797 1774 2877 γενέσθαι
1822 2797 1883 2863 δὲ
1929 2798 2119 2865 αὐτὸν
2158 2799 2211 2864 οἱ
2255 2798 2373 2878 μὲν
2419 2821 2556 2877 γη-

197 2914 373 2981 γενῆ
433 2911 670 2989 φασιν,
735 2905 953 2991 itaque
1009 2901 1167 2968 nihil
1216 2913 1312 2969 est
1366 2903 1532 2990 quod
1585 2903 1663 2970 de
1709 2904 2082 2989 gigantibus
2131 2904 2446 2970 miremur
2491 2909 2555 2968 et

198 3009 244 3074 si
283 3031 435 3097 quos
480 3011 640 3078 alios
688 3011 821 3096 ipsa
873 3007 1064 3075 tellus
1109 3008 1260 3075 olim
1311 3008 1590 3077 edidisse
1640 3020 1976 3085 narratur,
2037 3007 2555 3097 quandoquidem

201 3113 328 3181 vivo
386 3115 636 3183 Herode
697 3115 907 3182 Attico
968 3113 1135 3181 idem
1206 3114 1344 3182 fieri
1405 3114 1834 3182 Philostratus
1890 3124 2118 3182 auctor
2164 3123 2301 3195 est,
2362 3123 2427 3181 et
2475 3134 2557 3182 ne

204 3218 475 3289 dubitare
540 3223 747 3309 possis
798 3221 902 3288 τὸν
958 3221 1149 3301 δῆμον
1195 3224 1405 3308 ipsum
1459 3220 1566 3288 ubi
1617 3241 1651 3288 e
1700 3230 1873 3288 terra
1923 3220 2235 3309 prodierit
2280 3241 2557 3289 comme·

206 3337 393 3395 morat
436 3337 681 3408 γηγενῆ
729 3333 928 3412 φασιν
973 3329 1036 3393 ἔν
1081 3329 1168 3410 τῷ·
1207 3329 1463 3411 Βοιωτίῳ
1504 3330 1711 3410 δήμῳ,
1762 3348 1951 3416 quem
2001 3326 2359 3394 Marathoni
2408 3328 2558 3394 vici·

207 3449 342 3499 nuni
389 3434 587 3501 fuisse
640 3454 716 3501 ex
768 3432 1154 3499 Philostrato
1204 3432 1364 3520 (solo
1411 3436 1600 3519 teste)
1656 3435 1971 3500 novimus.
2066 3433 2189 3501 Sed
2240 3432 2449 3500 fertur
2494 3444 2560 3500 et

207 3537 314 3605 alia
356 3539 520 3608 sama
565 3560 686 3606 non
732 3541 951 3606 minus
993 3538 1269 3606 mirifica
1308 3549 1372 3607 et
1411 3538 1846 3607 admirabilis:
1895 3541 2157 3622 Ἡρώδης
2197 3540 2258 3606 δὲ
2296 3541 2560 3606 οἰκοῦσαι

207 3644 467 3724 λέγοντός
516 3656 710 3724 Φησιν
753 3650 833 3719 ὦς
875 3647 1042 3728 αὐτῷ
1081 3647 1318 3726 γένοιτο
1344 3687 1426 3700 —-
1454 3648 1661 3729 πατὴρ
1698 3647 2044 3728 Μαραθών,
2096 3641 2164 3712 οὖ
2205 3646 2276 3713 τὸ
2315 3646 2375 3710 ἐν
2414 3655 2557 3712 Μοι-

209 3753 393 3828 paoem
437 3751 754 3832 ἄγαλμα,
800 3751 892 3821 ἔτι
939 3752 1002 3817 δὲ
1051 3750 1194 3834 ἥρως
1233 3753 1534 3834 γεωργός.
1588 3751 1656 3818 Si
1697 3753 1843 3839 quis
1888 3771 2192 3838 umquam
2236 3762 2563 3838 postumus

211 3857 488 3943 appellari
550 3847 804 3934 debuit}
854 3857 1139 3944 prolecto
1188 3858 1291 3925 ille
1335 3858 1460 3924 ruit
1501 3858 1801 3943 plurimis
1849 3858 2117 3924 saeculis
2165 3866 2306 3945 post
2357 3859 2560 3944 patris

212 3972 456 4029 mortem
523 3972 737 4030 natus.
836 3964 1109 4042 Herodi,
1173 3965 1551 4031 acutissimo
1596 3964 1994 4040 Atticorum,
2044 3982 2117 4029 ea
2162 3983 2268 4029 res
2313 3963 2562 4050 simpli·

212 4066 448 4135 cissima
509 4089 649 4136 esse
706 4067 994 4146 videtur,
1063 4072 1281 4158 itaque
1340 4068 1612 4136 candide
1673 4089 1751 4136 ex
1803 4067 1908 4135 illo
1956 4071 2210 4156 quaerit
2261 4106 2344 4119 —-
2394 4069 2562 4136 malo

214 4169 560 4240 Philostrati
626 4174 835 4241 verbis
893 4176 989 4241 uti
1040 4196 1232 4262 quam
1290 4176 1449 4241 meis
1496 4214 1581 4225 —-
1626 4176 1795 4258 ἤρετο
1843 4176 1944 4242 τὸν
1991 4174 2305 4257 Ἠρακλέα
2351 4180 2563 4242 τοῦτον

218 4277 295 4366 (id
353 4279 589 4347 homini
656 4300 882 4347 nomen
942 4283 1064 4370 est)
1124 4283 1153 4349 ὃ
1198 4282 1459 4365 Ἡρώδης
1507 4285 1559 4349 εἷ
1606 4283 1712 4348 και)
1750 4286 2253 4348 'AeANAToc
2300 4279 2415 4356 εἴη.
2513 4278 2565 4347 Ο

218 4380 438 4452 factum
485 4383 648 4454 male
685 4386 850 4474 quod
892 4389 1181 4475 negavit:
1233 4408 1381 4455 nam
1423 4389 1478 4453 si
1522 4387 1906 4456 immortalis
1942 4385 2167 4453 suisset
2192 4387 2564 4454 etiamnunc
