2934 5050
876 1157 1960 1250 HOMERICA.

997 1498 1280 1551 sclursrr
1325 1477 1397 1546 O.
1448 1478 1530 1546 G.
1580 1477 1814 1546 Coanr.

1120 1772 1701 1808 wa·—

1400 2011 1454 2083 1.

813 2226 1176 2293 ’AnPenH
1244 2243 1416 2291 Arm)
1485 2225 1821 2293 Hominum

808 2346 1016 2395 ruvo
1082 2331 1688 2397 Annunnmouuu
1752 2346 2009 2395 nmmo.

310 2539 549 2608 Multis
590 2540 760 2608 mihi
806 2541 975 2626 apud
1028 2539 1389 2606 Homerum
1432 2540 1590 2608 locis
1634 2540 2155 2606 animadvertisse
2201 2541 2417 2608 videor
2460 2560 2595 2606 eru-

224 2641 391 2714 ditos
415 2644 881 2712 Alexandrinos
916 2641 1387 2712 Grammaticos
1422 2649 1490 2709 et
1526 2641 1794 2710 Criticos
1823 2645 2108 2712 heroicae
2131 2647 2195 2709 et
2217 2643 2597 2710 Homericae

227 2751 449 2820 aetatis
482 2748 968 2833 simplicitatem
1003 2753 1069 2814 et
1107 2747 1441 2814 candorem
1479 2753 1545 2812 et
1575 2750 2000 2814 sinceritatem
2018 2795 2036 2824 ,
2077 2767 2279 2832 quum
2309 2749 2379 2811 in
2417 2750 2595 2834 regia

226 2851 739 2920 Ptolemaeorum
778 2857 845 2918 et
881 2854 949 2920 in
985 2852 1229 2917 aulicae
1268 2854 1707 2918 assentationis
1743 2852 1978 2920 foetore
2016 2855 2182 2918 inter
2217 2857 2594 2940 purpuratos

226 2963 496 3028 aetatem
544 2962 808 3045 agerent
822 3004 843 3034 ,
878 2977 1004 3022 non
1043 2959 1198 3021 satis
1241 2957 1479 3041 ubique
1523 2958 1786 3024 sensisse
1821 2963 1936 3022 aut
1973 2958 2039 3022 in
2071 2961 2356 3040 tempore
2393 2974 2593 3020 reeor-

224 3061 396 3132 datos
417 3084 577 3130 esse.
618 3063 987 3130 Plurimum
1009 3062 1226 3126 aberat
1248 3065 1323 3124 ut
1347 3063 1414 3124 in
1436 3063 1562 3126 ista
1582 3063 1721 3126 vita
1740 3060 1926 3126 molli
1949 3066 2015 3128 ct
2036 3059 2305 3125 delicata
2325 3059 2592 3132 heroum

224 3163 709 3234 Homerieorum
739 3167 810 3231 τὸ
834 3165 1072 3246 ἀφελὲς
1100 3164 1203 3228 καὶ
1229 3165 1524 3231 ἁπλοϊκόν
1546 3166 1723 3230 omni
1743 3164 1886 3229 fuco
1908 3170 1970 3230 et
1994 3164 2383 3230 affectatione
2407 3162 2591 3248 plane

223 3288 497 3334 vacuum
545 3269 746 3338 libero
785 3271 999 3344 animo
1035 3271 1369 3336 aestimare
1405 3274 1677 3352 possent.
1747 3268 1846 3334 Ex
1882 3289 2031 3336 suae
2067 3270 2292 3334 aetatis
2330 3268 2590 3333 modulo

222 3375 513 3459 antiquos
578 3374 801 3440 heroes
866 3372 1296 3442 metiebantur
1310 3419 1327 3448 ‚
1400 3393 1480 3437 ex
1547 3393 1662 3438 suo
1721 3379 1787 3438 et
1846 3372 2207 3466 aequalium
2266 3393 2451 3440 sensu
2511 3373 2592 3438 de

222 3471 581 3546 Homericis
639 3479 828 3544 rebus
887 3478 1288 3562 personisque
1340 3475 1741 3553 iudicabant,
1811 3476 1980 3550 unde
2024 3498 2215 3561 quam
2261 3495 2590 3561 perversae

221 3578 295 3643 de
349 3579 510 3646 locis
568 3580 950 3665 quibusdam
1013 3581 1337 3664 opiniones
1399 3584 1572 3645 ortae
1631 3580 1759 3645 sint
1801 3580 2235 3665 compluribus
2278 3579 2587 3663 exemplis

221 3685 541 3749 ostendere
582 3687 785 3751 iuvat.
854 3684 1061 3750 Nemo
1106 3688 1397 3749 veterum
1442 3680 1829 3756 Criticorum
1872 3705 1945 3751 eo
1986 3687 2148 3751 vitio
2192 3684 2378 3769 plane
2422 3682 2585 3748 liber

221 3789 345 3849 est:
392 3788 798 3856 Aristarchus
838 3781 1042 3854 'etiam
1084 3789 1153 3851 in
1201 3787 1302 3854 his
1347 3787 1558 3852 multo
1601 3793 1700 3854 est
1743 3791 2004 3858 caeteris
2029 3792 2256 3855 ,sanior
2270 3834 2288 3865 ‚
2335 3787 2445 3856 sed
2489 3792 2582 3853 ta-

220 3908 363 3954 men
442 3899 510 3956 et
585 3894 720 3978 ipse
800 3890 1095 3964 nonnihil
1176 3912 1657 3977 nonnumquam
1738 3899 1974 3977 peccat.
2090 3891 2214 3958 Sed
2288 3894 2579 3956 omnium

220 3989 568 4073 plurimum
587 4043 605 4072 ,
673 4000 732 4062 si
790 3997 943 4086 quid
1002 3996 1220 4073 video,
1291 3998 1358 4060 in
1420 4016 1493 4061 eo
1537 4016 1766 4082 genere
1810 4000 2083 4086 impegit
2127 3996 2578 4082 Aristophanes

219 4091 622 4182 Byzantinus.
756 4091 770 4103 ⁸

304 4199 628 4276 Proferam
664 4207 953 4294 primum
999 4207 1349 4293 insigniora
1392 4204 1702 4290 quaedam
1749 4207 2111 4272 testimonia
2155 4211 2220 4272 et
2264 4203 2571 4291 exempla.

224 4298 439 4388 odyss.
487 4307 559 4373 O.
616 4308 647 4371 l
661 4307 720 4374 9.
