2934 5050
317 267 449 334 :376
1314 278 1690 327 rumorum.

321 458 470 521 sunt
531 454 728 518 etiam
783 451 909 518 alia
950 450 1258 518 nonnulla
1302 449 1579 515 recentia
1623 467 1696 512 ac
1739 446 1990 512 novicia
2034 450 2179 530 post
2222 448 2533 533 scriptum
2582 448 2706 514 Pa-

322 561 596 624 risinum
641 567 701 622 A
763 563 829 622 et
889 555 1308 623 Bodleianum
1370 554 1636 619 demum
1687 555 1839 617 nata
1853 597 1872 629 ,
1934 571 2095 636 quae
2139 551 2369 617 horum
2412 556 2707 639 ipsorum

325 663 563 728 indicio
605 660 1095 748 redarguuntur.

420 766 498 833 In
555 767 870 832 Alcibiade
909 764 962 830 Ι.
1008 786 1159 852 pag.
1209 762 1360 829 105.
1399 781 1460 829 13.
1522 760 1907 827 Bodleianus
1968 767 2180 829 servat
2230 762 2395 827 hanc
2438 763 2713 847 scriptu-

332 890 511 940 ram:
558 869 755 953 ὅσπερ
801 871 930 952 γὰρ
973 870 1052 935 σὺ
1098 868 1364 940 ἐλπίδας
1411 864 1583 946 ἔχεις
1630 865 1689 930 ἐν
1734 876 1814 948 τῇ
1857 865 2076 945 πόλει,
2124 863 2276 932 οὕτω
2315 867 2499 945 κάγὼ
2538 867 2711 946 περὶ

336 979 428 1044 σοὶ
477 974 703 1055 ἐλπίζω
750 975 1008 1054 misse-ou
1047 973 1435 1050 δυνήσεσθαι,
1482 991 1645 1057 quae
1678 972 1875 1038 verba
1908 978 1975 1037 et
2005 969 2332 1060 eleganter
2363 975 2719 1057 composita

338 1089 405 1150 et
461 1081 606 1148 luce
668 1080 935 1147 clariora
993 1085 1161 1144 sunt.
1253 1078 1531 1143 Exortus
1575 1080 1672 1141 est
1713 1079 1926 1142 nescio
1971 1079 2116 1162 quis
2132 1125 2151 1157 ,
2215 1080 2327 1163 qui
2374 1079 2719 1163 superioris

339 1187 468 1254 loci
512 1205 762 1251 memor
804 1190 949 1270 post
989 1184 1185 1251 verba
1228 1183 1292 1247 ἐν
1336 1191 1417 1264 τῇ
1463 1181 1641 1248 πόλει
1678 1183 1947 1247 inseruit
1977 1182 2387 1265 [ἐνδείξασθαι
2423 1182 2518 1248 ὅτι
2558 1185 2719 1262 αὐτῆ

345 1291 580 1363 παντὸς
642 1287 813 1366 ἄξιος
863 1285 952 1364 εἷ,
1014 1281 1431 1366 ἐνδειξάμενος
1500 1288 1565 1353 δὲ
1611 1286 1774 1352 οὐδὲν
1819 1281 1887 1362 δ’,
1928 1310 1988 1352 τι
2035 1288 2101 1352 οὔ
2146 1289 2511 1370 παραυτίκα
2555 1288 2724 1360 δυνή-

344 1397 588 1481 σεσθαι]
609 1442 625 1472 ,
673 1415 799 1480 quo
843 1414 1051 1479 panno
1093 1397 1163 1459 in
1203 1398 1458 1458 textum
1503 1395 1757 1476 recepto
1802 1411 1995 1478 aegra
2036 1397 2187 1457 sunt
2220 1396 2475 1459 omnia:
2516 1391 2723 1459 solut·

346 1508 444 1569 est
488 1506 553 1567 et
597 1505 893 1585 corrupta
951 1500 1329 1584 compositio
1387 1503 1453 1562 et
1497 1496 1744 1562 laborat
1789 1499 2136 1563 sententia:
2200 1496 2367 1563 nihil
2412 1502 2513 1563 est
2553 1515 2727 1582 prse-

347 1614 522 1672 terea
562 1607 694 1669 ἘΝ
745 1613 824 1686 τῇ
869 1604 1050 1670 πόλει
1097 1604 1499 1669 ἐνδείκνυσθαι
1546 1606 1612 1667 et
1656 1600 1821 1668 οὐδὲν
1865 1597 1904 1666 ὅ
1919 1649 1939 1681 ,
1984 1626 2048 1668 τι
2090 1604 2156 1668 οὖ
2204 1604 2301 1683 (id
2344 1608 2446 1669 est
2481 1601 2723 1686 πάντα)

327 1711 644 1804 Ιδύναισθαιι
687 1729 812 1774 non
858 1713 954 1774 est
997 1708 1170 1774 idem
1215 1709 1384 1794 quod
1428 1706 1721 1773 δύνασθαι
1768 1706 2045 1785 abque-ov.
2120 1706 2353 1794 Spuria
2399 1729 2538 1773 esse
2577 1708 2731 1773 haec

354 1823 419 1885 et
461 1818 741 1882 insiticia
782 1813 1167 1880 Bodleianus
1206 1812 1371 1877 liber
1421 1810 1701 1876 declarat
1743 1817 1809 1876 et
1851 1812 2087 1898 absque
2126 1813 2242 1879 illo
2287 1814 2520 1879 suimet
2562 1819 2731 1898 pote-

353 1928 455 1989 rat
515 1922 689 1987 fraus
733 1939 771 1984 a
825 1918 1045 1984 sedulo
1108 1917 1396 1982 Platonis
1463 1916 1697 1982 lectore
1766 1920 1956 1983 certis
2010 1918 2266 1984 indiciis
2325 1916 2733 2004 deprehendi.

353 2024 748 2092 Huiusmodi
783 2029 1005 2090 autem
1043 2020 1552 2107 interpolationis
1588 2021 1958 2106 exemplum
1994 2023 2435 2089 ἀναντίλεκτον
2460 2024 2739 2088 iuniores

356 2133 765 2219 potissimum
810 2134 877 2194 et
917 2133 1147 2193 natura
1188 2124 1406 2212 paullo
1451 2126 1810 2192 timidiores
1855 2130 2098 2212 optime
2135 2129 2476 2194 admonere
2506 2129 2743 2213 poterit

357 2242 436 2302 ut
495 2241 760 2302 caveant
822 2239 887 2299 et
929 2233 1049 2298 hoc
1116 2237 1310 2318 agant
1370 2251 1451 2295 ne
1510 2230 1737 2316 putida
1792 2232 2309 2320 magistellorum
2352 2231 2744 2299 emblemata

361 2361 476 2427 pro
519 2340 868 2404 Platonicis
910 2338 1130 2425 legant
1174 2335 1572 2419 habeantque
1590 2382 1606 2412 ,
1654 2340 1720 2401 et
1762 2339 2177 2402 meminerint
2220 2338 2290 2403 id
2335 2337 2507 2423 quod
2550 2339 2747 2402 veris-

363 2448 527 2511 sime
571 2444 736 2508 dixit
780 2442 1102 2508 Martinus
1144 2438 1384 2505 Schanz
1434 2439 1630 2528 (Shad.
1666 2463 1720 2504 z.
1774 2441 2116 2505 Geso-hichie
2155 2443 2258 2506 dee
2295 2443 2542 2508 Platon.
2600 2446 2748 2505 Ta-

362 2558 450 2616 m
491 2546 1038 2636 pag.30):„1›2·e
1082 2547 1555 2631 Haupcaufqabe
1598 2547 1702 2610 aas
1736 2546 2197 2612 meritam
2222 2548 2382 2612 „ira
2417 2549 2626 2613 im
2645 2550 2753 2614 aie
2882 2521 2883 2525 '

365 2656 494 2721 sein
512 2703 534 2734 ,
579 2654 679 2719 die
722 2653 917 2718 violem
961 2653 1247 2717 unechteu
1291 2652 1542 2715 zucam
1560 2652 2097 2721 „amum”-

458 2866 934 2930 Admoveamus
975 2864 1181 2950 igitur
1223 2866 1289 2926 et
1331 2862 1457 2945 ipsi
1503 2882 1772 2927 manum
1825 2866 2002 2949 operi
2045 2868 2112 2929 et
2155 2864 2519 2949 periculum
2562 2864 2757 2930 faeia-

261 2982 278 2995 ·
371 2989 519 3034 mus
565 2988 645 3033 an
689 2968 849 3034 forte
912 2966 1155 3031 alienae
1210 2985 1440 3030 manus
1492 2966 2003 3033 additamentum
2050 2969 2516 3054 deprehendere
2553 2971 2757 3055 pomi·

372 3095 522 3139 mus
582 3073 843 3138 latitans
885 3074 956 3136 in
999 3069 1211 3154 lepido
1257 3069 1428 3135 dicto
1475 3069 1753 3137 Socratis
1797 3093 1946 3160 pag.
2000 3072 2151 3139 113.
2193 3090 2248 3140 ο.
2296 3072 2369 3137 τὸ
2413 3076 2525 3137 τοῦ
2570 3074 2756 3153 Εὐρι-

376 3180 551 3245 πίδου
610 3175 738 3258 ἄρα
797 3175 1171 3253 συμβαίνει,
1240 3171 1284 3238 ὦ
1345 3175 1723 3254 Ἀλκιβιάδη
1752 3199 1769 3215 ·
1832 3182 1940 3243 σοῦ
1995 3177 2150 3244 τάδε
2196 3177 2553 3251 κινδυνεύεις
2596 3178 2756 3242 ἀλλ’

376 3286 482 3351 οὐκ
529 3284 680 3360 ἐμοῦ
724 3279 1088 3356 ἀκηκοέναι.
1142 3278 1263 3343 οὐδ’
1312 3279 1433 3357 ἐγώ
1482 3281 1610 3357 εἶμι
1656 3282 1684 3346 ὅ
1730 3286 1940 3349 ταῦτα
1988 3283 2190 3361 λέγων
2234 3283 2417 3348 ἀλλὰ
2461 3282 2581 3360 σύ,
2642 3281 2755 3359 ἐμὲ

375 3389 441 3456 δὲ
502 3390 678 3469 αἰτιᾷ
740 3386 968 3462 μάτην.
1066 3384 1273 3449 Nemo
1333 3384 1491 3451 haec
1550 3406 1751 3472 neque
1812 3388 1971 3453 olim
2032 3388 2289 3476 legebat
2336 3409 2547 3474 neque
2590 3407 2755 3454 nune

377 3495 542 3580 legit
585 3493 739 3577 quin
784 3493 1082 3556 continuo
1127 3492 1495 3555 meminerit
1538 3492 1841 3558 versiculi
1885 3492 2255 3578 Eun'pidei:

650 3595 1018 3661 Ἱππόλυτον
1061 3594 1299 3676 αὖδᾷςς
1349 3632 1438 3645 -
1484 3600 1595 3660 σοῦ
1640 3595 1809 3673 τάδ’,
1858 3599 1966 3663 οὐκ
2008 3598 2157 3675 ἐμοῦ
2206 3596 2435 3670 κλύεις.

380 3708 516 3771 sive
561 3702 730 3787 apud
774 3698 1099 3767 Gallicum
1143 3704 1434 3785 poetam:

606 3807 970 3890 Hippobytel
1007 3807 1236 3885 yrande
1268 3805 1512 3868 Diem-l
1559 3844 1646 3855 —
1680 3807 1816 3871 c'est
1852 3808 1940 3872 toi
1975 3809 2083 3893 qui
2124 3808 2240 3873 ἱάε
2272 3806 2516 3873 ιιοιιυκέ.

382 3914 549 4001 quod
578 3920 716 3978 tam
737 3910 1063 3996 splendide
1086 3930 1279 3994 quam
1303 3911 1633 3995 perspicue
1655 3911 1902 3977 dictum
1927 3919 2042 3978 est.
2092 3912 2252 3993 Quis
2273 3916 2482 4001 igitur
2501 3914 2609 3980 vel
2632 3934 2755 3979 me·

382 4022 611 4087 diocris
625 4019 891 4102 scriptor
913 4016 1014 4080 his
1031 4016 1374 4080 addidisset
1391 4016 1733 4100 insipidam
1753 4019 2340 4102 interpretationem
2356 4018 2541 4083 hanc:
2565 4019 2755 4084 OTA'

384 4128 505 4203 ἐγώ
553 4126 678 4200 εἰμι
724 4123 753 4187 ὃ
795 4126 1005 4186 ταῦτα
1052 4121 1257 4197 λέγων
1304 4120 1483 4184 ἀλλὰ
1530 4121 1627 4185 σύ.
1722 4121 1848 4186 Fac
1892 4122 2067 4186 idem
2109 4125 2177 4187 in
2224 4143 2513 4189 sermone
2560 4121 2759 4190 Galli-

381 4248 487 4295 co:
535 4228 795 4293 laudato
840 4226 1092 4292 Racinii
1136 4225 1449 4290 versiculo
1495 4226 1655 4291 adde
1695 4226 2065 4292 huiusmodi
2104 4228 2255 4312 quid
2279 4274 2297 4303 ,
2363 4230 2548 4293 cuius
2578 4248 2761 4293 aures

379 4354 451 4400 ea
496 4332 897 4397 sustinebunt
939 4328 1198 4398 audire?
1245 4329 1488 4396 Suntne
1542 4332 1806 4397 sortasse
1851 4331 1951 4397 illi
1998 4334 2066 4398 in
2113 4333 2444 4400 scribendo
2490 4335 2762 4419 castiga-
