2934 5050
1099 318 1501 365 continentem
1548 318 1778 364 ιΑτιΝΑ.
2495 306 2623 368 597

355 482 659 549 Similiter
701 486 864 570 quod
910 497 1088 573 turpe
1132 487 1271 551 avis
1316 498 1477 565 erae,
1522 486 1772 552 decebat
1817 483 2152 551 Iuvenalis
2189 485 2498 571 aequales.

1224 591 1356 657 Sat.
1406 591 1506 666 11,
1554 596 1636 657 45

905 693 1149 760 faciunt
1198 716 1257 760 ιιι
1309 716 1536 769 rauna,
1585 704 1739 761 cett.

346 798 785 864 Coniecturam
837 819 1043 865 meam
1084 820 1293 865 emona
1338 800 1442 887 (el.
1490 801 1614 879 vt,
1675 807 1792 866 154
1844 808 1909 864 et
1962 800 2127 877 xlv,
2172 801 2285 887 57)
2327 801 2454 866 iam
2499 819 2630 866 me-

264 904 528 968 moravit
577 902 901 969 Scholtius
951 905 1012 969 in
1058 902 1383 971 dissertat.
1437 925 1584 991 pag.
1646 908 1760 979 10,
1811 924 1927 970 nee
1975 906 2363 970 sententiam
2416 914 2620 971 muto.

258 1005 467 1092 Neque
515 1008 688 1074 enim
745 1010 938 1093 plura
1002 1028 1115 1095 pro
1174 1009 1365 1094 plura
1426 1010 1599 1074 mala
1660 1017 1773 1074 aut
1833 1028 1947 1093 pro
2003 1008 2152 1094 plus
2195 1009 2351 1074 mali
2397 1007 2624 1075 Latine

258 1111 397 1194 poni
456 1131 641 1198 posse
700 1112 1017 1190 arbitror,
1083 1132 1288 1199 neque
1352 1113 1469 1180 hoe
1543 1134 1714 1179 niune
1785 1113 2167 1199 quaeritur,
2241 1112 2371 1177 utri
2429 1112 2623 1197 plura

254 1212 484 1282 saciant
533 1216 655 1282 viri
703 1236 782 1282 an
840 1217 1176 1295 mulieres,
1226 1216 1335 1284 sed
1385 1219 1516 1283 utri
1568 1219 1824 1305 peiora,
1891 1216 2434 1302 quemadmodum
2486 1218 2623 1302 lege

253 1317 611 1396 Scantinia,
658 1341 824 1408 quae
872 1323 1001 1389 lata
1047 1332 1146 1389 est
1189 1310 1512 1389 in'molles
1549 1325 1660 1409 qui
1689 1322 1961 1388 nefanda
1991 1341 2219 1388 venere
2248 1329 2622 1398 uterentur,

248 1443 281 1489 e
318 1423 627 1491 Laroniae
665 1429 982 1493 sententia
1027 1428 1240 1513 peiora
1286 1427 1720 1514 puniebantur
1758 1426 2001 1513 flagitia
2042 1445 2236 1513 quam
2277 1425 2416 1512 lege
2457 1426 2616 1492 iulia

248 1527 322 1594 de
364 1527 736 1605 adulteriis,
785 1550 979 1616 quam
1032 1532 1220 1596 modo
1269 1541 1449 1617 poeta
1490 1533 1738 1596 vocavit
1786 1552 2070 1597 amaram
2115 1532 2402 1597 omnibus
2434 1541 2619 1618 atque

195 1633 360 1718 ’ipsi
433 1634 660 1700 Veneri
713 1633 1027 1722 Martique
1093 1637 1458 1703 timendam.
1573 1638 1748 1717 Quae
1809 1637 1941 1702 sint
2008 1634 2346 1702 adulteriis
2402 1637 2619 1723 peiora

244 1737 467 1806 deinde
540 1739 808 1806 Laronia
874 1752 1135 1807 enarrat
1197 1761 1320 1806 vss,
1386 1745 1473 1807 ⁴6
1531 1762 1668 1828 sqq.
1762 1739 2175 1827 Corruptelae
2240 1739 2449 1807 facilis
2516 1748 2618 1806 est

239 1842 596 1929 explicatio.
648 1843 913 1911 PLVRA
961 1863 1163 1931 prono
1206 1865 1463 1923 errore,
1515 1844 1623 1911 eui
1674 1845 1927 1912 favebat
1973 1864 2248 1931 sequens
2285 1865 2613 1922 numerus,

239 1947 300 2013 in
350 1946 656 2016 PEIORA
705 1950 989 2029 abierat,
1041 1968 1167 2036 quo
1218 1948 1403 2015 -l'aeto
1462 1971 1661 2016 ruens
1731 1961 2009 2017 metrum
2079 1949 2403 2016 fulserunt
2467 1932 2609 2015 edr-

237 2059 517 2119 rectores
567 2053 809 2119 inserto
857 2055 1251 2141 pronomine.
1346 2054 1527 2136 Quod
1567 2064 1781 2122 autem
1833 2054 2157 2122 Seboltius
2196 2052 2375 2118 addit
2417 2072 2608 2120 versu

231 2159 517 2243 sequenti
572 2178 687 2244 pro
732 2180 1032 2225 numerus
1078 2161 1321 2245 requiri
1371 2181 1601 2225 cuneus
1649 2161 1905 2247 paucis,
1970 2168 2043 2226 ut
2089 2157 2408 2233 arbitror.
2465 2177 2605 2245 per-

227 2260 535 2330 suadebit.
640 2262 988 2330 Contendit
1046 2264 1220 2330 enim
1286 2263 1556 2330 Laronia
1620 2264 1789 2349 quod
1842 2284 2062 2330 verum
2114 2273 2211 2330 est
2263 2264 2352 2350 (et
2402 2263 2497 2329 vel
2545 2264 2599 2328 si

227 2383 441 2432 verum
510 2387 640 2433 non
707 2380 876 2434 esset
937 2388 1121 2439 suam
1186 2389 1447 2436 eausam
1512 2367 1875 2435 defendenti
1944 2370 2260 2456 potuisset
2306 2367 2596 2454 concedi)

227 2471 529 2540 maiorem
579 2492 718 2540 esse
757 2492 1102 2541 numerum
1144 2475 1431 2541 virorum
1480 2473 1846 2561 probrosam
1889 2480 1954 2539 et
1979 2470 2361 2559 flagitiosam
2397 2473 2591 2540 vitam

224 2576 580 2645 viventium
629 2598 820 2665 quam
870 2578 1242 2646 mulierum.

1198 2686 1329 2752 Sat.
1378 2686 1459 2762 11,
1515 2690 1620 2751 78.

1128 2789 1304 2856 dedit
1354 2789 1521 2855 bane
1564 2790 1845 2875 contagio
1888 2789 2129 2867 labem,

529 2901 603 2960 et
648 2894 828 2961 dabit
876 2897 938 2960 in
991 2893 1239 2983 plures:
1289 2896 1456 2961 sieut
1507 2914 1662 2980 grex
1715 2902 1887 2960 totus
1936 2893 1999 2958 in
2048 2895 2223 2979 agris

530 3000 732 3066 unius
778 2999 993 3067 scabie
1039 3000 1212 3066 eadit
1253 3010 1321 3066 et
1368 2999 1696 3087 porrigine
1744 2998 1944 3082 porci,

529 3122 786 3191 uvaque
829 3116 1148 3192 conspecta
1197 3105 1459 3172 livorem
1511 3105 1692 3170 ducit
1736 3102 1818 3168 ab
1869 3123 2011 3168 tiva.

300 3206 665 3275 Audiamus
732 3208 1193 3277 Weidnerum:
1261 3210 1387 3276 »Es
1433 3208 1695 3274 handelt
1743 3207 1879 3273 sich
1931 3227 2057 3274 nur
2102 3228 2225 3276 von
2273 3207 2416 3277 dem
2470 3228 2592 3276 nat,

218 3311 902 3388 »ttirliebenFai-ben
969 3313 1082 3380 des
1130 3313 1450 3381 Trauben.
1548 3312 1777 3378 Zuerst
1838 3310 2007 3379 sarbt
2077 3313 2213 3379 sich
2287 3333 2413 3380 nur
2482 3312 2590 3380 die

219 3433 484 3485 »aussen
550 3435 656 3482 am
726 3418 1102 3484 Weinstock
1153 3416 1666 3503 hervorragende
1729 3415 2020 3495 Traube,
2068 3439 2190 3485 uva
2234 3428 2589 3504 conspecta,

216 3518 419 3587 »daun
466 3521 824 3589 verbreitet
867 3523 1004 3589 sieb
1052 3523 1396 3589 almahlieh
1443 3522 1549 3588 die
1585 3520 1790 3588 Farbe
1822 3520 1989 3588 auch
2031 3522 2196 3594 uber
2232 3521 2336 3589 die
2372 3523 2589 3587 inner-

218 3622 400 3690 -balb
444 3626 567 3693 des
626 3626 1045 3694 Weinlaubes
1111 3627 1248 3694 sich
1323 3624 1744 3693 befindenden
1808 3625 2175 3692 Trauben.''
2268 3626 2589 3692 Germano

215 3728 519 3797 scribenti
562 3730 641 3797 de
686 3733 814 3796 vini
868 3732 1125 3798 cultura
1167 3733 1426 3799 tametsi
1472 3750 1594 3796 non
1632 3728 1896 3796 eredere
1923 3730 2137 3807 nefaS,
2187 3730 2342 3817 quid
2371 3738 2585 3795 tamen

215 3830 290 3899 ad
334 3854 471 3901 rem
525 3834 721 3902 faeiat
770 3836 926 3903 haee
972 3836 1300 3902 adnotatio
1347 3835 1841 3921 haudquaquam
1895 3835 2221 3919 intellego,
2269 3837 2461 3920 quia,
2514 3846 2587 3902 ut

216 3956 431 4005 verum
482 3940 572 4005 sit
633 3959 758 4005 non
823 3940 902 4007 de
962 3943 1341 4028 contagione
1385 3942 1604 4027 itaque
1651 3940 1730 4005 de
1779 3939 1998 4004 morbo
2045 3938 2261 4025 aliquo
2307 3959 2580 4006 uvarum

216 4043 313 4128 agi
362 4043 562 4132 (quod
619 4054 834 4112 tamen
901 4057 1157 4135 propter
1202 4063 1580 4133 praegressa
1627 4046 2035 4130 suspicemur
2080 4063 2277 4129 paene
2324 4063 2584 4111 necesse

214 4147 375 4234 est),
423 4149 1000 4217 demonstrandum
1065 4151 1276 4218 fuerat
1340 4171 1534 4218 unam
1590 4169 1778 4215 uvam
1827 4150 2101 4215 colorem
2152 4169 2344 4216 suum
2397 4159 2583 4217 natu·

219 4250 407 4319 ralem
480 4252 719 4321 ducere
771 4256 850 4320 ab
904 4256 1103 4322 altera
1129 4276 1177 4334 ,-
1218 4265 1289 4322 ut
1335 4276 1461 4321 una
1511 4255 1645 4320 ovis
1695 4273 1990 4339 unusque
2037 4273 2271 4340 poreus
2317 4274 2579 4321 causam

217 4359 533 4435 eontinet,
602 4380 720 4425 eur
782 4361 979 4427 altera
1051 4363 1184 4426 ovis
1249 4361 1535 4445 alterque
1605 4379 1835 4444 porcus
1900 4366 2206 4444 aegrotet.
2306 4360 2434 4425 Hac
2505 4360 2582 4424 de
