2934 5050
1047 310 1133 357 Μ)
1183 305 1711 355 τΗΕσΡῊῙιΑΒτυΜ.
2488 281 2575 345 57

219 482 538 548 διακεῖσθαι
597 482 854 568 perinde
916 484 1012 544 est
1071 501 1274 541 carum
1331 479 1544 542 habere
1601 486 1664 543 et
1729 499 1928 541 carum
1990 496 2127 538 ease.
2222 474 2576 558 Xenophon

216 591 395 652 Anah.
441 588 525 652 Π.
577 587 636 651 5.
685 585 793 652 27.
843 587 869 650 ὁ
919 584 1240 662 Κλέαρχος
1288 581 1464 656 δῆλος
1513 578 1582 654 ἦν
1627 582 1792 648 πάνυ
1838 586 2096 662 φιλικῶς
2144 579 2407 655 οἰόμενος
2447 579 2571 643 δια·

216 694 435 757 κεῖσθαι
482 696 564 773 τῷ
607 691 1025 772 Τισσαφέρνη.
1072 688 1239 773 quod
1276 695 1372 752 est
1410 687 1574 752 πάνυ
1605 689 1960 770 φιλεῖσθαι,
2009 706 2134 749 non
2170 691 2400 767 φιλεῖν.
2470 682 2578 747 Sic

214 803 272 861 et
332 795 576 877 ἀλαζών
641 803 851 862 noster
918 815 983 859 se
1049 792 1406 857 Alexandro
1469 796 1751 858 amicum
1809 812 1881 856 ae
1939 790 2323 856 familiarem
2383 790 2582 852 fuisse

213 902 497 967 iactabat.

293 1111 452 1176 Ibid.
501 1111 608 1176 καὶ
655 1115 867 1174 ταῦτα
915 1114 1301 1189 ψηφῆσαι
1349 1108 1620 1184 οὐδαμοῦ
1670 1109 1739 1171 ἐκ
1777 1115 1887 1181 τῆς
1920 1104 2155 1177 πόλεως
2190 1105 2574 1179 ἀποδεδημη-

209 1215 367 1303 κώς.]
469 1216 654 1296 Quod
710 1216 875 1281 mihi
933 1217 1001 1279 in
1060 1220 1344 1279 mentem
1400 1218 1660 1278 venerat
1725 1216 2012 1295 ψοφῆσαι
2032 1261 2050 1284 .
2122 1211 2292 1275 idem
2340 1208 2579 1275 Orellio

210 1320 509 1404 placuisse
566 1321 770 1387 video.
866 1318 1123 1404 Optime
1180 1318 1386 1399 ψόφος
1449 1325 1515 1383 et
1572 1323 1801 1399 ψοφεῖν
1864 1317 1941 1382 de
2000 1320 2174 1381 inani
2236 1316 2573 1381 verborum

209 1425 427 1491 tinnitu
471 1428 768 1510 usurpari
814 1425 993 1490 solet.
1087 1423 1307 1488 Alexis
1350 1423 1661 1489 Athenaei
1705 1444 1852 1510 pag.
1904 1419 2053 1486 336.
2105 1440 2168 1486 n.

610 1530 825 1608 ἀρεταὶ
874 1529 936 1594 δὲ
984 1528 1317 1608 πρεσβεῖαί
1361 1553 1430 1594 τε
1476 1528 1579 1592 καὶ
1629 1530 1965 1608 ςρατηγίαι

577 1634 839 1712 ’κόμποι
887 1634 1039 1698 κενοὶ
1086 1637 1392 1713 ψοφοῦσιν
1436 1634 1572 1697 ἀντ’
1616 1633 1919 1698 όνειάτων.

213 1740 282 1806 de
323 1741 592 1805 caeteris
636 1742 876 1825 optime
893 1787 909 1814 ‚
958 1740 1068 1804 sed
1110 1742 1359 1820 ἀρεταῖς
1408 1739 1562 1823 quid
1605 1738 1710 1802 hie
1755 1735 2039 1824 negotii?
2099 1736 2443 1821 Repererat
2488 1744 2583 1801 ta-

208 1865 349 1909 men
413 1865 646 1911 verum
710 1843 1041 1909 Jacobsius
1105 1851 1375 1909 ’APXAI
1398 1892 1417 1920 ‚
1487 1843 1595 1908 sed
1663 1845 1996 1928 spernitur.
2114 1841 2283 1906 Tum
2348 1862 2583 1925 repone

212 1947 493 2026 οὐδαμΟῙ
548 1986 634 1998 -
681 1949 1178 2025 οὶποδεδημηκως.

297 2159 458 2226 Ibid.
509 2159 619 2225 καὶ
668 2159 973 2235 διδομένης
1013 2160 1178 2238 αὐτῷ
1218 2155 1548 2235 ἐξαγωγῆς
1590 2154 1787 2227 ξύλων
1828 2159 2084 2227 ἀτελοῦς
2127 2153 2217 2220 ἔτι
2252 2156 2582 2236 ἀπείρηται

213 2259 364 2337 ὅπως
410 2266 564 2341 μηδ’
612 2266 723 2347 ὑφ’
772 2264 894 2335 ἐνὸς
938 2265 1369 2347 συκοφαντηθῇ
1399 2286 1414 2301 ·
1484 2262 1865 2342 ηπεραιτέρω
1909 2268 2276 2344 φιλοσοφεῖν
2324 2269 2589 2341 προσῆκε

213 2367 644 2458 Μακεδόσιν”.]
711 2368 862 2435 Sine
907 2371 1331 2434 controversia
1372 2367 1750 2432 mendosum
1796 2373 1891 2432 est
1933 2368 2281 2446 ἀπείρηται.
2354 2368 2585 2451 Requi-

211 2476 293 2538 rit
334 2477 655 2541 sententia
714 2474 958 2560 aliquid
1017 2475 1181 2559 quod
1242 2479 1454 2539 noster
1516 2471 1763 2551 ἀλαζών
1824 2493 1889 2537 se
1934 2473 2168 2539 dixisse
2214 2479 2324 2538 aut
2371 2474 2590 2538 fecisse

214 2580 473 2658 dixerit,
534 2601 735 2664 quum
780 2583 841 2645 ei
886 2579 1182 2657 ἐξαγωγὴ
1228 2577 1425 2655 ξύλων
1473 2580 1704 2652 ἀτελής
1756 2578 1858 2664 (ex
1904 2578 2301 2657 Macedonia)
2348 2578 2589 2642 offerre-

217 2689 331 2749 tur.
392 2686 487 2751 At
531 2685 698 2750 nihil
742 2684 917 2750 aliud
962 2687 1174 2769 potuit
1218 2685 1450 2750 dixisse
1468 2733 1487 2762 ,
1536 2705 1729 2769 quam
1772 2705 1837 2748 se
1882 2683 1948 2746 id
1994 2700 2377 2759 micussssn,
2427 2680 2585 2753 ὅπως

213 2790 350 2864 μηδ’
397 2791 514 2870 ὑφ’
564 2790 687 2861 ἐνὸς
736 2791 1187 2870 συκοφαντηθῇ.
1280 2788 1503 2874 Itaque
1546 2792 1615 2853 in
1656 2796 1915 2873 promtu
1959 2794 2055 2852 est
2116 2786 2204 2852 ὅτι
2256 2789 2590 2861 οὶπΗΡΝη-

215 2916 332 2958 ται.
425 2895 671 2979 Lepide
715 2895 935 2960 Alexis
981 2895 1149 2978 apud
1192 2894 1425 2959 Athen.
1472 2915 1533 2978 p.
1583 2892 1735 2957 241.
1775 2912 1833 2957 n.
1876 2894 1955 2957 ad
1997 2912 2254 2957 coenam
2292 2898 2593 2957 vocatum

212 2999 489 3084 aliquem
537 3001 788 3065 inducit
831 3002 924 3064 ita
968 2998 1373 3082 loquentem:

1378 3104 1528 3167 ἀλλ’
1576 3103 1956 3184 αἰσχύνομαι

663 3210 765 3273 τὸν
818 3207 1064 3289 Κόρυδον
1112 3210 1161 3274 εἰ
1210 3204 1358 3283 δόξω
1407 3212 1737 3287 ‹rumpes-5221
1783 3232 1940 3274 τισιν

668 3311 821 3379 οὕτω
867 3314 1196 3393 προχείρως
1225 3337 1239 3350 ·
1287 3316 1393 3379 οὐκ
1438 3314 1830 3393 ἀπαρνοῦμαι
1879 3314 1932 3378 δ’
1979 3310 2178 3390 ὅμως,

666 3417 799 3482 οὐδὲ
845 3416 973 3496 γὰρ
1020 3418 1238 3490 ἐκεῖνος
1286 3417 1362 3481 ἂν
1409 3427 1575 3498 καλῇ
1620 3440 1738 3488 τις.

299 3520 548 3587 Deinde
594 3521 1062 3605 Theophrastus
1077 3568 1094 3599 ,
1156 3528 1234 3586 ut
1279 3521 1470 3599 solet,
1535 3528 1790 3606 repente
1835 3523 1916 3588 ad
1957 3528 2197 3587 rectam
2244 3525 2589 3587 orationem

215 3630 485 3692 transitu
545 3626 712 3690 facto
771 3627 985 3712 ipsum
1037 3627 1362 3692 hominem
1406 3628 1655 3692 inducit
1703 3630 1797 3691 ita
1844 3627 2194 3692 dicentem:
2262 3627 2588 3706 περαιτέρω

213 3738 584 3814 φιλοσοφεῖν
629 3733 943 3812 προσήκΕΙ
994 3732 1142 3817 (non
1186 3733 1472 3819 προσῆκε)
1522 3733 1873 3797 Μακεδόσιν
1902 3781 1919 3809 ,
1982 3732 2051 3796 id
2095 3738 2192 3796 est
2238 3732 2593 3809 „sollertiae-3

216 3837 452 3920 aliquid
493 3837 851 3921 Macedones
909 3837 1237 3917 excoqitcvre
1286 3837 1525 3902 debent”
1543 3885 1560 3913 ,
1632 3844 1705 3901 ut
1747 3858 1853 3901 me
1897 3839 1964 3901 in
2012 3858 2156 3902 suas
2201 3842 2409 3921 partes
2454 3857 2590 3920 per-

216 3941 466 4006 trahant
511 3939 771 4005 scilieet.

301 4148 467 4215 Ibid.
530 4149 637 4214 καὶ
699 4151 759 4214 ἐν
798 4160 898 4232 ’τῇ
958 4151 1224 4236 σιτοδείᾳ
1287 4153 1350 4217 δὲ
1396 4156 1472 4226 ὡς
1521 4153 1712 4219 πλείω
1763 4155 1797 4230 ἢ
1845 4154 2027 4220 πέντε
2075 4156 2365 4222 τάλαντα
2418 4156 2585 4235 αὐτῷ

219 4252 450 4330 γένοιτο
495 4254 579 4318 τὰ
630 4255 1091 4323 ἀναλώΜΑΤΑ
1141 4257 1358 4323 διδόντι
1421 4268 1549 4329 τοῖς
1610 4258 1853 4340 ἀπόροις
1899 4267 2016 4327 τῶν
2079 4268 2377 4336 πολιτῶν,
2439 4264 2586 4326 οἰνα-

220 4356 402 4423 mm
447 4358 574 4439 γὰρ
620 4360 684 4424 οὐ
723 4359 1062 4447 macoma]
1116 4361 1536 4430 Scribendum
1581 4366 1881 4442 arbitror,
1926 4371 2002 4432 ut
2040 4370 2109 4432 in
2150 4367 2267 4432 tali
2311 4389 2379 4433 re
2424 4386 2586 4432 asso-
