2934 5050
1003 320 1386 369 rmnonocictt
1435 322 1509 369 ιιι·
1555 321 1803 369 camel.
2457 307 2581 371 117

299 484 455 552 Tria
507 485 939 576 psephismata
986 509 1023 555 a
1071 510 1140 557 se
1186 490 1349 557 lecta
1405 497 1868 556 commemorat
1918 488 2303 557 Plutarchus
2351 491 2417 557 in
2461 492 2580 559 Pe-

212 590 365 657 ricle
426 612 569 680 cap.
633 598 717 660 32
788 596 891 661 καὶ
954 598 1269 679 ψήφισμα
1323 596 1645 673 Διοπείθης
1711 595 1987 677 ἔγραψεν
2043 596 2574 676 εἰσαγγέλλεσθαι

212 697 345 772 τοὺς
391 698 481 765 τοὶ
536 701 669 767 θεῖα
731 703 820 779 μὴ
867 701 1219 783 νομίζοντας
1284 702 1319 779 ἢ
1363 701 1590 782 λόγους
1649 701 1784 785 περὶ
1831 709 1949 767 τῶν
1993 704 2336 785 μεταρσίων
2376 702 2579 769 διδάσ-

213 827 426 878 κοντας
485 806 948 887 ἀπερειδόμενος
1010 810 1093 883 εἰς
1150 807 1456 890 Περικλέα
1515 808 1593 874 δι’
1645 808 2066 891 Ἀναξαγόρου
2115 810 2224 885 την
2268 809 2572 876 ὑπόνοιαν.

213 909 567 990 Δεχομένου
612 911 677 977 δὲ
721 917 831 978 τοῦ
870 913 1062 992 δήμου
1109 917 1214 979 καὶ
1262 912 1652 994 προσιεμένου
1700 914 1819 988 τὰς
1866 913 2173 994 διαβολὰς
2220 912 2405 989 οὕτως
2468 914 2578 993 ἤδη

212 1018 518 1099 ψήφισμα
564 1023 853 1098 κυροῦται
901 1020 1307 1101 Δρακοντίδου
1353 1018 1718 1102 γράψαντος
1757 1015 1917 1094 ὅπως
1956 1022 2008 1087 οἱ
2044 1021 2221 1099 λόγοι
2268 1028 2387 1087 τῶν
2425 1045 2576 1103 χρη·

210 1120 421 1200 μάτων
468 1121 587 1187 ὑπὸ
635 1123 994 1205 Περικλέους
1035 1125 1122 1198 εἷς
1159 1126 1300 1199 τοὺς
1326 1124 1658 1207 Πρυτάνεις
1697 1126 2080 1203 άποτεθεῖεν,
2128 1127 2179 1192 οἱ
2221 1126 2284 1191 δὲ
2329 1126 2578 1196 δικαςαὶ

210 1229 313 1304 τὴν
355 1232 576 1312 ψῆφον
608 1228 737 1293 άπὸ
775 1234 884 1295 τοῦ
922 1229 1140 1309 βωμοῦ
1185 1229 1473 1315 φέροντες
1522 1231 1582 1295 ἐν
1612 1240 1707 1314 ,τῇ
1756 1227 1931 1297 πόλει
1979 1232 2241 1313 κρίνοιεν.
2330 1230 2580 1310 ’Λγνων

214 1331 271 1399 δὲ
313 1337 496 1400 τοῦτο
538 1334 657 1413 μὲν
689 1338 922 1419 ἀφεῖλε
962 1340 1069 1402 τοῦ
1093 1337 1510 1420 ψηφίσματος
1535 1385 1553 1415 ,
1602 1335 1900 1417 κρίνεσθαι
1940 1337 2003 1402 δὲ
2040 1339 2153 1414 την
2189 1336 2357 1413 δίκην
2391 1335 2575 1419 ἔγρα·

211 1445 322 1521 ψεν
363 1442 427 1504 ἓν
474 1441 766 1515 δικαςαῒς
805 1441 1032 1522 χιλίοις
1070 1442 1178 1508 καὶ
1219 1443 1638 1517 πεντακοσίοις
1661 1442 1791 1508 εἴτε
1821 1449 2056 1518 κλοπῆς
2097 1442 2201 1509 καὶ
2224 1443 2416 1525 δώρων
2454 1442 2582 1510 εἴτε

213 1545 433 1612 ἀδικίου
473 1545 769 1626 βούλοιτό
804 1571 898 1622 τις
931 1547 1248 1631 ὀνομάζειν
1284 1551 1396 1624 την
1440 1548 1661 1627 δίωξιν.
1713 1549 1784 1616 In
1830 1548 1931 1616 his
1970 1569 2223 1637 quoque
2248 1547 2582 1636 complura

213 1661 584 1737 comparent
645 1653 971 1731 αὖτολεξεί
1011 1672 1091 1720 ex
1138 1655 1423 1741 antiquis
1474 1656 1909 1721 monumentis
1972 1654 2329 1743 descripta,
2383 1654 2580 1721 veluti

212 1756 651 1836 εἰσαγγέλλειν
710 1758 851 1832 τοὺς
913 1759 1015 1824 τά
1067 1761 1251 1826 θεῖα
1294 1760 1385 1840 μὴ
1440 1760 1796 1843 νομίζοντας
1842 1761 1877 1838 ἢ
1940 1760 2163 1840 λόγους
2210 1760 2387 1843 περὶ
2434 1767 2581 1827 τῶν

211 1863 665 1947 μεταρσίων
704 1862 1129 1939 διδάσκοντας.
1195 1865 1406 1932 Minus
1444 1876 1695 1933 veteres
1733 1865 2032 1933 dicebant
2077 1869 2241 1940 θεοὺς
2286 1869 2376 1947 μὴ
2417 1868 2578 1947 νομί-

214 1965 324 2049 ζειν
361 1979 427 2037 et
467 1970 607 2051 περὶ
654 1972 774 2036 τῶν
801 1971 1138 2053 μετεώρων.
1208 1969 1423 2038 Odiosi
1465 1980 1530 2038 et
1570 1971 1768 2037 invisi
1801 1980 1988 2038 erant
2033 1981 2099 2039 et
2148 1972 2290 2038 vivo
2338 1973 2582 2039 Pericle

213 2083 270 2140 et
303 2074 416 2142 diu
458 2084 683 2164 postea
721 2076 835 2162 qui
872 2096 1215 2164 corporum
1241 2076 1618 2144 caelestium
1647 2087 1861 2143 motus
1886 2076 2406 2165 speculabantur.
2443 2089 2576 2145 Με-

210 2186 655 2265 ταρσιολέσχαι
719 2193 785 2251 et
845 2183 1319 2267 μεταρσιολόγοι
1395 2194 1460 2250 et
1514 2183 1956 2266 μετεωρολόγοι
2021 2191 2087 2250 et
2146 2184 2583 2266 μετεωροκόποι

214 2286 393 2374 vulgo
447 2288 610 2354 dicti
650 2287 745 2376 (et
792 2288 964 2375 apud
1007 2288 1506 2375 Aristophanem
1556 2290 1621 2355 in
1671 2287 1955 2354 Nubibus
2003 2292 2132 2356 532
2173 2298 2238 2357 et
2285 2293 2417 2357 559
2462 2314 2580 2370 με-

211 2393 658 2478 τεωροφένακες
704 2401 771 2460 ct
805 2395 1358 2483 μετεωροσοφιςαί)
1378 2445 1397 2471 ,
1447 2394 1637 2481 vulgo
1685 2394 2045 2481 flagrabant
2086 2395 2326 2462 invidia
2371 2403 2437 2464 et
2467 2406 2584 2465 aut

212 2495 363 2568 ἄθεοι
427 2510 550 2569 aut
593 2501 858 2582 μισόθεοι
914 2510 981 2569 et
1027 2501 1324 2583 θεομισεῑς
1372 2499 1795 2568 habebantur.
1849 2499 2234 2570 Plutarchus
2282 2503 2348 2569 in
2398 2502 2580 2571 Nicia

216 2608 324 2672 23:
379 2611 450 2676 οῦ
516 2608 644 2689 γὰρ
705 2607 1219 2689 ἠνείχοντοποὺς
1266 2607 1670 2691 Φυσικοὺς
1724 2607 1829 2674 καὶ
1894 2610 2577 2692 μετεωρολέσχας

215 2710 347 2778 τότε
384 2711 805 2793 καλουμένους
850 2716 929 2788 ὥς
965 2714 1053 2786 εἷς
1101 2713 1311 2787 αἰτίας
1363 2712 1632 2793 άλόγους
1671 2714 1775 2780 καὶ
1838 2714 2125 2794 δυνάμεις
2181 2716 2578 2797 ἀπρονοήτους

216 2820 310 2884 καὶ
348 2819 938 2900 κατηναγκασμένα
975 2820 1142 2895 πάθη
1176 2818 1605 2899 διατρίβοντας
1651 2819 1724 2884 τὸ
1766 2820 1936 2885 θεῖον.
2030 2817 2360 2900 Quantum
2403 2820 2575 2907 plau·

217 2939 347 2990 sum
405 2934 717 3014 putemus
776 2923 1153 3012 Euripidem
1212 2924 1435 2991 tulisse
1483 2944 1685 3011 quum
1734 2934 2078 2991 caneretur
2127 2927 2189 2990 in
2238 2944 2463 2992 scena:

752 3031 872 3105 Τίς
916 3031 1069 3098 τάδε
1112 3031 1385 3097 λεύσσων
1432 3030 1562 3097 θεὸν
1603 3030 1747 3110 οὐχ)
1794 3038 1916 3096 νοεῖ

745 3136 1214 3221 μετεωρολόγων
1260 3136 1313 3201 δ’
1358 3135 1507 3210 ἑκάς
1553 3134 1758 3218 ἔρριψε

750 3243 1006 3317 σκολιάς
1052 3241 1314 3315 άπάτας
1331 3290 1352 3322 ,
1401 3239 1479 3307 ὧν
1524 3242 1730 3325 άτηροὶ

750 3350 989 3427 γλῶσσ’
1034 3347 1344 3428 είκοβολεῖ
1382 3347 1518 3429 περὶ
1563 3353 1680 3413 τῶν
1726 3348 1981 3431 άφανῶν

922 3453 1088 3520 οὐδὲν
1130 3455 1381 3532 γνώμης
1426 3452 1812 3535 μετέχουσα.

228 3572 359 3624 nam
404 3559 502 3626 sic
546 3556 997 3625 scribendum:
1039 3559 1189 3634 Τίς
1235 3557 1390 3626 τάδε
1438 3557 1745 3639 λεύσσων,
1799 3578 1923 3624 non
1971 3555 2034 3633 ὃς
2080 3558 2234 3626 τάδε
2280 3559 2583 3637 λεύσσων,

232 3668 295 3726 ιιι
335 3671 427 3730 est
474 3662 646 3752 apud
696 3663 1094 3732 Clementem
1147 3664 1325 3731 Alex.
1374 3664 1604 3730 Strom.
1656 3664 1729 3732 V.
1784 3684 1845 3751 p.
1902 3669 2060 3741 732,
2110 3666 2222 3750 qui
2267 3665 2362 3738 τίς
2411 3665 2477 3731 in
2516 3663 2580 3740 ὅς

230 3770 529 3836 convertit
566 3778 640 3836 ut
684 3768 1101 3856 Euripideam
1148 3771 1535 3837 sententiam
1586 3769 1800 3836 verbis
1848 3771 1985 3835 suis
2032 3770 2566 3838 accommodaret.

235 3870 355 3941 Iam
398 3896 547 3944 vero
594 3877 649 3943 si
718 3875 1067 3964 Euripides
1127 3877 1218 3941 ita
1280 3876 1478 3943 sentit
1524 3877 1554 3942 ὃ
1602 3874 1702 3941 ἐπὶ
1752 3883 1969 3951 σκηνῆς
2020 3873 2363 3961 Φιλόσοφος
2425 3876 2581 3963 quid

236 3978 496 4067 reliquos
556 3983 836 4049 sensisse
898 3981 1236 4069 putemus?
1308 3982 1380 4049 In
1447 3980 1730 4048 Platonis
1795 3980 1947 4067 Rep.
2011 3981 2119 4047 VI.
2185 4002 2243 4069 p.
2296 3987 2448 4049 488.
2508 3994 2583 4055 E.

237 4086 495 4155 τοιούτων
540 4089 611 4166 δὴ
657 4088 794 4171 περὶ
839 4089 960 4164 τὰς
1001 4093 1147 4163 ναῦς
1194 4087 1573 4168 γιγνομένων
1617 4089 1721 4153 τὸν
1765 4089 1843 4160 ὥς
1883 4086 2120 4163 άληθῶς
2157 4087 2587 4170 κυβερνητικὸν

238 4189 347 4274 οὐχ
391 4196 536 4274 ἡγεῖ
591 4195 672 4262 ἂν
729 4195 817 4277 τῷ
879 4193 1004 4261 ὄντι
1065 4192 1717 4276 μετεωροσκόπον
1776 4216 1847 4258 τε
1908 4191 2014 4259 καὶ
2080 4189 2353 4274 ἄχρηςόν
2405 4199 2583 4276 σφισι

241 4302 542 4366 καλεῖσθαι
571 4301 688 4366 ὑπὸ
726 4307 845 4367 τῶν
877 4301 940 4366 ἐν
976 4307 1119 4373 ταῖς
1158 4298 1311 4367 οὕτω
1352 4298 1965 4379 κατεσκευασμέναις
2004 4297 2178 4363 ναυσὶ
2222 4300 2583 4380 πλωτήρων,

243 4400 633 4474 vehementer
677 4406 840 4474 mihi
889 4405 1102 4474 mendi
1149 4416 1522 4494 suspectum
1572 4414 1671 4473 est
1713 4401 2204 4487 μετεωροσκόπον
2247 4413 2311 4470 ct
2357 4423 2587 4491 quam-
