2934 5050
1055 302 1139 347 An
1186 300 1717 351 rnorms'rnu.
2502 282 2580 347 71

290 466 449 534 Ibid.
494 467 830 536 Palatinus
872 469 1098 537 habet:
1150 473 1561 555 ὑποπρίασθαι
1600 475 1789 557 φίλου
1829 474 2132 545 δοκοῦντος
2176 472 2321 552 πρὸς
2358 471 2581 552 τρόπου

201 576 554 641 πωλεῖσθαι.
601 575 912 642 Parisini:
950 578 1360 660 ὑποπρίασθαι
1400 582 1588 663 φίλου
1637 580 1957 658 ἐπιλαβὼν
1998 576 2355 645 ἀποδόσθαι.
2409 577 2580 658 Quid

198 683 280 746 sit
323 681 730 762 ὖποπρίασθαι
799 688 864 747 et
924 683 1260 765 ὑποφωνεῖν
1308 686 1704 752 ostendimus
1764 688 1832 751 in
1890 685 2031 751 Var.
2076 685 2264 750 Lecti.
2307 706 2369 770 p.
2424 681 2576 749 138.

197 792 260 852 et
305 786 457 852 364.
505 808 583 854 ex
626 787 996 875 Phrynicho
1046 791 1414 857 emendato:
1464 797 1999 874 ’Τποψωνεῖνε
2050 790 2119 855 τὸ
2167 787 2575 872 ἀγοράζοντός

195 917 346 966 τινος
409 893 558 975 ὄψον
606 890 800 975 ἕτερον
862 904 940 977 τῇ
1000 905 1152 978 τιμῇ
1215 896 1700 979 ὑπερβάλλοντα
1758 899 2054 964 ὠνεῖσθαι.
2127 896 2350 981 Itaque
2411 897 2577 960 ὑπω-

196 999 418 1065 νεῖσθαι
483 1005 548 1065 et
591 1002 662 1069 in
704 1003 937 1069 aoristo
984 1002 1390 1084 ὑποπρίασθαι
1458 1008 1555 1070 est
1597 1003 1773 1069 idem
1823 1004 2181 1088 diciturque
2227 1002 2304 1067 de
2349 1020 2424 1065 eo
2473 999 2579 1085 qui

194 1106 348 1192 quod
385 1105 523 1191 quie
579 1108 864 1171 commode
921 1114 979 1171 et
1023 1130 1095 1172 ea:
1137 1108 1326 1173 animi
1368 1110 1663 1174 amentia
1721 1131 1907 1177 emere
1936 1114 2117 1192 paret
2170 1109 2312 1183 dato
2356 1105 2579 1170 maiore

182 1212 375 1295 pretio
405 1212 731 1296 praeripit.
803 1212 990 1277 Nunc
1035 1212 1269 1299 duplex
1313 1215 1627 1300 scriptura
1673 1220 1739 1280 et
1782 1214 2105 1280 emendari
2150 1217 2361 1299 potest
2404 1216 2470 1278 et
2506 1212 2577 1276 in

193 1338 391 1383 unum
435 1320 733 1403 componi
778 1320 903 1383 sic:
970 1320 1374 1398 ὑποπρίασθαι
1423 1320 1612 1402 φίλου
1661 1321 1967 1394 δοκοῦντος
2029 1319 2171 1400 πρὸς
2218 1317 2435 1399 τρόπου
2483 1325 2573 1382 ΤΙ

194 1425 493 1491 ὧΝεῖσθαι
561 1431 769 1488 ΕΙΤΑ
832 1425 1046 1502 λαβὼν
1100 1422 1437 1491 ἀποδόσθαι
1457 1476 1473 1490 .
1539 1446 1665 1492 non
1729 1431 1921 1515 egent
1978 1426 2135 1493 haec
2194 1427 2570 1510 interprete3

194 1532 328 1612 πρὸς
375 1529 600 1611 τρόπου
649 1535 747 1595 est
790 1529 964 1609 ὀρθῶς
986 1580 1002 1608 ,
1074 1538 1279 1605 καλῶς
1306 1582 1322 1609 ,
1377 1532 1788 1613 προσηκόντως
1817 1581 1834 1610 ,
1896 1537 1972 1598 ut
2028 1532 2154 1596 ἀπὸ
2215 1530 2434 1611 τρόπου
2494 1530 2577 1592 si-

192 1635 449 1725 gnificat
498 1642 699 1709 κακῶς
721 1685 738 1712 ,
797 1635 1067 1709 ἀτόπως.
1160 1636 1267 1704 Sic
1307 1644 1372 1704 et
1418 1638 1591 1704 κατὰ
1638 1639 1854 1719 τρόπον
1907 1639 2276 1722 saepissime
2321 1636 2575 1700 dicitur.

190 1741 431 1829 Ecquid
496 1747 713 1808 autem
773 1745 1024 1828 turpius
1094 1748 1190 1811 est
1252 1750 1316 1809 et
1378 1744 1693 1810 sordidius
1761 1763 1957 1829 quam
2018 1745 2206 1825 φίλου
2267 1742 2573 1811 δοκοῦντος

192 1849 462 1914 ὠνεῖσθαί
509 1872 567 1914 τι
615 1848 759 1929 πρὸς
809 1846 1030 1929 τρόπου
1079 1849 1490 1930 ὑποπρίασθαι
1538 1846 1677 1915 εἶτα
1724 1849 2014 1928 λαβόντα
2062 1843 2438 1913 ἀποδόσθαιῖ

274 2059 437 2127 Ibid.
491 2059 597 2125 καὶ
645 2059 819 2140 παρά
867 2059 1085 2134 παιδὸς
1151 2059 1544 2142 κομιζόμενος
1606 2061 1927 2146 ἀποφορὰν
1995 2066 2102 2127 τοῦ
2163 2063 2416 2141 χαλκοῦ
2463 2058 2573 2131 τὴν

194 2167 784 2245 ἘΠΙκαταλλαγίιν
837 2168 1341 2253 προσαπαιτεῖν]
1421 2167 1643 2253 Neque
1690 2166 2268 2234 ε’πικαταλλάττειν
2314 2163 2576 2231 Graecis

192 2275 260 2338 de
291 2273 548 2337 nummis
579 2272 997 2355 permutandis
1041 2275 1110 2338 in
1148 2294 1272 2355 usu
1314 2277 1410 2339 est.
1453 2295 1657 2358 neque
1697 2274 1849 2339 adeo
1896 2272 2424 2350 ἐπικαταλλαγή,
2468 2268 2576 2334 sed

193 2380 661 2445 καταλλάττειν
699 2378 992 2443 dicebant
1039 2385 1395 2444 constanter
1432 2400 1652 2445 omnes
1691 2386 1756 2445 et
1779 2380 2243 2465 permutationis
2272 2378 2539 2463 pretium
2554 2422 2572 2454 ,

192 2484 539 2553 numularii
574 2482 918 2562 lucellum,
966 2485 1205 2571 ubique
1242 2487 1630 2565 καταλλαγή
1674 2485 2049 2573 appellatur.
2114 2484 2573 2554 Demosthenes

191 2614 328 2683 pag.
375 2590 591 2668 1216,
643 2589 749 2655 18.
797 2587 947 2655 οὕτω
1008 2589 1133 2670 γάρ
1191 2615 1294 2669 μοι
1353 2592 1622 2672 ἀκριβῶς
1684 2593 2042 2675 ἐγέγραπτο
2103 2591 2206 2662 ὦς’
2260 2593 2326 2657 οὐ
2392 2589 2570 2670 μόνον

195 2699 351 2765 αὖτά
406 2722 513 2779 μοι
570 2695 1008 2773 τάναλώματα
1057 2696 1416 2777 ἐγέγραπτο
1477 2697 1653 2762 ἀλλὰ
1715 2699 1818 2763 καὶ
1867 2696 1999 2765 ὅποι
2061 2698 2335 2773 ἀνηλώθη
2383 2696 2487 2761 καὶ
2538 2693 2574 2760 δ’

195 2831 249 2870 τι
293 2804 620 2871 ποιούντων
665 2801 770 2866 καὶ
822 2803 856 2878 ἧ
902 2804 1053 2880 τιμὴ
1113 2802 1207 2874 τίς
1258 2796 1324 2876 ἦν
1373 2803 1479 2867 καὶ
1528 2803 1804 2882 νόμισμα
1870 2804 2145 2870 ποδαπὸν
2192 2803 2298 2867 καὶ
2347 2798 2568 2866 ὁπόσου

197 2914 228 2986 ἧ
271 2908 663 2986 καταλλαγῆ
712 2905 780 2982 ἦν
837 2909 922 2989 τῷ
969 2909 1275 2989 ἀργυρίῳ,
1337 2910 1452 2974 ubi
1500 2913 1728 2997 corrig.
1788 2913 1937 2988 τιμὴ
1984 2911 2164 2982 Ἥτις
2215 2906 2284 2984 ἦν
2330 2911 2430 2971 καὶ
2482 2906 2570 2971 νό-

195 3041 394 3094 μισμα
468 3012 849 3080 Ὀποδαπόν.
944 3013 1088 3078 Non
1159 3020 1255 3078 est
1322 3013 1496 3080 aliud
1564 3018 2009 3080 testimonium
2076 3018 2144 3080 in
2204 3015 2367 3079 hanc
2433 3032 2568 3076 rem

196 3120 577 3189 luculentius
621 3140 817 3205 quam
859 3118 1109 3204 Diphili
1156 3118 1324 3204 apud
1369 3120 1601 3185 Athen.
1650 3143 1711 3207 p.
1757 3121 1888 3188 225
1936 3141 1993 3187 n.

457 3223 631 3299 οὗτος
678 3221 1024 3304 ἀποκρίνετ’
1076 3223 1153 3289 ἂν
1201 3225 1497 3307 ἐρωτήσῃς
1546 3225 1800 3303 »Πόσου

459 3334 489 3399 ό
538 3328 872 3412 λάβραξ”;
918 3328 1041 3395 δέκ’
1088 3330 1352 3408 ὀβολῶν.
1409 3331 1550 3411 οὐχὶ
1601 3332 1873 3414 προσθεὶς
1924 3333 2274 3399 ὁποδαπῶν.

460 3438 655 3506 ἔπειτ’
704 3437 811 3502 ε’ἀν
855 3436 1176 3518 τάργύριον
1227 3438 1395 3517 αὐτῷ
1445 3437 1833 3521 καταβάλῃς

460 3543 768 3627 ἐπράξατ’
813 3544 1164 3620 Αἰγιναῖον·
1217 3540 1294 3608 ἂν
1343 3541 1397 3606 δ’
1448 3542 1635 3609 αὐτὸν
1684 3543 1781 3627 δέῃ

463 3651 722 3733 κέρματ’
769 3649 1095 3714 ἀποδοῦναι
1143 3647 1614 3728 προσαπέδωκεν
1661 3651 1964 3717 Ἀττικά.

465 3758 611 3823 κατ’
659 3754 995 3837 ἀμφότερα
1040 3752 1104 3818 δὲ
1148 3754 1256 3828 τὴν
1307 3757 1728 3834 καταλλαγὴν
1776 3754 1936 3839 ἔχει.

283 3862 481 3930 Nulla
522 3865 727 3951 igitur
764 3860 1082 3924 dubitatio
1126 3862 1221 3923 est
1265 3861 1418 3943 quin
1458 3857 1929 3946 Theophrastus
1964 3881 2211 3946 quoqne
2256 3862 2577 3946 scripserit

204 3968 306 4042 τὴν
348 3968 824 4044 ΚΛΤαλλαγῆν
882 3971 1332 4045 προσαπαιτεῖν
1380 3970 1444 4030 et
1506 3964 1606 4030 ε’πι
1672 3967 1894 4033 eodem
1956 3987 2161 4032 errore
2222 3967 2577 4034 adhaeserit

206 4094 323 4160 qno
364 4096 497 4161 cap.
540 4074 603 4141 2.
665 4076 735 4139 in
791 4069 988 4137 Oodd.
1035 4070 1113 4136 A.
1162 4068 1236 4134 Β.
1304 4076 1401 4135 est
1459 4073 1896 4152 συνωνούμενος
1945 4073 2413 4155 ἘΠΙκρηπῖδας
2462 4095 2575 4161 pro

85 4241 96 4252 .
208 4181 517 4260 κρηπῖδας.

294 4391 450 4462 Ibid.
500 4397 601 4461 καὶ
651 4394 828 4476 χρέος
878 4386 1109 4478 (ΡῧῙῧῐο
1148 4387 1328 4477 κρὲη)
1373 4390 1691 4468 ἀποδιδοὺς
1738 4393 2064 4475 τριάκοντα
2112 4400 2272 4468 μνῶν
2317 4393 2575 4456 ἔλαττον
