2934 5050
371 297 499 359 254
1229 351 1239 362 .
1355 312 1756 359 nisantium

367 498 518 545 nam
566 481 662 546 sic
711 478 1123 548 scribendum
1173 501 1349 558 esse,
1399 501 1527 547 non
1573 480 1775 562 χαίρω
1821 479 1900 560 γέ
1946 486 2027 557 τ’,
2072 476 2154 555 ὦ,
2201 474 2375 565 quod
2416 471 2694 542 Nauckius

364 583 542 652 dedit
599 585 871 673 Fraqm.
941 585 1140 673 Troy..
1204 608 1262 674 p.
1310 592 1477 664 451,
1527 587 1622 652 vel
1674 585 2009 674 Sophoclis
2054 584 2233 651 locus
2278 581 2567 649 declarat.
2642 577 2698 646 Si

363 692 566 774 χαίρω
635 716 707 757 σε
769 694 1160 776 εὐτυχοῦντα
1206 695 1563 761 rectissime
1613 691 1889 770 dicitur,
1940 693 2141 758 etiam
2193 688 2474 773 ἄχθομαί
2515 711 2578 753 σε
2616 684 2699 751 δυ·

364 802 685 878 ςυχοῦντα
756 800 998 885 optime
1063 799 1342 867 dicetur.
1441 800 1578 865 Duo
1641 806 1895 864 tantum
1970 797 2165 865 huius
2236 816 2396 863 usus
2455 787 2702 878 exempla

367 903 539 991 apud
605 906 954 990 scriptores
1018 904 1295 973 Graecos
1357 912 1727 992 supersunt.
1827 904 2127 972 Primum
2169 898 2591 989 Xenophontis
2626 903 2703 962 est

366 1011 442 1077 de
504 1009 658 1098 Rep.
721 1010 946 1076 Athen.
1013 1011 1090 1077 ll.
1159 1016 1257 1077 18.
1322 1008 1438 1080 ὥςε
1487 1011 1618 1078 οὐδὲ
1658 1010 1799 1084 τοὺς
1849 1011 2151 1085 τοιούτους
2190 1008 2490 1089 ἄχθονται
2532 1026 2703 1085 κωμῳ-

364 1114 707 1196 δουμένους.
805 1115 1098 1183 Alterum
1140 1116 1473 1204 Eupolidis
1523 1114 1693 1203 apud
1737 1115 2135 1182 Scholiasteu
2184 1115 2610 1181 victorianum
2643 1104 2704 1173 ad

368 1222 445 1289 ΙΙ.
509 1230 597 1289 Ν.
664 1227 793 1288 355
854 1222 1163 1304 Τρωσὶν
1216 1224 1841 1302 δαμναμένουςι
1895 1218 1986 1292 ἔςι
2033 1221 2105 1287 τὸ
2142 1230 2256 1297 τῆς
2302 1219 2578 1304 φρώσεως
2622 1216 2705 1296 ἆρ-

367 1336 578 1408 χαῒον.
628 1327 904 1401 Εὔπολις
952 1329 1013 1394 ἐν
1059 1327 1436 1404 Αὖτολύκοις
1466 1351 1483 1368 ·

779 1433 889 1511 ἤδη
934 1432 1063 1516 γὰρ
1108 1436 1478 1518 Ἀρίςαρχον
1526 1435 1934 1517 στρατηγοῦντ’
1979 1431 2288 1516 ἄχθομαι.

373 1558 500 1607 non
547 1545 799 1624 poterat
849 1539 1083 1607 melius
1131 1542 1495 1628 exemplum
1547 1539 1798 1608 afferre.

465 1642 629 1710 Sunt
693 1645 953 1711 omnino
1015 1647 1081 1712 in
1147 1645 1421 1712 Scholiis
1466 1645 1858 1713 Victorianis
1924 1646 2378 1712 annotationes
2427 1638 2714 1741 quantivis

376 1751 587 1837 pretii.
684 1750 889 1832 Quam
933 1751 1158 1818 vellem
1207 1752 1375 1819 scire
1415 1754 1562 1839 quis
1601 1755 1684 1819 sit
1723 1762 1787 1819 et
1831 1751 2000 1819 unde
2041 1751 2229 1816 domo
2271 1762 2333 1818 et
2377 1752 2547 1816 circa
2583 1765 2716 1834 quae

374 1864 663 1943 tempora
718 1858 952 1923 vixerit
1016 1866 1242 1923 auctor
1305 1867 1576 1935 acutuS,
1643 1859 2058 1944 ingeniosuS‚
2124 1876 2315 1944 saepe
2362 1852 2718 1922 ludibundus

374 1970 441 2028 et
502 1964 789 2039 iocosus,
838 1973 901 2028 et
950 1962 1240 2029 doctrina
1294 1962 1624 2049 praeditus
1688 1972 1819 2029 tam
1880 1963 2083 2028 multa
2147 1972 2209 2029 et
2259 1962 2512 2049 copiosa
2557 1974 2717 2046 quam

375 2068 654 2154 eleganti
698 2077 763 2135 et
808 2070 1152 2155 exquisita.
1227 2068 1398 2136 Nihil
1448 2068 1529 2135 de
1580 2070 1771 2135 trivio
1818 2078 2148 2142 sumtum,
2192 2068 2301 2134 sed
2353 2087 2510 2134 nova
2551 2065 2718 2152 plera·

373 2195 501 2259 que
546 2183 611 2240 et
656 2176 895 2247 eximia
946 2173 1185 2261 profert
1223 2195 1300 2241 ex
1343 2176 1587 2263 optimo
1630 2195 1887 2264 quoque
1930 2194 2152 2241 severo
2179 2173 2435 2241 delectu
2458 2170 2718 2240 delibata.

380 2279 503 2347 Sed
535 2280 709 2348 male
752 2280 994 2347 sactum
1039 2279 1206 2368 quod
1250 2280 1615 2369 praeclarae
1661 2282 1971 2368 ingeniosi
2015 2282 2136 2346 viri
2167 2278 2721 2347 animadversiones

382 2395 511 2453 tam
576 2385 863 2466 lacerae,
926 2395 1057 2453 tam
1124 2388 1462 2454 mutilatae
1522 2398 1587 2454 et
1646 2386 1948 2454 omnibus
1994 2385 2202 2453 modis
2252 2387 2565 2473 flagitiose
2606 2399 2721 2449 cor·

382 2500 609 2578 ruptae
656 2492 734 2586 apd
787 2513 903 2560 nos
953 2501 1412 2581 pervenerunt.
1513 2492 1858 2561 Ostendam
1909 2493 1973 2559 in
2027 2513 2175 2560 una.
2248 2491 2343 2559 Ad
2386 2492 2458 2560 Il.
2507 2501 2573 2562 Ξ.
2619 2488 2724 2555 250

745 2609 991 2680 Λῆμνον
1037 2602 1089 2666 δ’
1136 2602 1510 2682 εἰσαφίκανε
1557 2602 1737 2669 πόλιν
1782 2601 1951 2667 θείοιο
2001 2601 2294 2675 Θόαντος.

380 2706 709 2771 annotatio
734 2726 810 2772 ex
864 2707 1106 2773 Victor.
1163 2706 1315 2773 baec
1355 2707 1682 2794 adscripta
1723 2716 1854 2774 est:
1890 2712 1914 2740 *
1946 2709 1976 2740 '⁴
2008 2709 2037 2743 ¹*
2068 2709 2099 2741 ⁴
2141 2704 2260 2778 ἔτι
2306 2730 2430 2779 τις
2472 2703 2729 2785 γείτων

379 2811 651 2884 πόλις.
717 2813 856 2878 ἀντὶ
922 2817 1028 2878 τοῦ
1098 2821 1367 2888 νῆσος.
1422 2815 1473 2880 οἱ
1522 2813 1583 2880 δὲ
1628 2815 1767 2881 οὶντὶ
1815 2818 1923 2880 τοῦ
1970 2814 2226 2895 χώρα.
2276 2815 2339 2881 ἐν
2390 2811 2726 2896 ψηφίσματι

383 2918 413 2949 ⁴
445 2920 475 2951 ⁴
523 2917 759 2984 τίθεται
802 2916 1101 3000 Καρτερός
1141 2919 1308 2988 ἐςιν
1349 2921 1780 2998 Αἴγυπτον
1821 2920 1955 2986 καὶ
1997 2919 2322 2998 Λιβύην
2369 2922 2466 2985 τὼ
2506 2916 2724 2984 πόλεε.

383 3024 656 3090 Possunt
699 3022 855 3090 haec
908 3025 974 3089 in
1019 3025 1344 3111 integrum
1398 3026 1657 3091 restitui
1709 3045 1784 3091 ex
1838 3027 2104 3112 antiqua
2145 3032 2211 3092 et
2252 3023 2611 3112 pet-erudita
2638 3038 2725 3087 ao·

379 3130 705 3196 notatione
754 3127 833 3195 ad
887 3130 1336 3217 Aristophanis
1385 3131 1536 3197 Pac.
1591 3152 1683 3197 vs,
1736 3136 1869 3198 250

742 3246 945 3302 HOA.
995 3238 1061 3302 ἰὼ
1113 3237 1378 3304 Σικελία
1422 3238 1527 3304 καὶ
1576 3238 1651 3304 σὺ
1701 3239 1755 3304 δ’
1802 3240 1880 3312 ὥς
1928 3237 2313 3305 ἀπόλλυσαι.

740 3350 978 3409 ΤΡΤΓ.
1022 3339 1122 3408 οἵα
1168 3342 1346 3417 πόλις
1394 3345 1673 3411 τάλαινα
1721 3344 2282 3421 διακναισθήσεται.

377 3446 695 3516 adscribit
759 3447 1220 3535 Aristophanes
1285 3451 1712 3539 Byzantinus:
1767 3450 1862 3539 (τὸ
1912 3451 1991 3537 Χ)
2065 3445 2158 3516 ὅτι
2216 3449 2397 3516 πόλιν
2456 3443 2583 3515 εἶπε
2636 3444 2729 3519 τὶν

383 3556 680 3622 Σικελίαν
743 3564 915 3632 νῆσον
971 3554 1191 3623 οὖσαν.
1252 3557 1358 3622 καὶ
1412 3555 1689 3640 ’Ὄμηρος
1752 3556 2062 3631 πολλάκις
2116 3557 2237 3631 τὰς
2294 3557 2503 3634 νήσους
2546 3551 2730 3621 πόλεις

377 3669 600 3740 καλεῖ,
649 3663 728 3735 ὦς
767 3660 878 3727 τό·

741 3775 991 3847 Λῆμνον
1040 3767 1091 3833 δ’
1139 3768 1514 3852 εἰσαφίκανε
1555 3766 1734 3835 πόλιν
1779 3769 1951 3837 θείοιο
1999 3767 2292 3844 Θόαντος.

381 3871 488 3938 καὶ
538 3873 828 3955 Πίνδαρος
878 3875 942 3940 δὲ
988 3873 1122 3956 περὶ
1170 3882 1282 3950 τῆς
1330 3875 1610 3954 Αἰγίνης.

1155 3980 1201 4046 αἱ
1242 3981 1358 4059 μὲν
1407 3979 1590 4054 πόλις
1636 3981 1965 4049 Αἰακιδᾶν.

379 4086 484 4153 καὶ
533 4085 865 4168 Εὐριπίδης
919 4084 1082 4173 (Ion.
1134 4086 1320 4174 297.)

853 4192 1073 4272 Εὔβοι’
1119 4192 1407 4268 Ἀθήναις
1454 4192 1552 4264 ἕςί
1594 4215 1688 4269 τις
1737 4192 1965 4272 γείτων
2013 4190 2217 4266 πόλις.
2842 4249 2843 4264 ,

471 4297 870 4379 Quibuscum
936 4317 1168 4385 operae
1228 4299 1509 4385 pretium
1574 4308 1673 4365 est
1725 4317 2108 4385 componere
2164 4296 2537 4365 Strabonem
2584 4286 2729 4358 vttl.
2842 4373 2843 4392 ἢ

380 4425 440 4493 p.
492 4408 644 4472 556.
713 4405 1092 4487 Στησίχορον
1137 4404 1199 4471 δὲ
1241 4413 1457 4473 καλεῖν
1506 4405 1686 4473 πόλιν
1735 4407 1846 4482 τὴν
1894 4405 2106 4487 χώραν
2149 4411 2356 4471 Πῖσαν
2387 4397 2728 4484 λεγομένην,
