2934 5050
1263 289 1606 336 Romnum.
2512 269 2641 337 357
2740 335 2751 338 -

261 460 325 520 et
378 479 449 532 μ.
518 454 623 522 73.
688 455 807 521 δύω
871 458 1160 524 σκόπελοι
1205 464 1269 523 et
1314 459 1404 522 sic
1448 458 1700 543 saepius
1745 456 1921 522 alibi.
1991 455 2337 524 Homerica
2379 477 2635 525 consue-

258 561 413 626 tudo
460 561 674 647 palam
717 559 792 626 fit
836 561 1061 650 Odyss.
1112 587 1160 627 ε.
1213 560 1367 628 388.

532 664 670 733 ἔνθα
717 666 865 732 δύΩ.
913 667 1139 741 νύκτας
1189 667 1320 733 δύο
1370 666 1433 732 τ’
1484 667 1706 745 ἤματα
1751 665 1990 745 κύματι
2038 669 2224 747 πηγῷ

530 772 829 852 πλάζετο.

257 875 429 941 solae
489 879 792 943 metricae
852 880 1125 944 rationes
1185 883 1332 943 utra
1392 881 1480 944 sit
1530 878 1770 963 ubique
1821 880 2134 964 scriptura
2178 879 2351 945 vera.
2375 878 2635 945 demon-

256 986 482 1047 strant.
553 981 775 1068 Itaque
820 986 889 1050 in
932 989 1145 1050 vetere
1191 982 1444 1049 oraculo
1491 983 1572 1049 ad
1615 982 1802 1048 Iliad.
1851 991 1927 1048 E.
1977 981 2084 1048 64.
2130 983 2511 1071 legendum:

528 1089 716 1152 τίπτε
763 1088 910 1155 δύΩ.
957 1089 1261 1165 βασιλῆες
1311 1089 1337 1152 ὅ
1387 1089 1501 1164 μὲν
1545 1088 1761 1167 Τρώων
1809 1088 1837 1152 ὁ
1883 1087 1938 1152 δ’
1985 1088 2265 1168 ’Λχαιῶν

529 1192 719 1257 οὐκέθ’
764 1194 892 1272 ὄμα
940 1194 1285 1274 Φρονέοντες
1334 1194 1480 1270 ἐμὸν
1522 1193 1707 1271 δόμον
1753 1192 2161 1271 εἷσανέβητε;

345 1340 552 1408 Credo
588 1342 948 1409 Homerum
985 1344 1440 1410 Atheniensem
1477 1345 1681 1409 forma
1719 1345 1936 1408 Attica
1970 1364 2162 1408 usum
2185 1343 2380 1409 fuisse
2402 1341 2629 1430 Odyss.

257 1455 332 1511 E.
381 1446 539 1513 260.
587 1450 700 1513 ubi
744 1471 912 1515 nunc
958 1449 1203 1515 editur:

433 1555 498 1618 ἐν
543 1554 597 1618 δ’
646 1555 872 1634 ὑπέρας
918 1577 988 1618 τε
1036 1553 1334 1620 κάλΟἸὊ
1381 1579 1451 1619 τε
1499 1553 1694 1628 πόδας
1740 1556 1798 1619 τ’
1846 1554 2116 1629 ἐνέδησεν
2161 1558 2222 1621 ἓν
2270 1555 2453 1636 αὐτῇ.
2634 1629 2639 1633 ,

258 1660 447 1725 toties
509 1662 683 1724 enim
745 1659 883 1724 vidi
943 1659 1149 1741 κοὶλῳ,
1220 1660 1455 1741 κάλῳς,
1518 1659 1724 1734 κάλως
1785 1660 1956 1726 male
2001 1664 2069 1725 in
2114 1659 2330 1737 κάλοι,
2379 1656 2638 1737 κάλοις,

259 1761 492 1837 κοίλους
533 1765 875 1849 depravata
889 1812 906 1841 ,
947 1770 1024 1828 ut
1058 1765 1226 1829 mihi
1266 1765 1538 1830 subnata
1576 1769 1662 1831 sit
1701 1765 1859 1831 olim
1887 1767 2161 1850 suspicio
2190 1765 2634 1850 perantiquam

256 1871 639 1953 scripturam
705 1878 996 1935 KAAOC
1063 1869 1233 1935 male
1301 1870 1679 1956 descriptam
1751 1871 1945 1936 fuisse
2006 1873 2075 1935 in
2141 1868 2371 1941 κοίλους
2431 1885 2633 1952 quum

253 1971 458 2047 κάλως
537 1976 936 2060 oportuisset.
1024 1974 1098 2039 In
1156 1974 1474 2060 Epicratis
1532 1975 1889 2062 fragmento
1950 1974 2117 2061 apud
2176 1974 2410 2040 Athen.
2471 1990 2621 2058 pag.

260 2076 409 2144 782.
460 2078 534 2144 F.
585 2081 656 2144 in
702 2077 931 2145 Codice
975 2077 1304 2145 Marciano
1351 2085 1483 2145 est:

531 2183 638 2249 καὶ
685 2185 825 2255 τοὺς
871 2181 1095 2256 κάλους
1139 2180 1323 2248 ἔκλυε
1368 2185 1476 2252 καὶ
1521 2185 1710 2265 χάλα
1757 2185 1940 2251 πόδα.

257 2293 422 2354 recte
467 2293 723 2374 recepta
764 2293 861 2354 est
901 2286 1305 2354 Valckenarii
1349 2290 1708 2356 emendatio
1753 2292 2029 2360 adme.
2099 2290 2323 2356 Obiter
2366 2284 2635 2353 emenda

257 2413 518 2459 versum
561 2392 1001 2478 Aristophanis
1044 2397 1112 2458 in
1148 2393 1479 2479 Equicibus
1526 2394 1680 2460 756.

533 2502 632 2564 νῦν
678 2497 749 2573 δή
797 2522 867 2563 σε
912 2499 1127 2565 πάντα
1175 2497 1273 2565 δεῖ
1313 2499 1521 2565 κάλων
1567 2498 1788 2578 ἐξιέναι
1836 2503 2138 2566 σεαυτοῦ.

260 2624 536 2689 namque
596 2606 1004 2689 proverbium
1051 2610 1148 2670 est
1194 2603 1408 2670 πάντα
1458 2615 1576 2670 ΔΗ
1623 2606 1828 2671 κοίλων
1875 2606 2128 2685 ἐξιέναι,
2174 2611 2251 2671 ut
2293 2602 2466 2668 καλοὶ
2519 2607 2638 2665 ΔΗ

260 2718 613 2789 παταγεῖς,
663 2715 739 2774 ut
782 2714 850 2776 in
894 2709 1220 2795 Euripidis
1267 2711 1487 2775 Medea
1533 2709 1687 2776 280.

532 2815 731 2896 ἐχθροὶ
780 2816 906 2896 γὰρ
954 2814 1150 2892 ἐξιᾶσι
1200 2813 1413 2880 πάντα
1459 2815 1529 2888 δὴ
1578 2814 1822 2879 κοίλων.

257 2917 479 3005 Itaque
523 2924 709 3004 poeta
752 2920 1035 2986 dixerat:

533 3031 634 3090 νῦν
682 3034 826 3091 ΔΕΙ
870 3050 941 3092 σε
988 3023 1201 3090 πάντα
1250 3035 1366 3090 ΔΗ
1415 3026 1622 3091 κοὶλων
1667 3022 1888 3101 ἐξιέναι
1929 3027 2225 3089 σεαυτοῦ.

258 3127 353 3193 Ex
390 3131 601 3201 κάλως
639 3131 952 3196 formatur
986 3130 1369 3208 καλΩΙδιον,
1409 3152 1535 3196 non
1575 3128 1895 3209 καλώδιον,
1935 3135 2011 3195 ut
2048 3131 2242 3196 estin
2272 3128 2631 3214 fragmento

258 3231 589 3320 Eupolidis
634 3235 803 3321 apud
846 3235 1263 3300 Eustathimn
1305 3255 1453 3322 pag.
1507 3234 1681 3300 1535
1700 3283 1718 3314 ‚
1772 3233 1879 3301 18.

535 3341 610 3405 σὺ
658 3339 718 3403 δὲ
766 3340 850 3405 τὰ
899 3340 1174 3405 καλώδια
1220 3340 1418 3405 Ταῦθ’
1460 3341 1781 3421 οἳρκυῶρει.

260 3443 512 3509 nullum
582 3450 678 3509 est
746 3448 920 3510 enim
983 3428 1389 3524 ὑποκοριςικόν
1448 3448 1627 3510 in—
1656 3452 1947 3509 ΩΔΙΟΝ
2009 3445 2224 3508 exiens
2280 3445 2398 3508 aut
2451 3441 2631 3503 in—

258 3554 570 3626 ΑΔῙΟΝ,
641 3548 747 3614 sed
816 3548 1221 3630 ἰη-ῴδιον,
1250 3551 1554 3633 -ᾴδιον,
1627 3538 1955 3630 καλῴδιον,
2016 3546 2254 3629 ζῴδιον,
2315 3542 2624 3627 κρεᾴδιον,

256 3642 492 3734 ἐλᾴδιον
551 3658 616 3718 et
667 3653 927 3718 similia.
994 3651 1069 3718 In
1094 3689 1179 3702 -
1205 3663 1477 3721 ΤΔΙΟΝ
1524 3661 1779 3721 tantum
1828 3664 1855 3719 1
1902 3654 2263 3749 omittitur,
2310 3648 2578 3731 ἰχθύδιον
2599 3662 2631 3725 ,·

257 3753 566 3837 βοτρύδιον
613 3763 731 3824 cet.

343 3904 417 3970 In
462 3906 777 3972 versiculo
822 3907 1138 3994 Odysseae
1185 3932 1252 3973 π.
1309 3907 1415 3973 44.
1465 3914 1531 3973 et
1579 3907 1755 3973 alibi.

528 4009 649 4089 ἦσ’,
695 4008 738 4076 ὦ
784 4009 956 4093 ξεῖν’,
1003 4014 1179 4090 ἡμεῖς
1228 4012 1290 4077 δὲ
1336 4012 1440 4077 καὶ
1490 4011 1703 4076 ἄλλοθι
1747 4012 1968 4089 δήομεν
2012 4009 2220 4093 ἕδρην.

266 4118 544 4201 suspicor
602 4116 688 4179 τὰ
752 4118 1018 4182 Ἀττικὰ
1078 4117 1442 4199 γράμματα
1506 4126 1729 4183 ΗΕΟΟ
1783 4116 1953 4184 male
1998 4116 2313 4201 descripta
2357 4133 2492 4182 esse
2535 4135 2635 4180 re-

264 4222 772 4306 ponendumque:

532 4324 566 4402 ἦ
583 4349 698 4401 σο,
744 4323 914 4403 ξεῖν’,
963 4329 1137 4406 ἡμεῖς
1189 4328 1287 4392 δέ.
1343 4330 1473 4392 κτὲ.
