<?xml version="1.0" encoding="UTF-8"?>
<!DOCTYPE html PUBLIC "-//W3C//DTD XHTML 1.0 Transitional//EN"
    "http://www.w3.org/TR/xhtml1/DTD/xhtml1-transitional.dtd">
<html xmlns="http://www.w3.org/1999/xhtml" xml:lang="en" lang="en">
 <head>
  <title>
</title>
<meta http-equiv="Content-Type" content="text/html;charset=utf-8" />
  <meta name='ocr-system' content='tesseract 3.04.00' />
  <meta name='ocr-capabilities' content='ocr_page ocr_carea ocr_par ocr_line ocrx_word'/>
</head>
<body>
  <div class='ocr_page' id='page_1' title='image "./mnemosynebiblio09servgoog/mnemosynebiblio09servgoog_0473.png"; bbox 0 0 2934 5050; ppageno 0'>
   <div class='ocr_carea' id='block_1_1' title="bbox 1031 280 2560 345">
    <p class='ocr_par' dir='ltr' id='par_1_1' title="bbox 1031 280 2560 345">
     <span class='ocr_line' id='line_1_1' title="bbox 1031 280 2560 345; baseline -0.001 -2"><span class='ocrx_word' id='word_1_1' title='bbox 1031 296 1427 345; x_wconf 63' lang='lat' dir='ltr'><strong>contuentem</strong></span> <span class='ocrx_word' id='word_1_2' title='bbox 1489 298 1721 345; x_wconf 65' lang='lat' dir='ltr'><strong>mmm.</strong></span> <span class='ocrx_word' id='word_1_3' title='bbox 2435 280 2560 342; x_wconf 77' lang='lat'><strong>417</strong></span> 
     </span>
    </p>
   </div>
   <div class='ocr_carea' id='block_1_2' title="bbox 200 461 2574 4424">
    <p class='ocr_par' dir='ltr' id='par_1_2' title="bbox 200 461 2569 3167">
     <span class='ocr_line' id='line_1_2' title="bbox 214 461 2564 552; baseline 0 -25"><span class='ocrx_word' id='word_1_4' title='bbox 214 461 351 528; x_wconf 80' lang='lat' dir='ltr'><strong>novi</strong></span> <span class='ocrx_word' id='word_1_5' title='bbox 414 463 738 530; x_wconf 84' lang='lat' dir='ltr'><strong>continere</strong></span> <span class='ocrx_word' id='word_1_6' title='bbox 810 465 1032 552; x_wconf 89' lang='lat' dir='ltr'><strong>itaque</strong></span> <span class='ocrx_word' id='word_1_7' title='bbox 1091 484 1354 552; x_wconf 86' lang='lat' dir='ltr'><strong>prorsus</strong></span> <span class='ocrx_word' id='word_1_8' title='bbox 1416 465 1618 530; x_wconf 89' lang='lat' dir='ltr'><strong>otiosa</strong></span> <span class='ocrx_word' id='word_1_9' title='bbox 1682 482 1822 529; x_wconf 88' lang='lat' dir='ltr'><strong>esse</strong></span> <span class='ocrx_word' id='word_1_10' title='bbox 1883 472 1949 529; x_wconf 89' lang='lat' dir='ltr'><strong>et</strong></span> <span class='ocrx_word' id='word_1_11' title='bbox 2011 461 2339 549; x_wconf 88' lang='lat' dir='ltr'><strong>languida.</strong></span> <span class='ocrx_word' id='word_1_12' title='bbox 2424 461 2564 528; x_wconf 85' lang='lat' dir='ltr'><strong>Non</strong></span> 
     </span>
     <span class='ocr_line' id='line_1_3' title="bbox 213 566 2567 655; baseline 0 -24"><span class='ocrx_word' id='word_1_13' title='bbox 213 567 410 651; x_wconf 89' lang='lat' dir='ltr'><strong>magis</strong></span> <span class='ocrx_word' id='word_1_14' title='bbox 447 566 718 653; x_wconf 85' lang='lat' dir='ltr'><strong>deniqne</strong></span> <span class='ocrx_word' id='word_1_15' title='bbox 761 588 1018 655; x_wconf 89' lang='lat' dir='ltr'><strong>possum</strong></span> <span class='ocrx_word' id='word_1_16' title='bbox 1061 569 1327 655; x_wconf 90' lang='lat' dir='ltr'><strong>probare</strong></span> <span class='ocrx_word' id='word_1_17' title='bbox 1366 567 1701 653; x_wconf 85' lang='lat' dir='ltr'><strong>Forhigeri</strong></span> <span class='ocrx_word' id='word_1_18' title='bbox 1756 569 2177 645; x_wconf 88' lang='lat' dir='ltr'><strong>sententiam,</strong></span> <span class='ocrx_word' id='word_1_19' title='bbox 2219 566 2567 633; x_wconf 89' lang='lat' dir='ltr'><strong>statuentis</strong></span> 
     </span>
     <span class='ocr_line' id='line_1_4' title="bbox 211 671 2563 758; baseline 0.002 -25"><span class='ocrx_word' id='word_1_20' title='bbox 211 671 455 737; x_wconf 78' lang='lat' dir='ltr'><strong>»iuberi</strong></span> <span class='ocrx_word' id='word_1_21' title='bbox 515 671 786 739; x_wconf 86' lang='lat' dir='ltr'><strong>Graecos</strong></span> <span class='ocrx_word' id='word_1_22' title='bbox 833 695 871 739; x_wconf 98' lang='lat' dir='ltr'><strong>a</strong></span> <span class='ocrx_word' id='word_1_23' title='bbox 918 673 1266 741; x_wconf 84' lang='lat' dir='ltr'><strong>Calchante</strong></span> <span class='ocrx_word' id='word_1_24' title='bbox 1313 673 1666 739; x_wconf 88' lang='lat' dir='ltr'><strong>Palladium</strong></span> <span class='ocrx_word' id='word_1_25' title='bbox 1719 673 1858 738; x_wconf 89' lang='lat' dir='ltr'><strong>suis</strong></span> <span class='ocrx_word' id='word_1_26' title='bbox 1900 672 2201 738; x_wconf 86' lang='lat' dir='ltr'><strong>manibus</strong></span> <span class='ocrx_word' id='word_1_27' title='bbox 2244 671 2563 758; x_wconf 88' lang='lat' dir='ltr'><strong>pollutum</strong></span> 
     </span>
     <span class='ocr_line' id='line_1_5' title="bbox 206 772 2562 864; baseline 0.001 -25"><span class='ocrx_word' id='word_1_28' title='bbox 206 783 268 840; x_wconf 86' lang='lat' dir='ltr'><strong>et</strong></span> <span class='ocrx_word' id='word_1_29' title='bbox 307 775 542 861; x_wconf 90' lang='lat' dir='ltr'><strong>templo</strong></span> <span class='ocrx_word' id='word_1_30' title='bbox 587 777 883 842; x_wconf 85' lang='lat' dir='ltr'><strong>avulsum</strong></span> <span class='ocrx_word' id='word_1_31' title='bbox 935 782 997 843; x_wconf 92' lang='lat' dir='ltr'><strong>in</strong></span> <span class='ocrx_word' id='word_1_32' title='bbox 1047 778 1261 845; x_wconf 86' lang='lat' dir='ltr'><strong>sedem</strong></span> <span class='ocrx_word' id='word_1_33' title='bbox 1313 798 1496 844; x_wconf 76' lang='lat' dir='ltr'><strong>suani</strong></span> <span class='ocrx_word' id='word_1_34' title='bbox 1546 777 1889 854; x_wconf 80' lang='lat' dir='ltr'><strong>reducere,</strong></span> <span class='ocrx_word' id='word_1_35' title='bbox 1939 788 2226 864; x_wconf 88' lang='lat' dir='ltr'><strong>tempore</strong></span> <span class='ocrx_word' id='word_1_36' title='bbox 2274 797 2401 862; x_wconf 87' lang='lat' dir='ltr'><strong>quo</strong></span> <span class='ocrx_word' id='word_1_37' title='bbox 2443 772 2562 842; x_wconf 88' lang='lat' dir='ltr'><strong>boc</strong></span> 
     </span>
     <span class='ocr_line' id='line_1_6' title="bbox 204 878 2569 968; baseline 0 -23"><span class='ocrx_word' id='word_1_38' title='bbox 204 878 559 946; x_wconf 76' lang='lat' dir='ltr'><strong>faciendum</strong></span> <span class='ocrx_word' id='word_1_39' title='bbox 609 883 693 947; x_wconf 89' lang='lat' dir='ltr'><strong>sit</strong></span> <span class='ocrx_word' id='word_1_40' title='bbox 736 901 859 947; x_wconf 93' lang='lat' dir='ltr'><strong>non</strong></span> <span class='ocrx_word' id='word_1_41' title='bbox 900 885 1271 949; x_wconf 79' lang='lat' dir='ltr'><strong>accuratius</strong></span> <span class='ocrx_word' id='word_1_42' title='bbox 1309 883 1694 959; x_wconf 84' lang='lat' dir='ltr'><strong>constituto,</strong></span> <span class='ocrx_word' id='word_1_43' title='bbox 1743 903 1974 948; x_wconf 68' lang='lat' dir='ltr'><strong>atamen</strong></span> <span class='ocrx_word' id='word_1_44' title='bbox 2013 894 2226 948; x_wconf 89' lang='lat' dir='ltr'><strong>autem</strong></span> <span class='ocrx_word' id='word_1_45' title='bbox 2270 901 2390 968; x_wconf 90' lang='lat' dir='ltr'><strong>pro</strong></span> <span class='ocrx_word' id='word_1_46' title='bbox 2428 881 2569 967; x_wconf 88' lang='lat' dir='ltr'><strong>ipso</strong></span> 
     </span>
     <span class='ocr_line' id='line_1_7' title="bbox 204 980 2564 1076; baseline 0.001 -28"><span class='ocrx_word' id='word_1_47' title='bbox 204 980 350 1050; x_wconf 89' lang='lat' dir='ltr'><strong>deae</strong></span> <span class='ocrx_word' id='word_1_48' title='bbox 411 985 760 1051; x_wconf 87' lang='lat' dir='ltr'><strong>simulacro</strong></span> <span class='ocrx_word' id='word_1_49' title='bbox 817 1007 956 1054; x_wconf 91' lang='lat' dir='ltr'><strong>esse</strong></span> <span class='ocrx_word' id='word_1_50' title='bbox 1013 989 1336 1076; x_wconf 88' lang='lat' dir='ltr'><strong>positum,</strong></span> <span class='ocrx_word' id='word_1_51' title='bbox 1397 988 1549 1072; x_wconf 88' lang='lat' dir='ltr'><strong>quia</strong></span> <span class='ocrx_word' id='word_1_52' title='bbox 1614 1006 1737 1052; x_wconf 91' lang='lat' dir='ltr'><strong>una</strong></span> <span class='ocrx_word' id='word_1_53' title='bbox 1804 1006 1955 1051; x_wconf 90' lang='lat' dir='ltr'><strong>cum</strong></span> <span class='ocrx_word' id='word_1_54' title='bbox 2028 986 2310 1052; x_wconf 91' lang='lat' dir='ltr'><strong>Palladio</strong></span> <span class='ocrx_word' id='word_1_55' title='bbox 2369 987 2564 1052; x_wconf 91' lang='lat' dir='ltr'><strong>etiam</strong></span> 
     </span>
     <span class='ocr_line' id='line_1_8' title="bbox 203 1087 2569 1177; baseline 0.001 -25"><span class='ocrx_word' id='word_1_56' title='bbox 203 1087 333 1174; x_wconf 86' lang='lat' dir='ltr'><strong>ipsa</strong></span> <span class='ocrx_word' id='word_1_57' title='bbox 391 1087 507 1155; x_wconf 90' lang='lat' dir='ltr'><strong>dea</strong></span> <span class='ocrx_word' id='word_1_58' title='bbox 569 1088 942 1158; x_wconf 80' lang='lat' dir='ltr'><strong>discessisse</strong></span> <span class='ocrx_word' id='word_1_59' title='bbox 1003 1091 1373 1167; x_wconf 88' lang='lat' dir='ltr'><strong>videbatur,</strong></span> <span class='ocrx_word' id='word_1_60' title='bbox 1433 1092 1622 1157; x_wconf 90' lang='lat' dir='ltr'><strong>cuius</strong></span> <span class='ocrx_word' id='word_1_61' title='bbox 1667 1110 1905 1156; x_wconf 89' lang='lat' dir='ltr'><strong>numen</strong></span> <span class='ocrx_word' id='word_1_62' title='bbox 1955 1099 2096 1157; x_wconf 90' lang='lat' dir='ltr'><strong>erat</strong></span> <span class='ocrx_word' id='word_1_63' title='bbox 2143 1089 2569 1177; x_wconf 88' lang='lat' dir='ltr'><strong>placandum,</strong></span> 
     </span>
     <span class='ocr_line' id='line_1_9' title="bbox 204 1194 2565 1282; baseline -0 -21"><span class='ocrx_word' id='word_1_64' title='bbox 204 1196 382 1261; x_wconf 84' lang='lat' dir='ltr'><strong>cuins</strong></span> <span class='ocrx_word' id='word_1_65' title='bbox 430 1213 615 1260; x_wconf 90' lang='lat' dir='ltr'><strong>mens</strong></span> <span class='ocrx_word' id='word_1_66' title='bbox 663 1198 936 1282; x_wconf 90' lang='lat' dir='ltr'><strong>propitia</strong></span> <span class='ocrx_word' id='word_1_67' title='bbox 984 1205 1125 1263; x_wconf 89' lang='lat' dir='ltr'><strong>erat</strong></span> <span class='ocrx_word' id='word_1_68' title='bbox 1175 1195 1562 1271; x_wconf 84' lang='lat' dir='ltr'><strong>revocanda,</strong></span> <span class='ocrx_word' id='word_1_69' title='bbox 1611 1203 1675 1261; x_wconf 91' lang='lat' dir='ltr'><strong>et</strong></span> <span class='ocrx_word' id='word_1_70' title='bbox 1720 1215 1979 1261; x_wconf 78' lang='lat' dir='ltr'><strong>versum</strong></span> <span class='ocrx_word' id='word_1_71' title='bbox 2038 1200 2163 1261; x_wconf 87' lang='lat'><strong>179</strong></span> <span class='ocrx_word' id='word_1_72' title='bbox 2210 1214 2246 1260; x_wconf 92' lang='lat' dir='ltr'><strong>a</strong></span> <span class='ocrx_word' id='word_1_73' title='bbox 2297 1194 2565 1271; x_wconf 84' lang='lat' dir='ltr'><strong>Sinone,</strong></span> 
     </span>
     <span class='ocr_line' id='line_1_10' title="bbox 202 1297 2567 1382; baseline -0 -18"><span class='ocrx_word' id='word_1_74' title='bbox 202 1298 415 1375; x_wconf 88' lang='lat' dir='ltr'><strong>cuius,</strong></span> <span class='ocrx_word' id='word_1_75' title='bbox 454 1307 672 1382; x_wconf 89' lang='lat' dir='ltr'><strong>spreta</strong></span> <span class='ocrx_word' id='word_1_76' title='bbox 722 1308 1095 1366; x_wconf 87' lang='lat' dir='ltr'><strong>eventorum</strong></span> <span class='ocrx_word' id='word_1_77' title='bbox 1146 1302 1454 1377; x_wconf 88' lang='lat' dir='ltr'><strong>veritate,</strong></span> <span class='ocrx_word' id='word_1_78' title='bbox 1522 1300 1778 1366; x_wconf 88' lang='lat' dir='ltr'><strong>intersit</strong></span> <span class='ocrx_word' id='word_1_79' title='bbox 1825 1299 2010 1365; x_wconf 75' lang='lat' dir='ltr'><strong>niodo</strong></span> <span class='ocrx_word' id='word_1_80' title='bbox 2063 1308 2133 1365; x_wconf 92' lang='lat' dir='ltr'><strong>ut</strong></span> <span class='ocrx_word' id='word_1_81' title='bbox 2180 1297 2360 1365; x_wconf 81' lang='lat' dir='ltr'><strong>sallat</strong></span> <span class='ocrx_word' id='word_1_82' title='bbox 2406 1298 2567 1364; x_wconf 89' lang='lat' dir='ltr'><strong>Tro-</strong></span> 
     </span>
     <span class='ocr_line' id='line_1_11' title="bbox 202 1401 2562 1489; baseline 0 -20"><span class='ocrx_word' id='word_1_83' title='bbox 202 1402 403 1480; x_wconf 90' lang='lat' dir='ltr'><strong>ianos,</strong></span> <span class='ocrx_word' id='word_1_84' title='bbox 465 1401 696 1480; x_wconf 85' lang='lat' dir='ltr'><strong>adiici,</strong></span> <span class='ocrx_word' id='word_1_85' title='bbox 758 1413 829 1469; x_wconf 89' lang='lat' dir='ltr'><strong>ut</strong></span> <span class='ocrx_word' id='word_1_86' title='bbox 874 1424 1097 1471; x_wconf 90' lang='lat' dir='ltr'><strong>eornm</strong></span> <span class='ocrx_word' id='word_1_87' title='bbox 1144 1407 1393 1471; x_wconf 89' lang='lat' dir='ltr'><strong>animos</strong></span> <span class='ocrx_word' id='word_1_88' title='bbox 1440 1406 1649 1489; x_wconf 90' lang='lat' dir='ltr'><strong>magis</strong></span> <span class='ocrx_word' id='word_1_89' title='bbox 1696 1402 2035 1470; x_wconf 79' lang='lat' dir='ltr'><strong>exacerbet</strong></span> <span class='ocrx_word' id='word_1_90' title='bbox 2080 1412 2145 1470; x_wconf 89' lang='lat' dir='ltr'><strong>et</strong></span> <span class='ocrx_word' id='word_1_91' title='bbox 2192 1402 2274 1469; x_wconf 89' lang='lat' dir='ltr'><strong>ad</strong></span> <span class='ocrx_word' id='word_1_92' title='bbox 2324 1422 2562 1489; x_wconf 89' lang='lat' dir='ltr'><strong>equum</strong></span> 
     </span>
     <span class='ocr_line' id='line_1_12' title="bbox 203 1506 2565 1595; baseline 0 -23"><span class='ocrx_word' id='word_1_93' title='bbox 203 1509 263 1574; x_wconf 93' lang='lat' dir='ltr'><strong>in</strong></span> <span class='ocrx_word' id='word_1_94' title='bbox 327 1506 552 1574; x_wconf 88' lang='lat' dir='ltr'><strong>urbem</strong></span> <span class='ocrx_word' id='word_1_95' title='bbox 616 1508 1059 1594; x_wconf 89' lang='lat' dir='ltr'><strong>recipiendum</strong></span> <span class='ocrx_word' id='word_1_96' title='bbox 1124 1531 1200 1576; x_wconf 91' lang='lat' dir='ltr'><strong>eo</strong></span> <span class='ocrx_word' id='word_1_97' title='bbox 1268 1511 1513 1577; x_wconf 85' lang='lat' dir='ltr'><strong>certius</strong></span> <span class='ocrx_word' id='word_1_98' title='bbox 1559 1509 2028 1574; x_wconf 84' lang='lat' dir='ltr'><strong>commoveat.”</strong></span> <span class='ocrx_word' id='word_1_99' title='bbox 2096 1509 2331 1574; x_wconf 85' lang='lat' dir='ltr'><strong>Contra</strong></span> <span class='ocrx_word' id='word_1_100' title='bbox 2372 1527 2565 1595; x_wconf 87' lang='lat' dir='ltr'><strong>quem</strong></span> 
     </span>
     <span class='ocr_line' id='line_1_13' title="bbox 203 1612 2567 1701; baseline 0 -23"><span class='ocrx_word' id='word_1_101' title='bbox 203 1612 428 1679; x_wconf 88' lang='lat' dir='ltr'><strong>iterum</strong></span> <span class='ocrx_word' id='word_1_102' title='bbox 482 1632 749 1678; x_wconf 89' lang='lat' dir='ltr'><strong>moneo:</strong></span> <span class='ocrx_word' id='word_1_103' title='bbox 803 1635 1033 1679; x_wconf 79' lang='lat' dir='ltr'><strong>numen</strong></span> <span class='ocrx_word' id='word_1_104' title='bbox 1079 1634 1196 1700; x_wconf 89' lang='lat' dir='ltr'><strong>pro</strong></span> <span class='ocrx_word' id='word_1_105' title='bbox 1237 1614 1586 1681; x_wconf 89' lang='lat' dir='ltr'><strong>simulacro</strong></span> <span class='ocrx_word' id='word_1_106' title='bbox 1628 1613 1775 1698; x_wconf 91' lang='lat' dir='ltr'><strong>poni</strong></span> <span class='ocrx_word' id='word_1_107' title='bbox 1818 1614 2098 1700; x_wconf 88' lang='lat' dir='ltr'><strong>potuisse</strong></span> <span class='ocrx_word' id='word_1_108' title='bbox 2137 1633 2174 1679; x_wconf 92' lang='lat' dir='ltr'><strong>a</strong></span> <span class='ocrx_word' id='word_1_109' title='bbox 2214 1620 2396 1701; x_wconf 87' lang='lat' dir='ltr'><strong>poeta</strong></span> <span class='ocrx_word' id='word_1_110' title='bbox 2433 1632 2567 1679; x_wconf 89' lang='lat' dir='ltr'><strong>om·</strong></span> 
     </span>
     <span class='ocr_line' id='line_1_14' title="bbox 202 1716 2568 1806; baseline -0 -22"><span class='ocrx_word' id='word_1_111' title='bbox 202 1737 339 1784; x_wconf 85' lang='lat' dir='ltr'><strong>nem</strong></span> <span class='ocrx_word' id='word_1_112' title='bbox 385 1736 700 1806; x_wconf 90' lang='lat' dir='ltr'><strong>superare</strong></span> <span class='ocrx_word' id='word_1_113' title='bbox 744 1716 970 1793; x_wconf 86' lang='lat' dir='ltr'><strong>fidem;</strong></span> <span class='ocrx_word' id='word_1_114' title='bbox 1015 1718 1246 1785; x_wconf 86' lang='lat' dir='ltr'><strong>deinde</strong></span> <span class='ocrx_word' id='word_1_115' title='bbox 1286 1740 1409 1785; x_wconf 91' lang='lat' dir='ltr'><strong>non</strong></span> <span class='ocrx_word' id='word_1_116' title='bbox 1460 1719 1746 1806; x_wconf 87' lang='lat' dir='ltr'><strong>potuisse</strong></span> <span class='ocrx_word' id='word_1_117' title='bbox 1814 1716 2222 1783; x_wconf 80' lang='lat' dir='ltr'><strong>Calchantem</strong></span> <span class='ocrx_word' id='word_1_118' title='bbox 2296 1717 2568 1783; x_wconf 88' lang='lat' dir='ltr'><strong>suadere</strong></span> 
     </span>
     <span class='ocr_line' id='line_1_15' title="bbox 202 1821 2566 1909; baseline -0.002 -20"><span class='ocrx_word' id='word_1_119' title='bbox 202 1821 487 1901; x_wconf 75' lang='lat' dir='ltr'><strong>Graecia,</strong></span> <span class='ocrx_word' id='word_1_120' title='bbox 559 1831 631 1888; x_wconf 90' lang='lat' dir='ltr'><strong>ut</strong></span> <span class='ocrx_word' id='word_1_121' title='bbox 678 1824 891 1908; x_wconf 88' lang='lat' dir='ltr'><strong>ipsum</strong></span> <span class='ocrx_word' id='word_1_122' title='bbox 941 1822 1295 1889; x_wconf 86' lang='lat' dir='ltr'><strong>Palladium</strong></span> <span class='ocrx_word' id='word_1_123' title='bbox 1346 1823 1642 1890; x_wconf 84' lang='lat' dir='ltr'><strong>Troianis</strong></span> <span class='ocrx_word' id='word_1_124' title='bbox 1689 1821 2070 1900; x_wconf 83' lang='lat' dir='ltr'><strong>redderent,</strong></span> <span class='ocrx_word' id='word_1_125' title='bbox 2124 1841 2331 1909; x_wconf 89' lang='lat' dir='ltr'><strong>neque</strong></span> <span class='ocrx_word' id='word_1_126' title='bbox 2378 1821 2566 1886; x_wconf 90' lang='lat' dir='ltr'><strong>Sino-</strong></span> 
     </span>
     <span class='ocr_line' id='line_1_16' title="bbox 200 1925 2568 2015; baseline -0 -23"><span class='ocrx_word' id='word_1_127' title='bbox 200 1946 335 1993; x_wconf 87' lang='lat' dir='ltr'><strong>nem</strong></span> <span class='ocrx_word' id='word_1_128' title='bbox 397 1947 557 1995; x_wconf 88' lang='lat' dir='ltr'><strong>cum</strong></span> <span class='ocrx_word' id='word_1_129' title='bbox 604 1926 734 1993; x_wconf 87' lang='lat' dir='ltr'><strong>ulla</strong></span> <span class='ocrx_word' id='word_1_130' title='bbox 786 1927 1254 2013; x_wconf 84' lang='lat' dir='ltr'><strong>probabilitatis</strong></span> <span class='ocrx_word' id='word_1_131' title='bbox 1302 1931 1514 2015; x_wconf 84' lang='lat' dir='ltr'><strong>specie</strong></span> <span class='ocrx_word' id='word_1_132' title='bbox 1554 1927 1710 1994; x_wconf 89' lang='lat' dir='ltr'><strong>illud</strong></span> <span class='ocrx_word' id='word_1_133' title='bbox 1762 1926 2035 2014; x_wconf 84' lang='lat' dir='ltr'><strong>fingere,</strong></span> <span class='ocrx_word' id='word_1_134' title='bbox 2103 1926 2254 2013; x_wconf 89' lang='lat' dir='ltr'><strong>quia</strong></span> <span class='ocrx_word' id='word_1_135' title='bbox 2302 1927 2368 1991; x_wconf 90' lang='lat' dir='ltr'><strong>in</strong></span> <span class='ocrx_word' id='word_1_136' title='bbox 2418 1925 2568 1991; x_wconf 89' lang='lat' dir='ltr'><strong>l&#39;atis</strong></span> 
     </span>
     <span class='ocr_line' id='line_1_17' title="bbox 200 2031 2566 2118; baseline -0.002 -19"><span class='ocrx_word' id='word_1_137' title='bbox 200 2051 330 2099; x_wconf 86' lang='lat' dir='ltr'><strong>esse</strong></span> <span class='ocrx_word' id='word_1_138' title='bbox 383 2031 678 2099; x_wconf 86' lang='lat' dir='ltr'><strong>sciebant</strong></span> <span class='ocrx_word' id='word_1_139' title='bbox 734 2032 1035 2109; x_wconf 86' lang='lat' dir='ltr'><strong>Troiam,</strong></span> <span class='ocrx_word' id='word_1_140' title='bbox 1085 2035 1210 2098; x_wconf 91' lang='lat' dir='ltr'><strong>nisi</strong></span> <span class='ocrx_word' id='word_1_141' title='bbox 1265 2033 1544 2099; x_wconf 90' lang='lat' dir='ltr'><strong>Palladio</strong></span> <span class='ocrx_word' id='word_1_142' title='bbox 1585 2040 1953 2110; x_wconf 87' lang='lat' dir='ltr'><strong>carentem,</strong></span> <span class='ocrx_word' id='word_1_143' title='bbox 2005 2031 2147 2118; x_wconf 88' lang='lat' dir='ltr'><strong>capi</strong></span> <span class='ocrx_word' id='word_1_144' title='bbox 2192 2050 2318 2096; x_wconf 90' lang='lat' dir='ltr'><strong>non</strong></span> <span class='ocrx_word' id='word_1_145' title='bbox 2362 2049 2566 2116; x_wconf 88' lang='lat' dir='ltr'><strong>posse.</strong></span> 
     </span>
     <span class='ocr_line' id='line_1_18' title="bbox 202 2135 2566 2219; baseline -0.001 -16"><span class='ocrx_word' id='word_1_146' title='bbox 202 2135 512 2218; x_wconf 84' lang='lat' dir='ltr'><strong>Quorsum</strong></span> <span class='ocrx_word' id='word_1_147' title='bbox 585 2156 735 2203; x_wconf 81' lang='lat' dir='ltr'><strong>vero</strong></span> <span class='ocrx_word' id='word_1_148' title='bbox 787 2135 946 2203; x_wconf 90' lang='lat' dir='ltr'><strong>baec</strong></span> <span class='ocrx_word' id='word_1_149' title='bbox 992 2139 1253 2204; x_wconf 85' lang='lat' dir='ltr'><strong>omnia?</strong></span> <span class='ocrx_word' id='word_1_150' title='bbox 1326 2139 1408 2205; x_wconf 92' lang='lat' dir='ltr'><strong>Ut</strong></span> <span class='ocrx_word' id='word_1_151' title='bbox 1457 2140 1715 2204; x_wconf 88' lang='lat' dir='ltr'><strong>unicam</strong></span> <span class='ocrx_word' id='word_1_152' title='bbox 1767 2157 1870 2203; x_wconf 89' lang='lat' dir='ltr'><strong>me</strong></span> <span class='ocrx_word' id='word_1_153' title='bbox 1918 2136 2133 2202; x_wconf 89' lang='lat' dir='ltr'><strong>iudice</strong></span> <span class='ocrx_word' id='word_1_154' title='bbox 2179 2136 2391 2213; x_wconf 88' lang='lat' dir='ltr'><strong>viam,</strong></span> <span class='ocrx_word' id='word_1_155' title='bbox 2441 2154 2566 2219; x_wconf 86' lang='lat' dir='ltr'><strong>qua</strong></span> 
     </span>
     <span class='ocr_line' id='line_1_19' title="bbox 202 2240 2569 2329; baseline -0.001 -23"><span class='ocrx_word' id='word_1_156' title='bbox 202 2244 476 2310; x_wconf 84' lang='lat' dir='ltr'><strong>universi</strong></span> <span class='ocrx_word' id='word_1_157' title='bbox 518 2241 646 2307; x_wconf 92' lang='lat' dir='ltr'><strong>loci</strong></span> <span class='ocrx_word' id='word_1_158' title='bbox 683 2240 1130 2309; x_wconf 86' lang='lat' dir='ltr'><strong>difficultatem</strong></span> <span class='ocrx_word' id='word_1_159' title='bbox 1176 2242 1479 2329; x_wconf 85' lang='lat' dir='ltr'><strong>expedire</strong></span> <span class='ocrx_word' id='word_1_160' title='bbox 1519 2242 1743 2318; x_wconf 86' lang='lat' dir='ltr'><strong>liceat,</strong></span> <span class='ocrx_word' id='word_1_161' title='bbox 1790 2240 2154 2306; x_wconf 85' lang='lat' dir='ltr'><strong>ostendam:</strong></span> <span class='ocrx_word' id='word_1_162' title='bbox 2207 2256 2434 2326; x_wconf 85' lang='lat' dir='ltr'><strong>nempe</strong></span> <span class='ocrx_word' id='word_1_163' title='bbox 2460 2258 2569 2304; x_wconf 90' lang='lat' dir='ltr'><strong>vo·</strong></span> 
     </span>
     <span class='ocr_line' id='line_1_20' title="bbox 202 2343 2569 2433; baseline -0.001 -21"><span class='ocrx_word' id='word_1_164' title='bbox 202 2346 416 2414; x_wconf 84' lang='lat' dir='ltr'><strong>cabula</strong></span> <span class='ocrx_word' id='word_1_165' title='bbox 474 2368 831 2433; x_wconf 79' lang='lat' dir='ltr'><strong>numenque</strong></span> <span class='ocrx_word' id='word_1_166' title='bbox 874 2346 1171 2413; x_wconf 77' lang='lat' dir='ltr'><strong>reducant</strong></span> <span class='ocrx_word' id='word_1_167' title='bbox 1218 2348 1623 2433; x_wconf 85' lang='lat' dir='ltr'><strong>significare,</strong></span> <span class='ocrx_word' id='word_1_168' title='bbox 1679 2343 1848 2430; x_wconf 85' lang='lat' dir='ltr'><strong>quod</strong></span> <span class='ocrx_word' id='word_1_169' title='bbox 1896 2364 2099 2409; x_wconf 89' lang='lat' dir='ltr'><strong>unum</strong></span> <span class='ocrx_word' id='word_1_170' title='bbox 2152 2364 2263 2430; x_wconf 89' lang='lat' dir='ltr'><strong>per</strong></span> <span class='ocrx_word' id='word_1_171' title='bbox 2309 2343 2569 2429; x_wconf 82' lang='lat' dir='ltr'><strong>linguae</strong></span> 
     </span>
     <span class='ocr_line' id='line_1_21' title="bbox 204 2448 2568 2538; baseline -0.002 -20"><span class='ocrx_word' id='word_1_172' title='bbox 204 2458 502 2519; x_wconf 86' lang='lat' dir='ltr'><strong>rationem</strong></span> <span class='ocrx_word' id='word_1_173' title='bbox 550 2459 617 2517; x_wconf 88' lang='lat' dir='ltr'><strong>et</strong></span> <span class='ocrx_word' id='word_1_174' title='bbox 660 2450 778 2516; x_wconf 93' lang='lat' dir='ltr'><strong>loci</strong></span> <span class='ocrx_word' id='word_1_175' title='bbox 829 2461 1201 2518; x_wconf 86' lang='lat' dir='ltr'><strong>contextum</strong></span> <span class='ocrx_word' id='word_1_176' title='bbox 1253 2451 1619 2538; x_wconf 85' lang='lat' dir='ltr'><strong>significare</strong></span> <span class='ocrx_word' id='word_1_177' title='bbox 1670 2457 1971 2537; x_wconf 85' lang='lat' dir='ltr'><strong>possunt,</strong></span> <span class='ocrx_word' id='word_1_178' title='bbox 2039 2448 2343 2537; x_wconf 80' lang='lat' dir='ltr'><strong>deamque</strong></span> <span class='ocrx_word' id='word_1_179' title='bbox 2385 2449 2568 2514; x_wconf 79' lang='lat' dir='ltr'><strong>redu·</strong></span> 
     </span>
     <span class='ocr_line' id='line_1_22' title="bbox 203 2555 2569 2641; baseline -0.001 -17"><span class='ocrx_word' id='word_1_180' title='bbox 203 2570 362 2637; x_wconf 66' lang='lat' dir='ltr'><strong>aaut,</strong></span> <span class='ocrx_word' id='word_1_181' title='bbox 410 2578 538 2626; x_wconf 91' lang='lat' dir='ltr'><strong>non</strong></span> <span class='ocrx_word' id='word_1_182' title='bbox 593 2555 842 2623; x_wconf 88' lang='lat' dir='ltr'><strong>reddito</strong></span> <span class='ocrx_word' id='word_1_183' title='bbox 889 2557 1216 2632; x_wconf 79' lang='lat' dir='ltr'><strong>Palladio,</strong></span> <span class='ocrx_word' id='word_1_184' title='bbox 1281 2556 1392 2622; x_wconf 90' lang='lat' dir='ltr'><strong>sed</strong></span> <span class='ocrx_word' id='word_1_185' title='bbox 1440 2556 1589 2624; x_wconf 89' lang='lat' dir='ltr'><strong>dato</strong></span> <span class='ocrx_word' id='word_1_186' title='bbox 1634 2559 1775 2623; x_wconf 90' lang='lat' dir='ltr'><strong>eius</strong></span> <span class='ocrx_word' id='word_1_187' title='bbox 1821 2557 1959 2621; x_wconf 89' lang='lat' dir='ltr'><strong>vice</strong></span> <span class='ocrx_word' id='word_1_188' title='bbox 2005 2577 2159 2638; x_wconf 82' lang='lat' dir='ltr'><strong>equo</strong></span> <span class='ocrx_word' id='word_1_189' title='bbox 2207 2556 2443 2641; x_wconf 76' lang='lat' dir='ltr'><strong>liqneo,</strong></span> <span class='ocrx_word' id='word_1_190' title='bbox 2498 2560 2569 2621; x_wconf 82' lang='lat' dir='ltr'><strong>ut</strong></span> 
     </span>
     <span class='ocr_line' id='line_1_23' title="bbox 204 2658 2567 2750; baseline -0.001 -25"><span class='ocrx_word' id='word_1_191' title='bbox 204 2664 325 2748; x_wconf 88' lang='lat' dir='ltr'><strong>ipse</strong></span> <span class='ocrx_word' id='word_1_192' title='bbox 350 2671 536 2750; x_wconf 80' lang='lat' dir='ltr'><strong>poeta</strong></span> <span class='ocrx_word' id='word_1_193' title='bbox 566 2661 826 2728; x_wconf 86' lang='lat' dir='ltr'><strong>disertis</strong></span> <span class='ocrx_word' id='word_1_194' title='bbox 854 2662 1067 2729; x_wconf 84' lang='lat' dir='ltr'><strong>verbis</strong></span> <span class='ocrx_word' id='word_1_195' title='bbox 1091 2664 1183 2728; x_wconf 92' lang='lat' dir='ltr'><strong>ait</strong></span> <span class='ocrx_word' id='word_1_196' title='bbox 1211 2682 1298 2728; x_wconf 75' lang='grc' dir='ltr'><strong>νε.</strong></span> <span class='ocrx_word' id='word_1_197' title='bbox 1332 2666 1455 2729; x_wconf 82' lang='grc'><strong>185</strong></span> <span class='ocrx_word' id='word_1_198' title='bbox 1484 2682 1631 2748; x_wconf 84' lang='lat' dir='ltr'><strong>sqq:</strong></span> <span class='ocrx_word' id='word_1_199' title='bbox 1662 2661 1837 2727; x_wconf 82' lang='lat' dir='ltr'><strong>Hanc</strong></span> <span class='ocrx_word' id='word_1_200' title='bbox 1856 2681 1971 2747; x_wconf 81' lang='lat' dir='ltr'><strong>pro</strong></span> <span class='ocrx_word' id='word_1_201' title='bbox 1998 2658 2291 2724; x_wconf 74' lang='lat' dir='ltr'><strong>Palladio</strong></span> <span class='ocrx_word' id='word_1_202' title='bbox 2317 2659 2567 2736; x_wconf 88' lang='lat' dir='ltr'><strong>moniti,</strong></span> 
     </span>
     <span class='ocr_line' id='line_1_24' title="bbox 200 2764 2563 2853; baseline -0.001 -21"><span class='ocrx_word' id='word_1_203' title='bbox 200 2785 306 2852; x_wconf 86' lang='lat' dir='ltr'><strong>pro</strong></span> <span class='ocrx_word' id='word_1_204' title='bbox 360 2769 624 2834; x_wconf 61' lang='lat' dir='ltr'><strong>numne</strong></span> <span class='ocrx_word' id='word_1_205' title='bbox 684 2768 851 2833; x_wconf 79' lang='lat' dir='ltr'><strong>laeso</strong></span> <span class='ocrx_word' id='word_1_206' title='bbox 912 2765 1188 2853; x_wconf 85' lang='lat' dir='ltr'><strong>effigiem</strong></span> <span class='ocrx_word' id='word_1_207' title='bbox 1253 2776 1569 2842; x_wconf 85' lang='lat' dir='ltr'><strong>statuere,</strong></span> <span class='ocrx_word' id='word_1_208' title='bbox 1639 2764 1819 2831; x_wconf 84' lang='lat' dir='ltr'><strong>nefas</strong></span> <span class='ocrx_word' id='word_1_209' title='bbox 1877 2784 2041 2850; x_wconf 86' lang='lat' dir='ltr'><strong>quae</strong></span> <span class='ocrx_word' id='word_1_210' title='bbox 2099 2764 2285 2830; x_wconf 90' lang='lat' dir='ltr'><strong>triste</strong></span> <span class='ocrx_word' id='word_1_211' title='bbox 2334 2764 2563 2848; x_wconf 84' lang='lat' dir='ltr'><strong>piaret.</strong></span> 
     </span>
     <span class='ocr_line' id='line_1_25' title="bbox 201 2867 2567 2957; baseline -0.002 -22"><span class='ocrx_word' id='word_1_212' title='bbox 201 2868 284 2935; x_wconf 78' lang='lat' dir='ltr'><strong>Ea</strong></span> <span class='ocrx_word' id='word_1_213' title='bbox 340 2872 590 2957; x_wconf 81' lang='lat' dir='ltr'><strong>periuri</strong></span> <span class='ocrx_word' id='word_1_214' title='bbox 655 2881 753 2937; x_wconf 91' lang='lat' dir='ltr'><strong>est</strong></span> <span class='ocrx_word' id='word_1_215' title='bbox 821 2893 928 2936; x_wconf 77' lang='lat' dir='ltr'><strong>ars</strong></span> <span class='ocrx_word' id='word_1_216' title='bbox 993 2871 1282 2949; x_wconf 65' lang='lat' dir='ltr'><strong>SinoniS,</strong></span> <span class='ocrx_word' id='word_1_217' title='bbox 1357 2878 1428 2935; x_wconf 92' lang='lat' dir='ltr'><strong>ut</strong></span> <span class='ocrx_word' id='word_1_218' title='bbox 1489 2869 1870 2956; x_wconf 88' lang='lat' dir='ltr'><strong>persuadeat</strong></span> <span class='ocrx_word' id='word_1_219' title='bbox 1919 2868 2214 2933; x_wconf 88' lang='lat' dir='ltr'><strong>Troianis</strong></span> <span class='ocrx_word' id='word_1_220' title='bbox 2261 2888 2414 2953; x_wconf 80' lang='lat' dir='ltr'><strong>equo</strong></span> <span class='ocrx_word' id='word_1_221' title='bbox 2463 2867 2567 2932; x_wconf 77' lang='lat' dir='ltr'><strong>itti</strong></span> 
     </span>
     <span class='ocr_line' id='line_1_26' title="bbox 202 2971 2569 3060; baseline -0.001 -21"><span class='ocrx_word' id='word_1_222' title='bbox 202 2972 343 3042; x_wconf 85' lang='lat' dir='ltr'><strong>deae</strong></span> <span class='ocrx_word' id='word_1_223' title='bbox 405 2979 618 3043; x_wconf 87' lang='lat' dir='ltr'><strong>inesse</strong></span> <span class='ocrx_word' id='word_1_224' title='bbox 672 2997 939 3053; x_wconf 76' lang='lat' dir='ltr'><strong>numen,</strong></span> <span class='ocrx_word' id='word_1_225' title='bbox 1005 2975 1173 3041; x_wconf 89' lang='lat' dir='ltr'><strong>baud</strong></span> <span class='ocrx_word' id='word_1_226' title='bbox 1235 2995 1421 3043; x_wconf 86' lang='lat' dir='ltr'><strong>secus</strong></span> <span class='ocrx_word' id='word_1_227' title='bbox 1487 2993 1682 3060; x_wconf 87' lang='lat' dir='ltr'><strong>quam</strong></span> <span class='ocrx_word' id='word_1_228' title='bbox 1733 2975 1797 3038; x_wconf 89' lang='lat' dir='ltr'><strong>in</strong></span> <span class='ocrx_word' id='word_1_229' title='bbox 1847 2972 2175 3049; x_wconf 76' lang='lat' dir='ltr'><strong>Palladio,</strong></span> <span class='ocrx_word' id='word_1_230' title='bbox 2223 2992 2424 3058; x_wconf 89' lang='lat' dir='ltr'><strong>quare</strong></span> <span class='ocrx_word' id='word_1_231' title='bbox 2472 2971 2569 3037; x_wconf 87' lang='lat' dir='ltr'><strong>sic</strong></span> 
     </span>
     <span class='ocr_line' id='line_1_27' title="bbox 202 3083 427 3167; baseline 0.013 -21"><span class='ocrx_word' id='word_1_232' title='bbox 202 3083 427 3167; x_wconf 82' lang='lat' dir='ltr'><strong>pergit:</strong></span> 
     </span>
    </p>

    <p class='ocr_par' dir='ltr' id='par_1_3' title="bbox 456 3181 2267 3254">
     <span class='ocr_line' id='line_1_28' title="bbox 456 3181 2267 3254; baseline -0.003 -1"><span class='ocrx_word' id='word_1_233' title='bbox 456 3188 641 3254; x_wconf 85' lang='lat' dir='ltr'><strong>Hanc</strong></span> <span class='ocrx_word' id='word_1_234' title='bbox 689 3194 906 3252; x_wconf 90' lang='lat' dir='ltr'><strong>tamen</strong></span> <span class='ocrx_word' id='word_1_235' title='bbox 956 3187 1315 3252; x_wconf 87' lang='lat' dir='ltr'><strong>inmensam</strong></span> <span class='ocrx_word' id='word_1_236' title='bbox 1369 3184 1641 3251; x_wconf 86' lang='lat' dir='ltr'><strong>Calchas</strong></span> <span class='ocrx_word' id='word_1_237' title='bbox 1691 3182 1982 3249; x_wconf 86' lang='lat' dir='ltr'><strong>attollere</strong></span> <span class='ocrx_word' id='word_1_238' title='bbox 2033 3181 2267 3249; x_wconf 87' lang='lat' dir='ltr'><strong>molem</strong></span> 
     </span>
    </p>

    <p class='ocr_par' dir='ltr' id='par_1_4' title="bbox 458 3290 1986 3378">
     <span class='ocr_line' id='line_1_29' title="bbox 458 3290 1986 3378; baseline -0.004 -20"><span class='ocrx_word' id='word_1_239' title='bbox 458 3291 799 3359; x_wconf 86' lang='lat' dir='ltr'><strong>roboribus</strong></span> <span class='ocrx_word' id='word_1_240' title='bbox 847 3294 1041 3358; x_wconf 85' lang='lat' dir='ltr'><strong>textis</strong></span> <span class='ocrx_word' id='word_1_241' title='bbox 1088 3292 1390 3378; x_wconf 89' lang='lat' dir='ltr'><strong>caeloque</strong></span> <span class='ocrx_word' id='word_1_242' title='bbox 1437 3290 1711 3356; x_wconf 90' lang='lat' dir='ltr'><strong>educere</strong></span> <span class='ocrx_word' id='word_1_243' title='bbox 1759 3291 1986 3365; x_wconf 84' lang='lat' dir='ltr'><strong>iussit,</strong></span> 
     </span>
    </p>

    <p class='ocr_par' dir='ltr' id='par_1_5' title="bbox 459 3395 2114 3482">
     <span class='ocr_line' id='line_1_30' title="bbox 459 3395 2114 3482; baseline -0.004 -19"><span class='ocrx_word' id='word_1_244' title='bbox 459 3417 538 3463; x_wconf 90' lang='lat' dir='ltr'><strong>ne</strong></span> <span class='ocrx_word' id='word_1_245' title='bbox 587 3398 788 3482; x_wconf 92' lang='lat' dir='ltr'><strong>recipi</strong></span> <span class='ocrx_word' id='word_1_246' title='bbox 841 3397 1041 3481; x_wconf 89' lang='lat' dir='ltr'><strong>portis</strong></span> <span class='ocrx_word' id='word_1_247' title='bbox 1086 3407 1201 3462; x_wconf 89' lang='lat' dir='ltr'><strong>aut</strong></span> <span class='ocrx_word' id='word_1_248' title='bbox 1248 3395 1398 3462; x_wconf 87' lang='lat' dir='ltr'><strong>duci</strong></span> <span class='ocrx_word' id='word_1_249' title='bbox 1449 3396 1515 3459; x_wconf 92' lang='lat' dir='ltr'><strong>in</strong></span> <span class='ocrx_word' id='word_1_250' title='bbox 1567 3395 1817 3459; x_wconf 91' lang='lat' dir='ltr'><strong>moenia</strong></span> <span class='ocrx_word' id='word_1_251' title='bbox 1865 3400 2114 3478; x_wconf 89' lang='lat' dir='ltr'><strong>posset,</strong></span> 
     </span>
    </p>

    <p class='ocr_par' dir='ltr' id='par_1_6' title="bbox 452 3485 1961 3589">
     <span class='ocr_line' id='line_1_31' title="bbox 452 3485 1961 3589; baseline -0.004 -22"><span class='ocrx_word' id='word_1_252' title='bbox 452 3522 579 3567; x_wconf 79' lang='lat' dir='ltr'><strong>neu</strong></span> <span class='ocrx_word' id='word_1_253' title='bbox 619 3500 921 3589; x_wconf 81' lang='lat' dir='ltr'><strong>populum</strong></span> <span class='ocrx_word' id='word_1_254' title='bbox 962 3502 1220 3587; x_wconf 77' lang='lat' dir='ltr'><strong>antiqua</strong></span> <span class='ocrx_word' id='word_1_255' title='bbox 1248 3501 1380 3566; x_wconf 80' lang='lat' dir='ltr'><strong>’sub</strong></span> <span class='ocrx_word' id='word_1_256' title='bbox 1425 3485 1730 3585; x_wconf 66' lang='lat' dir='ltr'><strong>relr&#39;qione</strong></span> <span class='ocrx_word' id='word_1_257' title='bbox 1777 3497 1961 3562; x_wconf 80' lang='lat' dir='ltr'><strong>tueri.</strong></span> 
     </span>
    </p>

    <p class='ocr_par' dir='ltr' id='par_1_7' title="bbox 283 3602 2570 3691">
     <span class='ocr_line' id='line_1_32' title="bbox 283 3602 2570 3691; baseline -0.001 -20"><span class='ocrx_word' id='word_1_258' title='bbox 283 3605 453 3685; x_wconf 83' lang='lat' dir='ltr'><strong>Quae</strong></span> <span class='ocrx_word' id='word_1_259' title='bbox 518 3605 576 3672; x_wconf 90' lang='lat' dir='ltr'><strong>si</strong></span> <span class='ocrx_word' id='word_1_260' title='bbox 638 3625 789 3672; x_wconf 84' lang='lat' dir='ltr'><strong>vera</strong></span> <span class='ocrx_word' id='word_1_261' title='bbox 852 3613 949 3670; x_wconf 91' lang='lat' dir='ltr'><strong>est</strong></span> <span class='ocrx_word' id='word_1_262' title='bbox 996 3625 1137 3671; x_wconf 77' lang='lat' dir='ltr'><strong>meu</strong></span> <span class='ocrx_word' id='word_1_263' title='bbox 1187 3604 1636 3691; x_wconf 86' lang='lat' dir='ltr'><strong>interpretatio</strong></span> <span class='ocrx_word' id='word_1_264' title='bbox 1687 3602 2021 3669; x_wconf 87' lang='lat' dir='ltr'><strong>verborum</strong></span> <span class='ocrx_word' id='word_1_265' title='bbox 2072 3621 2421 3688; x_wconf 78' lang='lat' dir='ltr'><strong>numenque</strong></span> <span class='ocrx_word' id='word_1_266' title='bbox 2467 3622 2570 3668; x_wconf 85' lang='lat' dir='ltr'><strong>re-</strong></span> 
     </span>
    </p>

    <p class='ocr_par' dir='ltr' id='par_1_8' title="bbox 206 3702 2022 3794">
     <span class='ocr_line' id='line_1_33' title="bbox 206 3702 2022 3794; baseline 0.001 -23"><span class='ocrx_word' id='word_1_267' title='bbox 206 3706 447 3788; x_wconf 75' lang='lat' dir='ltr'><strong>ducant,</strong></span> <span class='ocrx_word' id='word_1_268' title='bbox 500 3729 763 3776; x_wconf 90' lang='lat' dir='ltr'><strong>necesse</strong></span> <span class='ocrx_word' id='word_1_269' title='bbox 807 3719 904 3774; x_wconf 88' lang='lat' dir='ltr'><strong>est</strong></span> <span class='ocrx_word' id='word_1_270' title='bbox 953 3730 1208 3776; x_wconf 87' lang='lat' dir='ltr'><strong>versum</strong></span> <span class='ocrx_word' id='word_1_271' title='bbox 1259 3719 1668 3794; x_wconf 89' lang='lat' dir='ltr'><strong>sequentem:</strong></span> <span class='ocrx_word' id='word_1_272' title='bbox 2013 3702 2022 3710; x_wconf 78' lang='grc'><strong><em>’</em></strong></span> 
     </span>
    </p>

    <p class='ocr_par' dir='ltr' id='par_1_9' title="bbox 210 3811 2574 4334">
     <span class='ocr_line' id='line_1_34' title="bbox 462 3811 2153 3900; baseline -0.001 -21"><span class='ocrx_word' id='word_1_273' title='bbox 462 3813 636 3900; x_wconf 87' lang='lat' dir='ltr'><strong>quod</strong></span> <span class='ocrx_word' id='word_1_274' title='bbox 678 3814 902 3899; x_wconf 84' lang='lat' dir='ltr'><strong>pelago</strong></span> <span class='ocrx_word' id='word_1_275' title='bbox 948 3823 1009 3880; x_wconf 90' lang='lat' dir='ltr'><strong>et</strong></span> <span class='ocrx_word' id='word_1_276' title='bbox 1058 3817 1276 3880; x_wconf 89' lang='lat' dir='ltr'><strong>curvis</strong></span> <span class='ocrx_word' id='word_1_277' title='bbox 1322 3833 1542 3879; x_wconf 90' lang='lat' dir='ltr'><strong>secum</strong></span> <span class='ocrx_word' id='word_1_278' title='bbox 1592 3831 1861 3879; x_wconf 87' lang='lat' dir='ltr'><strong>avexere</strong></span> <span class='ocrx_word' id='word_1_279' title='bbox 1909 3811 2153 3877; x_wconf 88' lang='lat' dir='ltr'><strong>carinis</strong></span> 
     </span>
     <span class='ocr_line' id='line_1_35' title="bbox 211 3914 2571 4004; baseline 0.002 -25"><span class='ocrx_word' id='word_1_280' title='bbox 211 3932 323 3981; x_wconf 85' lang='lat' dir='ltr'><strong>non</strong></span> <span class='ocrx_word' id='word_1_281' title='bbox 359 3937 499 3985; x_wconf 87' lang='lat' dir='ltr'><strong>esse</strong></span> <span class='ocrx_word' id='word_1_282' title='bbox 542 3918 846 4003; x_wconf 84' lang='lat' dir='ltr'><strong>Vergilii,</strong></span> <span class='ocrx_word' id='word_1_283' title='bbox 893 3918 1002 3984; x_wconf 88' lang='lat' dir='ltr'><strong>sed</strong></span> <span class='ocrx_word' id='word_1_284' title='bbox 1048 3921 1261 3986; x_wconf 88' lang='lat' dir='ltr'><strong>nescio</strong></span> <span class='ocrx_word' id='word_1_285' title='bbox 1299 3921 1487 3985; x_wconf 88' lang='lat' dir='ltr'><strong>cuius</strong></span> <span class='ocrx_word' id='word_1_286' title='bbox 1524 3917 2038 4004; x_wconf 88' lang='lat' dir='ltr'><strong>interpolatoris,</strong></span> <span class='ocrx_word' id='word_1_287' title='bbox 2090 3914 2571 3983; x_wconf 83' lang='lat' dir='ltr'><strong>substantivum</strong></span> 
     </span>
     <span class='ocr_line' id='line_1_36' title="bbox 210 4018 2574 4110; baseline 0.002 -28"><span class='ocrx_word' id='word_1_288' title='bbox 210 4038 420 4088; x_wconf 70' lang='lat' dir='ltr'><strong>numen</strong></span> <span class='ocrx_word' id='word_1_289' title='bbox 480 4043 819 4110; x_wconf 88' lang='lat' dir='ltr'><strong>perperam</strong></span> <span class='ocrx_word' id='word_1_290' title='bbox 880 4024 1312 4110; x_wconf 88' lang='lat' dir='ltr'><strong>intellegentis</strong></span> <span class='ocrx_word' id='word_1_291' title='bbox 1375 4032 1439 4089; x_wconf 90' lang='lat' dir='ltr'><strong>et</strong></span> <span class='ocrx_word' id='word_1_292' title='bbox 1505 4031 1768 4110; x_wconf 89' lang='lat' dir='ltr'><strong>propter</strong></span> <span class='ocrx_word' id='word_1_293' title='bbox 1831 4021 1988 4087; x_wconf 91' lang='lat' dir='ltr'><strong>illud</strong></span> <span class='ocrx_word' id='word_1_294' title='bbox 2049 4021 2351 4087; x_wconf 79' lang='lat' dir='ltr'><strong>reducant</strong></span> <span class='ocrx_word' id='word_1_295' title='bbox 2409 4018 2574 4086; x_wconf 90' lang='lat' dir='ltr'><strong>male</strong></span> 
     </span>
     <span class='ocr_line' id='line_1_37' title="bbox 212 4124 2574 4194; baseline 0.002 -6"><span class='ocrx_word' id='word_1_296' title='bbox 212 4129 577 4194; x_wconf 86' lang='lat' dir='ltr'><strong>somniantis</strong></span> <span class='ocrx_word' id='word_1_297' title='bbox 638 4127 714 4194; x_wconf 90' lang='lat' dir='ltr'><strong>de</strong></span> <span class='ocrx_word' id='word_1_298' title='bbox 777 4127 1059 4193; x_wconf 87' lang='lat' dir='ltr'><strong>Palladio</strong></span> <span class='ocrx_word' id='word_1_299' title='bbox 1124 4137 1345 4194; x_wconf 88' lang='lat' dir='ltr'><strong>avecto</strong></span> <span class='ocrx_word' id='word_1_300' title='bbox 1405 4130 1470 4194; x_wconf 91' lang='lat' dir='ltr'><strong>in</strong></span> <span class='ocrx_word' id='word_1_301' title='bbox 1536 4127 1898 4194; x_wconf 87' lang='lat' dir='ltr'><strong>Graeciam.</strong></span> <span class='ocrx_word' id='word_1_302' title='bbox 1985 4125 2156 4193; x_wconf 89' lang='lat' dir='ltr'><strong>Nihil</strong></span> <span class='ocrx_word' id='word_1_303' title='bbox 2204 4133 2421 4192; x_wconf 89' lang='lat' dir='ltr'><strong>antem</strong></span> <span class='ocrx_word' id='word_1_304' title='bbox 2469 4124 2574 4192; x_wconf 90' lang='lat' dir='ltr'><strong>lu-</strong></span> 
     </span>
     <span class='ocr_line' id='line_1_38' title="bbox 213 4231 1387 4334; baseline 0.007 -43"><span class='ocrx_word' id='word_1_305' title='bbox 213 4246 454 4299; x_wconf 83' lang='lat' dir='ltr'><strong>cramur</strong></span> <span class='ocrx_word' id='word_1_306' title='bbox 502 4231 928 4334; x_wconf 72' lang='lat' dir='ltr'><strong>Peerlkampii</strong></span> <span class='ocrx_word' id='word_1_307' title='bbox 976 4235 1387 4301; x_wconf 88' lang='lat' dir='ltr'><strong>coniectura:</strong></span> 
     </span>
    </p>

    <p class='ocr_par' dir='ltr' id='par_1_10' title="bbox 602 4336 2165 4424">
     <span class='ocr_line' id='line_1_39' title="bbox 602 4336 2165 4424; baseline -0.003 -21"><span class='ocrx_word' id='word_1_308' title='bbox 602 4336 771 4423; x_wconf 89' lang='lat' dir='ltr'><strong>quod</strong></span> <span class='ocrx_word' id='word_1_309' title='bbox 820 4337 1042 4423; x_wconf 82' lang='lat' dir='ltr'><strong>pelago</strong></span> <span class='ocrx_word' id='word_1_310' title='bbox 1094 4340 1269 4424; x_wconf 88' lang='lat' dir='ltr'><strong>turpi</strong></span> <span class='ocrx_word' id='word_1_311' title='bbox 1320 4359 1541 4406; x_wconf 88' lang='lat' dir='ltr'><strong>secum</strong></span> <span class='ocrx_word' id='word_1_312' title='bbox 1597 4355 1864 4405; x_wconf 82' lang='lat' dir='ltr'><strong>avexere</strong></span> <span class='ocrx_word' id='word_1_313' title='bbox 1915 4337 2165 4424; x_wconf 88' lang='lat' dir='ltr'><strong>rapina.</strong></span> 
     </span>
    </p>
   </div>
   <div class='ocr_carea' id='block_1_3' title="bbox 2853 289 2859 857">
    <p class='ocr_par' dir='ltr' id='par_1_11' title="bbox 2853 289 2859 857">
     <span class='ocr_line' id='line_1_40' title="bbox 2853 289 2859 857; baseline 0 0"><span class='ocrx_word' id='word_1_314' title='bbox 2853 289 2859 857; x_wconf 95' lang='lat' dir='ltr'><strong> </strong></span> 
     </span>
    </p>
   </div>
  </div>
 </body>
</html>
