2934 5050
299 276 457 345 ’356
1349 295 1690 344 nomios.
2824 19 2897 368 W

314 467 627 533 librorum
672 471 964 531 veterum
1012 472 1135 538 τοῖς
1184 465 1495 537 'Are-mors
1541 464 1914 545 γράμμασιν
1959 473 2362 534 exaratorum
2408 467 2689 533 lectioni·
2892 431 2897 648 4

316 572 438 636 bus
478 591 697 637 veram
746 570 1020 635 formam
1066 591 1434 655 recuperare
1480 571 1740 636 tandem
1785 576 2105 656 poterunt.

403 676 733 742 Proferam
791 676 999 762 igitur
1057 696 1224 740 nunc
1281 675 1452 741 locos
1510 674 1782 741 Homeri
1839 677 1954 741 ubi
2031 686 2145 741 OT
2195 682 2261 742 et
2307 687 2380 741 Ω.
2428 680 2594 744 inter
2633 699 2697 743 se

313 781 572 848 confusa
615 782 892 846 fuerunt.
941 780 1175 845 Editur
1221 779 1403 845 Iliad.
1453 791 1533 844 Π.
1586 778 1738 845 363.

583 886 759 951 ἀλλὰ
806 884 913 949 καὶ
959 881 1035 958 ὦς
1087 883 1420 964 ἀνέμιμνε,
1467 884 1629 950 σοὶΩ.
1678 884 1732 949 δ’
1778 883 2011 964 ἐρίηρας
2062 887 2335 969 ἑταίρους
2360 935 2376 951 .

309 995 380 1056 et
424 998 498 1057 Φ.
548 988 706 1057 238.

583 1096 724 1171 τοὺς
773 1095 846 1160 δ’·
874 1094 1161 1173 ἔκβαλλε
1208 1093 1424 1176 θύραζε
1453 1130 1537 1142 -
1565 1091 1745 1171 ζωοὺς
1786 1093 1847 1158 δὲ
1893 1094 2078 1160 cdo..

311 1201 533 1267 eadem
579 1200 784 1267 forma
823 1205 921 1266 est
966 1201 1335 1284 imperativi
1383 1197 1612 1285 Odyss.
1662 1223 1713 1263 ν.
1768 1196 1924 1265 230.

573 1306 750 1372 ἀλλὰ
796 1302 958 1371 edo.
1004 1304 1118 1382 μὲν
1165 1309 1418 1382 ταῦτα,
1470 1302 1633 1367 eoin
1681 1304 1734 1367 δ’
1784 1304 1934 1380 ἐμὲ.

313 1416 380 1475 et
422 1435 473 1491 ρ.
524 1409 677 1476 595.

584 1517 772 1583 αὐτὸν
816 1515 931 1594 μέν
977 1539 1048 1582 σε
1095 1522 1309 1598 πρῶτα
1356 1514 1516 1580 cain
1566 1514 1669 1579 καὶ
1712 1513 1945 1595 Φράζεο
1991 1517 2158 1597 θυμῷ

578 1622 668 1699 μή
715 1643 777 1687 τι
824 1621 1022 1704 πάθῃς
1045 1671 1060 1687 .

401 1724 580 1792 Haec
639 1731 736 1793 est
794 1725 1065 1813 vulgata
1126 1729 1192 1791 et
1248 1727 1531 1810 antiquis
1575 1726 1847 1791 testibus
1894 1724 2183 1790 stabilita
2224 1723 2439 1791 lectio.
2488 1725 2688 1811 Hesy—

311 1829 529 1897 chius:
580 1840 800 1898 cAn:
849 1830 1041 1913 σῶζε,
1090 1835 1299 1895 σῶσον.
1369 1827 1749 1914 Apollonius
1792 1830 1939 1893 Lex.
1983 1830 2159 1894 Hom.
2212 1839 2398 1895 CAss
2420 1880 2436 1896 .

581 1936 760 2002 ἀλλὰ
807 1934 937 2001 σα’ω
986 1936 1100 2015 μὲν
1140 1939 1393 2013 ταῦτα,
1443 1933 1574 1998 σάω
1625 1933 1680 1998 δ’
1729 1932 1879 2010 ἐμέ.

400 2041 540 2107 ἀντὶ
585 2047 692 2107 τοῦ
741 2040 914 2122 σῶζε.

399 2145 528 2213 Sed
590 2167 751 2232 quae
811 2145 1068 2212 tandem
1087 2195 1105 2224 ,
1169 2164 1401 2229 quaeso
1418 2193 1434 2223 ,
1499 2165 1632 2210 esse
1687 2148 1900 2229 potuit
1946 2145 2151 2211 forma
2194 2145 2417 2212 eadem
2464 2149 2696 2231 imper-

307 2251 460 2318 fecti
518 2256 584 2317 et
641 2253 1010 2336 imperativi
1078 2248 1302 2316 CA-st?
1363 2249 1612 2334 Nempe
1672 2250 1732 2312 ἐν
1793 2257 1922 2322 τοῖς
1982 2259 2278 2322 παλαιοῖς
2332 2250 2695 2331 ἐγέγραπτο

313 2366 513 2431 CAO,
575 2354 941 2437 παρεφθιέρη
1004 2354 1067 2421 δὲ
1131 2357 1246 2421 ὑπὸ
1306 2361 1424 2420 τῶν
1485 2353 2244 2434 μεταχαρακτηρισῶντων
2263 2403 2282 2433 ,
2347 2359 2460 2440 qui
2532 2355 2695 2422 coe'n

304 2463 691 2547 scripserunt
750 2480 952 2547 quum
1012 2458 1214 2526 σιέΟΤ
1268 2459 1597 2526 ἀθὴθποῑιῐ.
1660 2459 1814 2523 Erat
1860 2459 2131 2526 verbum
2174 2460 2451 2546 Epicum
2500 2466 2693 2528 σαοῦν

300 2587 416 2654 pro
475 2564 682 2646 σώζειν
700 2614 718 2643 ,
779 2566 962 2632 cuius
1020 2565 1338 2651 plurimae
1383 2565 1624 2630 formae
1669 2566 1909 2649 passim
1954 2567 2022 2629 in
2066 2564 2337 2631 Homeri
2383 2570 2688 2633 carmini-

301 2672 424 2736 bus
466 2671 806 2759 leguntur,
855 2670 1148 2747 σαώσεις,
1203 2676 1486 2747 σαῶσαι,
1536 2672 1837 2742 σαωθῆναι
1889 2676 2007 2736 cet.
2079 2669 2456 2757 Imperativi
2496 2674 2693 2737 aoris-

301 2782 407 2841 tus
452 2782 550 2841 est
593 2775 828 2841 σάωσον
871 2775 1036 2842 Hiad
1079 2786 1161 2840 Λ.
1212 2773 1367 2840 827.

574 2882 723 2946 ἀλλ’
768 2882 881 2959 ἐμὲ
924 2882 1039 2960 μὲν
1084 2880 1161 2944 σὺ
1201 2878 1434 2945 σάωσον
1482 2877 1656 2957 ἄγων
1704 2879 1803 2943 ἐπὶ
1855 2889 1968 2955 νῆα
2020 2879 2360 2959 μέλαιναν.

302 2992 368 3053 et
413 2985 639 3074 Odyss.
688 2985 741 3051 3.
791 2983 943 3052 765.

570 3096 689 3155 τῶν
737 3094 837 3155 νῦν
881 3114 985 3169 μοι
1033 3099 1265 3168 μνῆσαι
1313 3090 1422 3155 καί
1465 3114 1569 3167 μοι
1616 3090 1801 3170 φίλον
1847 3087 1951 3155 υἷα
1999 3088 2255 3154 σάωσον.

396 3193 569 3260 Satis
586 3241 603 3271 ‚
675 3196 858 3261 credo
875 3244 892 3272 ,
963 3198 1371 3280 perspicuum
1434 3200 1532 3259 est
1591 3198 1822 3260 aoristo
1884 3193 2120 3259 σάωσον
2179 3215 2474 3280 praesens
2534 3195 2694 3262 σιίου

307 3300 677 3386 respondere
722 3305 788 3366 et
833 3301 1282 3385 imperfectum
1326 3299 1518 3365 σάουτ

570 3406 747 3471 ἀλλὰ
793 3405 899 3469 καὶ
949 3400 1025 3478 ὦς
1075 3404 1409 3483 ἀνέμιμνε,
1458 3402 1662 3470 σοὶΟΤ
1708 3404 1762 3467 δ’
1810 3405 2042 3484 ἐρίηρας
2092 3402 2406 3483 ἑταίρους.

301 3508 447 3575 Nisi
504 3512 928 3576 vetustissimi
972 3511 1200 3575 erroris
1245 3512 1425 3597 origo
1472 3516 1610 3574 tam
1651 3509 1896 3595 liquido
1938 3514 2185 3594 pateret
2200 3556 2218 3585 ,
2266 3508 2687 3576 haesitaverit

303 3614 535 3700 aliquis
587 3620 652 3681 et
699 3622 835 3680 tam
880 3619 1208 3682 vetustam
1254 3617 1634 3699 scripturam
1680 3613 2034 3681 convellere
2077 3616 2190 3679 vix
2235 3615 2427 3679 ausit.
2498 3614 2689 3680 Nunc

300 3718 512 3786 labem
573 3718 978 3794 manifestam
1040 3718 1247 3785 veluti
1296 3719 1498 3785 oculis
1543 3722 1861 3785 cernimus
1905 3719 2328 3803 manibusque
2370 3723 2689 3785 tenemus.

391 3927 569 3994 Male
627 3928 1101 3995 confunduntur
1156 3932 1224 3994 in
1268 3930 1538 3996 Homeri
1583 3930 1989 3996 Editionibus
2035 3928 2167 3995 δύο
2218 3935 2283 3995 et
2327 3927 2500 3996 δύα.
2570 3928 2691 3994 Ve-

299 4040 407 4100 tus
460 4037 773 4121 scriptura
837 4043 1011 4106 ΔΤΟ
1061 4054 1174 4119 pro
1220 4055 1288 4100 re
1333 4038 1487 4099 nata
1529 4037 1595 4099 in
1641 4035 1899 4100 brevem
1944 4033 2234 4102 vocalem
2279 4039 2393 4100 aut
2438 4036 2508 4098 in
2552 4032 2690 4099 lon·

303 4158 457 4225 gam
520 4141 753 4206 exibat.
825 4139 1134 4204 Peccatur
1177 4140 1383 4225 igitur
1426 4138 1542 4203 ubi
1588 4140 1689 4204 δύο
1737 4139 2079 4204 secundm
2125 4139 2447 4226 syllabam
2492 4138 2691 4204 habet

296 4243 608 4326 positione
660 4243 1035 4328 productam
1056 4291 1073 4321 ,
1120 4242 1328 4310 veluti
1373 4242 1556 4309 Iliad.
1608 4254 1686 4309 Ο.
1737 4243 1892 4309 324.
1944 4243 2057 4309 δύω
2104 4244 2449 4318 κλονέουσι,
2497 4254 2564 4307 et.
2609 4251 2685 4306 Φ.

302 4343 434 4408 269
481 4352 544 4408 et
592 4345 744 4409 614.
793 4346 909 4411 δύω
956 4355 1200 4429 χρυσοῖο
1247 4345 1539 4412 τάλαντα
1566 4398 1581 4426 ,
1626 4356 1691 4414 et
1729 4348 1954 4434 Odyss.
1993 4373 2050 4414 ιι.
2092 4348 2241 4414 102.
2277 4346 2394 4413 δύω
2438 4346 2643 4427 κρίνας
2670 4395 2687 4421 ,
