2934 5050
1020 255 1424 343 rmmmetclt
1457 297 1530 343 ιτ
1578 297 1829 344 enirm.
2486 276 2610 341 1125

323 458 734 528 nanifestam
795 467 894 528 est
954 461 1369 530 Plutarchum
1432 484 1636 551 quum
1691 464 1847 532 haec
1907 463 2220 531 scriberet
2264 464 2338 531 τό
2381 489 2454 530 τε
2500 469 2608 530 τοῦ

224 566 594 645 Περικλέους
629 567 944 651 ψήφισμα
981 569 1086 636 καὶ
1132 571 1205 637 τὸ
1238 575 1346 636 τοῦ
1386 571 1640 651 Χαρίνου
1677 571 1756 636 ob
1795 570 2013 637 oeulos
2054 568 2373 637 habuisse.
2423 567 2606 650 Quod

227 674 405 739 enim
455 671 816 759 psephisma
860 674 1127 741 Periclis
1176 683 1399 741 narrat
1438 695 1578 742 esse
1618 677 1990 756 εὐγνώμονος
2032 676 2137 742 καὶ
2180 677 2605 759 Φιλανθρώπου

226 779 654 860 δικαιολογίας
715 780 1011 862 ἐχόμενον
1077 780 1404 849 Plutarchi
1469 780 1783 848 iudicium
1849 789 1983 858 est,
2047 781 2161 867 qui
2209 791 2412 847 totum
2461 800 2603 867 pse-

228 885 484 973 phisma
535 885 948 971 perlegisset,
1000 906 1278 973 namque
1338 888 1402 953 in
1453 887 1536 953 iis
1582 906 1747 973 quae
1797 886 1943 953 inde
1983 886 2324 973 descripsit
2371 886 2604 968 κήρυκα

227 993 596 1070 πεμφθῆναι
650 993 796 1072 πρὸς
842 994 1067 1066 αὐτοὺς
1114 993 1218 1059 καὶ
1267 994 1413 1074 πρὸς
1457 992 1979 1071 Λακεδαιμονίους
2027 993 2131 1058 τὸν
2178 991 2364 1057 αὐτὸν
2410 1015 2604 1067 κατη-

228 1103 533 1179 γοροῦντα
584 1104 702 1163 τῶν
748 1098 1093 1178 Μεγαρέων
1135 1096 1307 1164 nulla
1356 1099 1617 1163 omnino
1664 1106 1763 1164 est
1797 1098 2201 1176 δικαιολογία.
2275 1095 2394 1164 Sed
2440 1097 2607 1164 inest

232 1204 299 1268 in
351 1203 433 1268 iis
483 1211 672 1288 turpe
721 1201 1060 1280 mendum,
1109 1201 1277 1288 quod
1324 1202 1532 1270 obiter
1592 1206 1897 1272 eximam.
1949 1208 2413 1285 κατηγοροῦντα
2468 1221 2606 1268 cor·

229 1316 501 1395 ruptum
565 1315 698 1374 est:
762 1327 910 1374 nam
975 1327 1182 1394 neque
1244 1307 1508 1375 Fetialis
1568 1318 1667 1374 est
1725 1317 2090 1391 κατηγορεῖν
2135 1319 2199 1377 et
2247 1309 2607 1396 requiritur

230 1417 560 1502 futurum,
627 1432 750 1479 non
817 1432 1141 1500 praesens.
1238 1413 1403 1494 Quid
1489 1413 1735 1480 multa?
1824 1413 2113 1481 Emenda
2183 1419 2603 1495 κατεροῦντα,

229 1518 400 1606 quod
447 1521 513 1585 in
564 1537 640 1585 ea
687 1537 760 1584 re
828 1519 1113 1585 solemne
1168 1527 1231 1586 et
1294 1517 1656 1605 legitimum
1725 1519 1992 1586 verbum
2055 1529 2151 1587 est
2212 1529 2276 1587 et
2315 1540 2504 1605 saepe
2568 1540 2605 1587 a

230 1624 466 1691 scribis
529 1626 858 1710 corrumpi
923 1624 1208 1690 solitum.
1306 1623 1518 1690 Facile
1589 1631 1688 1691 est
1759 1645 1795 1689 a
1870 1624 2198 1693 Plutarchi
2261 1624 2474 1691 verbis
2535 1645 2608 1692 ea

233 1728 605 1796 discernere
631 1747 795 1815 quae
821 1729 1148 1808 αὑτολεξεί
1184 1749 1258 1795 ex
1306 1739 1577 1816 utroque
1621 1728 2063 1816 phephismate
2088 1728 2409 1817 descripta
2435 1738 2608 1797 sunt.

232 1835 525 1901 Primum
585 1836 1041 1914 ἀποτέμνεσθαι
1086 1837 1200 1910 τὴν
1244 1835 1507 1917 ὀργάδα.
1606 1833 1713 1901 Sic
1760 1846 2008 1902 veteres
2056 1836 2479 1903 Athenienses
2525 1836 2612 1902 lo·

230 1940 605 2028 quebantur
665 1948 729 2005 et
785 1941 997 2022 ἱερὰν,
1061 1938 1230 2026 quod
1297 1959 1469 2006 nunc
1520 1939 1683 2006 male
1731 1939 2059 2019 adhaesit,
2111 1950 2334 2007 natum
2386 1949 2483 2007 est
2531 1962 2611 2009 ex

228 2047 605 2132 sequiorum
652 2044 1151 2121 consuetudine,
1198 2046 1310 2131 qui
1360 2064 1589 2131 agrum
1636 2044 1853 2112 Cereri
1891 2056 1953 2112 et
2005 2046 2424 2133 Proserpinae
2461 2067 2610 2113 con·

227 2160 558 2219 secratum
626 2171 751 2217 non
814 2148 1106 2230 Ὀργάδα
1153 2149 1594 2238 appellabant,
1644 2150 1753 2217 sed
1803 2153 1912 2228 τὴν
1964 2159 2082 2231 γῆν
2130 2154 2240 2228 τὴν
2286 2151 2451 2233 ἱεράν
2496 2161 2611 2219 aut

226 2261 342 2334 τὴν
388 2258 601 2339 χώραν
645 2258 756 2332 τὴν
816 2254 1004 2337 ἱεράν.
1100 2254 1562 2322 Demosthenes
1609 2256 1743 2336 περὶ
1791 2256 2134 2336 συντάξεως
2184 2276 2244 2343 p.
2303 2262 2447 2323 175.
2496 2252 2612 2324 οἷον

225 2359 274 2430 ἃ
333 2363 480 2444 πρὸς
542 2360 685 2434 τοὺς
739 2360 1128 2444 καταράτους
1193 2361 1535 2442 Μεγαρέας
1592 2363 1986 2445 ἐψηφίσασθε
2051 2363 2610 2442 ἀποτεμνομέ-

229 2492 411 2542 νους
457 2468 599 2544 τὴν
645 2467 992 2549 ὀργάδα,
1041 2466 1598 2547 ἐξιέναι,κωλύειν,
1645 2470 1734 2547 μὴ
1771 2465 2134 2550 ἐπιτρέπειν.
2210 2467 2302 2534 Ex
2347 2467 2610 2536 Charini

230 2573 670 2663 psephismate
720 2574 1003 2660 primum
1056 2575 1367 2642 habemus
1419 2574 1717 2642 ἄσπονδον
1760 2576 1874 2653 μὲν
1922 2569 2076 2641 εἶναι
2123 2573 2231 2640 καὶ
2274 2575 2611 2656 ἀκήρυκτον

230 2680 500 2764 ἔχθραν,
541 2675 606 2754 ὃς
645 2680 699 2745 δ’
738 2678 815 2746 ἂν
854 2680 1045 2763 ἐπιβῇ
1082 2690 1194 2758 τῆς
1228 2683 1525 2759 ’Λττικῆς
1564 2679 1904 2759 Μεγαρέων
1946 2677 2186 2761 θανάτῳ
2225 2679 2604 2764 ζημιοῦσθαι.

234 2785 561 2853 Usitatum
620 2792 719 2849 est
784 2784 847 2849 in
915 2784 1026 2851 tali
1091 2805 1160 2852 re
1226 2785 1392 2871 quod
1459 2784 1628 2872 apud
1697 2783 2185 2852 Demosthenem
2234 2784 2473 2871 legitur
2534 2786 2612 2852 de

236 2891 477 2957 Comae
541 2908 601 2975 p.
644 2893 800 2957 314.
850 2887 921 2965 ἦν
975 2891 1101 2971 γὰρ
1160 2891 1458 2966 ἄσπονδος
1521 2893 1624 2957 καὶ
1689 2893 2024 2974 ἀκήρυκτος
2089 2892 2232 2968 ὑμῖν
2278 2890 2424 2972 πρὸς
2469 2891 2611 2963 τοὺς

229 2996 468 3069 θεατὰς
517 2994 829 3075 πόλεμος,
879 3015 1084 3082 neque
1129 3007 1228 3062 est
1275 2998 1410 3064 veri
1458 2996 1671 3063 simile
1713 2997 1924 3062 odium
1965 2995 2434 3062 internecivum
2480 2995 2608 3083 ple·

229 3102 468 3169 hiscito
506 3098 770 3167 decerni
831 3099 1156 3188 indicique
1217 3100 1329 3169 sed
1397 3103 1670 3177 bellum,
1740 3101 1933 3188 idque
1983 3101 2192 3188 ipsum
2258 3099 2608 3167 Charinum

231 3208 575 3294 scripsisse
624 3206 903 3273 arbitror
947 3205 1244 3275 ἄσπονδον
1288 3209 1402 3288 μὲν
1447 3203 1602 3273 εἶναι
1647 3206 1752 3273 καὶ
1806 3209 2147 3288 οὶκήρηκτον
2205 3203 2611 3285 πόλεμον,

234 3313 473 3401 quihus
545 3311 758 3377 verbis
819 3313 980 3378 scite
1053 3312 1440 3380 Plutarchus
1505 3313 1641 3399 ipse
1708 3313 1920 3378 utitur
1983 3314 2047 3378 in
2116 3314 2247 3378 vita
2308 3309 2614 3378 Aristidis

236 3438 380 3506 cap.
431 3418 481 3485 I.
532 3419 599 3484 οὐ
636 3417 765 3499 γάρ
826 3419 917 3487 ἔτι
978 3427 1104 3494 τοῖς
1151 3421 1411 3498 οὶγαθοῖς
1456 3419 1795 3501 ἀκήρυκτος
1845 3417 1948 3485 καὶ
1995 3417 2293 3490 ἄσπονδος
2340 3416 2613 3495 πόλεμος

238 3523 383 3605 πρὸς
430 3522 552 3595 τὰς
598 3524 773 3603 παρὰ,
818 3528 936 3589 τῶν
981 3525 1182 3605 φίλων
1227 3522 1475 3604 δωρεάς.
1571 3521 1818 3591 Deinde
1857 3522 2175 3591 Charinus
2213 3523 2302 3588 ita
2339 3522 2610 3608 scripse·

238 3636 376 3695 rat:
447 3630 500 3695 οἱ
557 3626 623 3693 δὲ
683 3629 980 3710 σρατηγοὶ
1042 3624 1191 3694 ὅταν
1249 3629 1510 3708 ὀμνύωσι
1573 3630 1677 3695 τὸν
1725 3627 1978 3711 πάτριον
2025 3626 2187 3710 ὅρκον
2231 3626 2615 3707 ἐπομνύντων

239 3729 331 3799 ὅτι
380 3734 487 3799 καὶ
537 3732 627 3807 δὶς
673 3734 799 3801 ἀνα
845 3738 974 3801 πᾶν
1021 3732 1151 3807 ἔτος
1201 3736 1286 3807 εἰς
1332 3736 1442 3810 τὴν
1491 3737 1856 3817 Μεγαρικὴν
1885 3736 2306 3815 ἐμβαλοῦσιν,
2350 3732 2611 3819 quibus·

238 3858 391 3905 cum
438 3835 660 3905 confer
722 3836 1167 3927 Thucydidem
1235 3838 1339 3905 lv.
1389 3842 1476 3906 66
1525 3847 1828 3920 Μεγαρῆς
1878 3838 2222 3925 πιεζόμενοι
2273 3840 2380 3905 ὑπ’
2429 3840 2614 3915 Ἀθη-

240 3945 417 4012 ναίων
460 3947 546 4027 τῷ
596 3944 846 4027 πολέμῳ
891 3945 989 4010 ἀεὶ
1037 3947 1182 4011 κατ’
1228 3944 1355 4018 ἔτος
1405 3940 1624 4015 ἕκαςον
1654 3943 1742 4017 δὶς
1780 3943 2217 4022 ἐσβαλλόντων
2254 3953 2612 4030 πανςρατιᾷ

240 4051 300 4123 ἐς
346 4051 459 4126 τὴν
503 4050 715 4132 χώραν
761 4051 890 4116 κτέ.
986 4050 1321 4117 Praeterea
1369 4050 1586 4135 arguit
1624 4052 1736 4126 τὴν
1772 4050 2051 4133 ἀρχαίαν
2093 4048 2352 4117 Ἀτθίδα
2378 4048 2615 4117 locutio

241 4155 362 4221 ἀνά
430 4160 560 4222 πάν
631 4154 784 4230 ἔτος.
879 4155 1125 4222 lterum
1187 4162 1455 4242 apparet
1516 4155 1856 4241 antiquum
1922 4174 2153 4221 nomen
2221 4156 2284 4220 in
2360 4154 2609 4221 verbis:

242 4267 522 4343 ταφῆναι
569 4261 632 4328 δὲ
679 4259 782 4327 τὸν
842 4259 1302 4342 Ἀνθεμόκριτον
1354 4262 1527 4342 παρὰ
1572 4261 1691 4332 τὰς
1740 4261 2040 4342 Θριασίας
2083 4262 2332 4338 πύλας,
2382 4258 2617 4346 quibus

247 4364 634 4433 Plutarchus
680 4364 762 4433 de
806 4384 926 4432 suo
964 4363 1247 4439 addidit:
1295 4358 1362 4432 αἳ
1409 4372 1509 4433 νῦν
1552 4368 1830 4433 Δίπυλον
1866 4364 2302 4447 ὀνομάζονται,
2341 4382 2620 4451 namque
