2934 5050
1009 309 1392 357 ruttonoetcA
1446 312 1517 358 ar
1563 312 1817 360 eumen.
2478 299 2608 362 227

230 475 682 542 unanima-at
744 477 807 544 δὲ
867 478 1099 556 αὐτοῦ,
1160 480 1239 552 ὡς
1301 479 1475 564 δρᾷς,
1544 480 1758 561 ὀλίγα.
1856 482 1962 551 Sic
2024 501 2169 570 pag.
2222 488 2375 551 584.
2432 484 2603 571 quod

230 580 535 649 Aristides
590 582 888 672 Sophiste
935 587 1075 659 τοὺς
1124 584 1554 668 Ἀριμασποὺς
1602 588 1744 662 τοὺς
1789 587 2228 670 μονομμῶτους
2275 586 2399 673 ἔφη
2441 589 2602 671 ξυγ-

226 697 422 766 γενεῖς
482 685 638 756 εἶναι
701 694 810 757 τοῦ
873 690 1222 770 Φιλίππου,
1284 702 1575 759 sumtum
1632 703 1731 760 est
1778 714 1854 761 ex
1908 693 2224 762 Herodoto
2267 695 2386 762 111.
2447 700 2600 768 116.

224 792 327 861 lv,
383 800 486 861 15.
582 794 883 882 Frigidus
950 807 1164 864 autem
1233 799 1414 865 iocus
1477 807 1575 866 est
1635 808 1700 866 et
1765 800 2065 881 inficetus
2119 809 2186 868 et
2229 802 2372 877 τοὺς
2417 826 2599 882 μονο-

221 901 545 983 Φθάλμους
593 902 701 969 καὶ
749 902 1251 987 ἓτεροφθοὶλμους
1297 903 1776 974 confundentia.

301 1113 371 1179 In
418 1111 709 1181 Hernicis
755 1133 816 1199 p.
866 1117 996 1181 677
1049 1122 1276 1181 narrat
1323 1110 1674 1183 Homerum
1724 1116 1884 1185 alios
1929 1119 2193 1185 omnino
2240 1138 2364 1185 non
2416 1139 2594 1187 com·

221 1239 630 1297 memorasse,
677 1218 836 1285 alios
876 1219 1083 1287 obiter
1128 1231 1378 1289 tantum
1422 1230 1489 1289 et
1525 1225 1751 1310 paucis
1795 1224 2119 1292 versibus:
2169 1224 2275 1293 καὶ
2318 1231 2437 1292 τῶν
2474 1227 2592 1305 μὲν

219 1325 339 1391 οὐδὲ
378 1327 822 1405 ἐπιμνησθῆναι
860 1326 1269 1410 τοπαράπαν,
1315 1336 1441 1403 τοῖς
1483 1329 1547 1395 δὲ
1581 1331 1890 1398 ἀναθεῖναι
1933 1338 2241 1398 ΤΡΙΗΡΗ
2280 1330 2592 1414 τεττάρων

218 1433 384 1499 ἐπῶν.
477 1432 621 1500 Non
687 1432 951 1498 memini
1001 1453 1101 1499 me
1144 1432 1362 1499 videre
1408 1434 1731 1501 triremem
1780 1437 1986 1522 magis
2035 1438 2405 1525 importuno
2452 1438 2592 1506 loco

217 1538 498 1623 positam.
615 1536 842 1604 Editor
902 1537 991 1604 nil
1055 1538 1210 1605 mali
1268 1539 1676 1625 suspicatur,
1750 1540 2166 1628 quamobrem
2242 1543 2306 1608 in
2372 1542 2591 1612 Indice

217 1643 548 1737 verborum
615 1645 875 1726 Τριήρης
937 1645 1249 1726 τεττάρων
1310 1646 1468 1712 ε’πῶν
1517 1647 1938 1733 conspicitur.
2041 1647 2206 1713 Vera
2253 1647 2445 1714 lectio
2492 1657 2591 1716 est

212 1750 513 1817 ἀναθεῖναι
580 1759 1400 1819 ΤΡΙΗΤΕΤΤΛΡΛΤΩΝ
1462 1751 1622 1818 ε’πῶν
1683 1751 1746 1818 id
1795 1761 1897 1820 est
1941 1755 2089 1835 τρί’
2132 1754 2168 1830 ἢ
2216 1752 2589 1836 τέτταρα

213 1863 317 1922 τῶν
361 1858 564 1933 ἐπῶν,
610 1865 677 1923 et
722 1857 999 1923 triremis
1044 1868 1271 1924 tenues
1318 1856 1565 1944 dilapsa
1613 1866 1712 1925 est
1754 1859 2061 1926 inauras.
2135 1858 2452 1926 Dicebant
2492 1860 2586 1929 δύ’

211 1962 242 2038 ἢ
284 1972 483 2046 τρεῖς,
533 1965 680 2045 τρί’
725 1963 761 2041 ἢ
815 1964 1130 2046 τέτταρα,
1175 1983 1341 2052 quae
1387 1964 1755 2052 scripturae
1802 1973 2052 2033 veteres
2100 1983 2291 2053 saepe
2340 1973 2479 2033 tuto
2519 1968 2585 2035 iu

209 2078 504 2158 corrupta
554 2068 831 2136 lectione
876 2068 1283 2137 delitescunt.

289 2281 536 2349 vitiose
585 2278 917 2347 abundant
961 2278 1128 2349 duae
1175 2280 1466 2349 litet-ulae
1514 2299 1574 2367 p.
1602 2283 1734 2348 688
1771 2279 2177 2357 κελεύσαντος
2210 2282 2335 2350 ἀπὸ
2374 2282 2588 2363 γλώτ-

205 2413 305 2465 της
350 2390 523 2471 αὐτῷ
575 2388 898 2466 σημαίνειν
942 2386 1142 2454 ὁπόσοι
1187 2393 1304 2454 τῶν
1349 2389 1631 2471 Ἀχαιῶν
1679 2387 1742 2452 ἕν
1790 2387 2010 2455 Αὐλίδι
2040 2390 2407 2473 Alfio-dero,
2454 2391 2587 2457 imo

207 2514 344 2563 vero
399 2496 643 2581 ᾔσθετο.
743 2492 934 2562 Vides
1002 2492 1169 2561 unde
1231 2492 1534 2561 mendum
1602 2502 1822 2561 natum
1889 2494 1996 2561 sit.
2093 2493 2342 2563 Similis
2402 2515 2587 2566 error

204 2611 291 2669 est
335 2624 398 2691 p.
448 2606 589 2670 696
640 2602 704 2668 in
754 2601 1090 2680 Διομνύνοοι
1137 2601 1241 2668 τὸν
1286 2599 1604 2683 Ἡροοκλέοι
1650 2620 1768 2689 pro
1813 2600 2090 2683 ὃμνύνοιι.

287 2815 435 2883 Sine
484 2835 684 2882 sensu
730 2814 947 2882 editur
994 2834 1138 2903 pag.
1191 2819 1345 2882 694.
1410 2816 1762 2882 Κυκλώπων
1806 2840 1877 2882 τε
1929 2815 2098 2898 αὐτῷ
2144 2814 2429 2892 ἐπενοήθη
2476 2816 2583 2896 γέ·

205 2945 287 2996 νος
332 2923 607 3003 obcenae
653 2930 764 2999 τῆς
812 2928 933 3002 γῆς
977 2921 1207 3005 Φύντες
1251 2920 1672 3001 Λαιςρυγόνες
1698 2945 1770 2987 τε
1816 2920 2292 2997 ainwa-chonam
2338 2917 2434 2995 οὓς
2476 2923 2581 2989 οὖ-

202 3027 313 3102 322.-
368 3026 529 3096 οἶδεν
594 3024 743 3094 ὅπου
803 3036 1318 3107 γεΝΟΜΕΝΟΙ.
1414 3025 1701 3094 Emenda
1763 3022 1913 3094 ὅπου
1977 3028 2448 3107 γεγόνασιν,
2513 3035 2579 3095 et

204 3135 405 3202 omnia
451 3133 648 3223 plana
694 3141 888 3199 erunt
934 3142 996 3200 et
1047 3134 1408 3222 perspicua.

284 3345 616 3415 Nestorem
683 3344 961 3434 appellat
1023 3366 1085 3433 p.
1136 3347 1268 3411 696
1329 3342 1715 3429 δημαγωγίᾳ
1772 3344 1841 3409 ἐκ
1885 3344 2201 3428 μειρακίου
2241 3342 2577 3427 ξυμβεβη.

206 3451 348 3518 κάτα
384 3490 477 3506 —-
515 3463 595 3538 τῇ
659 3450 1123 3536 σωφρονιζούσῃ.
1221 3449 1520 3517 Alienum
1584 3470 1725 3516 esse
1789 3448 1967 3516 vides
2032 3458 2097 3516 et
2143 3447 2491 3518 abhorrere
2537 3471 2576 3517 a

206 3554 313 3622 loci
367 3559 693 3625 sententia
759 3558 1173 3645 participium
1233 3554 1722 3636 ξυμβεβηκότοι,
1786 3563 1854 3621 at
1909 3563 1981 3621 tu
2050 3575 2285 3642 repone
2333 3553 2574 3636 ξυμβε-

206 3661 507 3741 βΊΩκότ-οε
562 3686 638 3731 ac
701 3665 865 3731 scito
911 3664 1167 3750 saepius
1212 3661 1632 3743 ξυμβεβηκώς
1681 3670 1747 3729 et
1787 3660 2236 3742 ξυμβεβιωκώς
2286 3663 2460 3728 inter
2504 3681 2574 3729 se

209 3779 479 3838 mutasse
523 3769 772 3838 locum:
808 3769 952 3852 vide
1003 3769 1335 3858 Polybium
1365 3769 1442 3836 X.
1484 3774 1521 3835 5
1568 3779 1632 3835 et
1679 3773 1751 3844 9.
1808 3768 1915 3834 ubi
1962 3766 2477 3848 συμβεβΗκότ-ων
2506 3770 2569 3836 iu

208 3870 378 3942 libris
414 3884 516 3944 est
549 3876 871 3943 sententia
907 3874 1474 3957 ουμβεβΙΩκότ-ων
1522 3874 1907 3962 postulante.

287 4087 504 4174 Neque
561 4090 744 4156 iuvat
798 4106 1005 4175 neque
1053 4108 1227 4155 nune
1276 4096 1461 4155 vacat
1512 4086 1880 4154 Philostrati
1934 4103 2189 4153 errores
2235 4083 2568 4173 colligere,

207 4192 427 4278 quibus
475 4187 774 4261 Graecae·
800 4195 1110 4261 orationis
1159 4196 1505 4283 puritatem
1557 4201 1620 4260 et
1668 4192 2106 4259 sinceritatem
2152 4193 2388 4278 passim
2431 4211 2567 4258 cor·

210 4299 374 4385 rupit
415 4308 480 4365 et
525 4297 680 4365 dum
718 4318 875 4365 nova
916 4307 980 4367 et
1020 4301 1343 4387 exquisita
1382 4306 1657 4367 venatur
1697 4299 1975 4385 turpiter
2015 4298 2304 4384 impegit.
2360 4297 2566 4364 Unum

213 4403 394 4470 verbo
440 4408 779 4492 attingam.
848 4404 996 4491 Pag.
1027 4410 1153 4472 715
1200 4404 1448 4472 scribit:
1506 4405 1682 4477 πόλις
1722 4405 1933 4479 Αἰολὶς
1972 4405 2318 4486 Λυρνησσὸς
2360 4403 2569 4486 ᾠκεῖτο
