2934 5050
1164 293 1243 341 An
1287 291 1692 342 rnummn.
2531 276 2614 341 87

238 459 572 528 Vaticanis
610 460 710 529 ed.
761 458 951 528 Dind.
1003 482 1063 549 p.
1110 466 1188 539 6,
1239 468 1299 529 4.
1351 464 1590 533 Eadem
1631 461 2030 550 Thucydidis
2054 462 2376 530 sententia
2399 461 2618 529 Cassio

230 564 569 638 obversata
618 565 876 635 videtur
923 565 1244 634 XXXVIII
1293 572 1378 634 36
1429 573 1464 654 §
1517 573 1578 635 2.

320 671 476 758 Cap.
514 675 598 739 65
646 669 806 739 initss:
854 673 958 739 καὶ
995 676 1095 738 νῦν
1133 677 1242 739 τοῦ
1280 674 1563 757 ἀφανοῦς
1609 699 1681 740 τε
1718 672 1936 741 τούτου
1975 673 2078 741 διὰ
2114 675 2186 741 τὸ
2230 672 2621 756 ἀτέκμαρτον

232 776 357 852 δέος
404 778 515 843 καὶ
561 780 666 846 διὰ
710 778 796 844 τὸ
858 778 968 856 ἤδη
1015 778 1426 862 φοβεροὺς
1480 779 1817 869 [παρόντας
1867 779 2252 865 Ἀθηναίους]
2301 782 2446 846 κατ’
2492 779 2614 860 ἄμ·

228 880 469 964 <pawn
513 883 968 963 ἐκπλαγέντες.
1045 883 1373 951 Reisltium
1418 883 1652 952 melius
1692 883 2015 972 quondam
2050 884 2409 952 correxisse
2448 883 2616 958 τοὺς

230 1009 343 1076 pro
387 989 479 1056 τὸ
527 1010 722 1077 quam
768 1009 972 1076 nuper
1013 988 1407 1056 Badhamnm
1450 991 1803 1074 φοβερόν
1854 1011 1967 1077 pro
2013 989 2426 1073 Φοβεροῦς
2467 1009 2611 1077 pro-

230 1094 402 1161 bavit
451 1095 616 1162 mihi
682 1094 971 1162 eiusdem
1032 1094 1294 1175 Dionis,
1342 1115 1537 1183 quam
1587 1116 1775 1163 nemo
1824 1096 2267 1185 Thucydidem
2318 1093 2615 1163 emenda·

228 1209 415 1267 turus
486 1201 755 1287 impune
845 1199 1172 1287 negleget,
1248 1200 1525 1289 diligens
1597 1202 2044 1289 perscrutatio.
2159 1199 2320 1268 Vide
2391 1201 2615 1269 Dionis

230 1305 437 1373 locum
492 1307 561 1373 in
605 1303 913 1373 Dindorfii
951 1304 1232 1374 editione
1280 1328 1342 1393 p.
1395 1311 1520 1387 79,
1570 1311 1692 1386 49,
1743 1307 1911 1374 unde
1950 1307 2146 1374 simul
2189 1308 2305 1375 tibi
2345 1325 2611 1395 appare-

232 1411 318 1478 bit
367 1432 494 1478 non
551 1412 787 1478 iniuria
854 1432 953 1478 nne
1015 1410 1199 1479 Stud.
1269 1412 1472 1480 Thuc.
1540 1433 1594 1499 p.
1644 1417 1767 1479 149
1830 1421 2122 1500 suspecta
2190 1412 2492 1480 habuisse
2542 1421 2614 1480 ut

230 1515 579 1605 magistelli
639 1517 1153 1584 additamentum
1216 1518 1524 1584 vocabula
1604 1518 1917 1601 παρόντας
1963 1520 2341 1595 Ἀθηναίους.
2438 1519 2609 1586 Duce

229 1622 440 1690 eodem
491 1621 593 1713 (p.
642 1627 763 1701 72,
833 1624 938 1712 ll)
989 1624 1288 1711 suspicor
1353 1623 1581 1691 ultima
1640 1622 1835 1690 huius
1881 1626 2114 1711 capitis
2160 1625 2382 1693 verba:
2429 1624 2610 1692 ἄλλα

228 1731 354 1797 καὶ
403 1729 519 1808 dy
544 1754 633 1796 αν
681 1731 748 1796 εἰ
795 1728 1204 1810 τύχοιμεν
1246 1731 1338 1797 sic
1378 1728 1777 1797 emendanda
1816 1750 1988 1796 esse:
2038 1730 2216 1798 ἀλλὰ
2262 1729 2408 1797 κᾶν
2455 1728 2608 1811 ἄρα

228 1836 413 1902 εὐτυ
427 1842 756 1919 χῶμεν,
814 1855 938 1901 non
989 1835 1158 1902 enim
1222 1855 1483 1922 prorsus
1530 1833 1828 1903 sufficere
1875 1834 2169 1915 videtur,
2218 1834 2388 1922 quod
2436 1833 2610 1902 codi-

230 1961 367 2009 cum
436 1942 717 2028 vestigia
783 1941 999 2007 minus
1065 1960 1280 2026 presse
1342 1951 1606 2008 secutus
1672 1940 1952 2009 Cobetus
2014 1941 2378 2028 proposuit:
2433 1940 2611 2006 ἄλλα

227 2047 371 2114 κᾶν
416 2048 923 2128 εὐτυχοῦμεν.
1022 2046 1280 2113 Inversa
1332 2047 1581 2113 ratione
1628 2065 1667 2111 a
1715 2045 2094 2135 Thucydide
2137 2046 2302 2136 (cap.
2329 2047 2444 2132 64)
2498 2045 2612 2113 Dio

228 2151 426 2231 LXII,
493 2158 540 2220 4
592 2155 628 2238 §
678 2158 717 2219 5
766 2152 1081 2239 accipiat:
1134 2151 1239 2218 καὶ
1290 2144 1351 2218 ἓν
1398 2151 1594 2232 ὄνομα
1639 2152 1831 2220 κοινὸν
1883 2151 2447 2230 κεκλημένους
2496 2169 2613 2237 pro

230 2257 544 2326 librorum
599 2257 871 2325 lectione
918 2257 1496 2338 κεκτημένους,
1544 2259 1818 2345 gratiam
1869 2258 1925 2323 ei
1977 2256 2373 2324 redditurus.
2448 2254 2608 2322 Nam

229 2364 620 2431 confirmare
685 2362 790 2429 bic
854 2363 1034 2430 locus
1095 2362 1383 2441 videtur,
1455 2362 1625 2450 quod
1691 2361 1935 2429 dudum
2001 2361 2407 2450 suspicabar,
2477 2361 2617 2426 loco

232 2469 653 2560 Thucydideo
702 2488 931 2537 nomen
985 2471 1314 2558 proprium
1378 2470 1758 2543 Σικελιώτας
1806 2488 1944 2536 esse
1993 2468 2378 2536 insiticium.
2473 2464 2608 2532 Non

234 2576 326 2643 bis
369 2585 726 2643 contentus
790 2574 1118 2642 beneficiis
1182 2586 1356 2642 recte
1402 2574 1599 2642 scribi
1648 2574 1989 2641 confirmat
2034 2593 2171 2662 cap.
2223 2578 2307 2641 67
2382 2568 2607 2637 verba:

233 2684 511 2750 εἰώθεσαν
576 2681 707 2748 ἐπὶ
783 2680 849 2769 (Ι.
899 2681 1030 2769 ἐφ’)
1100 2679 1378 2764 ἁμάξῃ
1440 2682 1745 2754 πείθοντες
1807 2683 1912 2747 τὸν
1979 2680 2260 2762 ἄρχοντα
2331 2671 2450 2744 διοῖ
2496 2686 2608 2753 τῆς

231 2789 464 2871 τάφρου
532 2785 978 2868 κατακομίζειν
1037 2795 1148 2863 τῆς
1210 2786 1420 2862 νυκτὸς
1485 2787 1585 2852 ἐπὶ
1631 2788 1742 2865 τὴν
1790 2786 2115 2854 θάλασσαν
2162 2784 2267 2851 καὶ
2317 2784 2569 2850 ἐκπλεῖν
2593 2833 2609 2861 ,

237 2890 331 2959 nbi
382 2893 733 2976 Kriigerus
789 2901 903 2958 aut
966 2890 1238 2959 deletam
1314 2890 1494 2957 malit
1558 2892 2092 2980 praepositionem
2143 2889 2243 2955 ἐπὶ
2293 2898 2404 2955 aut
2455 2888 2612 2955 scri-

235 3008 407 3083 ptum
456 2999 582 3081 lcp’
630 2995 909 3077 ἁμάξης.
982 2996 1221 3063 Scribit
1259 2999 1431 3063 enitn
1479 2998 1594 3064 nio
1638 2996 1890 3063 LXVIII
1933 3001 2054 3076 262
2104 2996 2209 3061 τὰ
2251 3001 2614 3061 πλοῖα-

234 3104 354 3172 ἕπὶ
401 3105 543 3172 τὸν
591 3104 960 3182 ποταμὸν
1007 3103 1255 3183 ἤγαγεν
1301 3103 1419 3186 ἐφ’
1466 3100 1855 3183 ἁμάξαις.

315 3211 467 3297 Cap.
499 3214 592 3276 68
620 3227 813 3295 prope
839 3206 1063 3275 finem:
1089 3209 1152 3280 ἐς
1177 3207 1437 3274 κίνδυνον
1465 3209 1730 3292 Φανερὸν
1752 3209 1861 3285 τὴν
1891 3205 2072 3273 πόλιν
2102 3214 2606 3286 καταγαγεῖν.

240 3312 663 3402 Expectabant
714 3313 980 3382 verbum
1031 3312 1303 3399 simplex
1348 3315 1722 3394 ἀγαγεῖν.
1810 3313 2201 3401 Praepositio
2247 3313 2457 3400 potuit
2503 3310 2610 3376 ad-

240 3415 495 3489 haerere
544 3441 582 3487 e
629 3420 1072 3508 superscripto
1118 3418 1502 3506 glossemate
1550 3427 1999 3495 καταστῆσαι.

324 3525 467 3611 Cap.
518 3530 609 3593 69
652 3523 983 3608 ἀρξάμενοι
1022 3526 1076 3592 δ’
1123 3526 1249 3592 ἀπὸ
1295 3529 1404 3591 τοῦ
1474 3525 1722 3606 τείχους
1769 3522 1797 3592 ὃ
1856 3523 2026 3608 εἶχον
2072 3524 2179 3590 καὶ
2243 3521 2608 3589 διοικοδο-

243 3630 643 3707 μήσαντες
691 3633 771 3698 τὸ
817 3631 999 3714 πρὸς
1046 3631 1475 3712 Μεγαρέας
1523 3631 1656 3697 κτὲ.
1757 3629 1993 3697 Ultima
2043 3627 2234 3693 verba
2295 3629 2605 3713 interpre-

245 3741 457 3802 tantur
518 3739 598 3803 dc
658 3758 838 3803 muro
893 3737 1074 3802 diecto
1135 3737 1299 3802 inter
1357 3737 1577 3802 ambas
1641 3736 1968 3822 lonyorum
2033 3754 2355 3799 naun-orum
2405 3733 2610 3799 tibias.

244 3838 454 3921 Qualis
511 3844 686 3910 muri
743 3863 907 3930 quae
973 3841 1169 3909 fuerit
1230 3841 1482 3909 utilitas
1530 3861 1933 3929 nequaquam
1986 3840 2342 3926 perspicio,
2402 3856 2609 3924 neque

244 3947 550 4015 articulus
595 3949 677 4014 de
724 3968 911 4016 muro
956 3946 1241 4014 nondum
1289 3948 1612 4026 exstanti,
1662 3946 1771 4012 sed
1819 3946 1930 4033 qni
1984 3964 2153 4022 nunno
2202 3943 2462 4011 demum
2506 3964 2609 4010 ex·

246 4053 556 4133 struitur,
615 4053 773 4119 l'erri
820 4074 1006 4140 posse
1047 4051 1324 4120 videtur.
1423 4051 1652 4119 Procul
1703 4050 1898 4118 dubio
1948 4051 2127 4117 locus
2179 4051 2408 4116 vitium
2457 4070 2611 4116 eon-

247 4159 469 4235 traxit,
504 4179 711 4246 neque
751 4158 815 4225 id
853 4159 934 4225 ad
973 4156 1429 4246 corrigendum
1472 4155 1870 4243 perdifficile.
1959 4156 2394 4241 Transpositis
2432 4157 2603 4223 enim

248 4263 565 4331 vocabulis
608 4273 719 4340 τῆς
761 4267 1073 4342 Νισαίας,
1124 4284 1289 4351 quae
1336 4262 1521 4329 codd.
1570 4262 1872 4329 exhibent
1922 4271 2065 4349 post
2113 4260 2478 4338 θάλασσαν,
2528 4258 2611 4326 ad

251 4362 365 4435 hoc
406 4369 771 4457 exemplum
811 4369 1024 4439 locum
1071 4367 1598 4438 constituendum
1643 4367 1973 4435 existimo:
2020 4364 2350 4450 ἀρξάμενοι
2392 4366 2445 4430 δ’
2485 4363 2614 4431 ἀπὸ
