2934 5050
1019 293 1417 343 commi-Anu
1478 290 1716 340 urina.
2429 270 2563 334 429

209 461 240 537 ἢ
282 461 495 534 κείνους
541 458 910 543 <Dandum-ac,
959 463 1065 528 ὑπ’
1110 459 1485 540 cirria-dacto}
1528 464 1587 526 τ’
1637 462 1891 540 ἁγοςοῒς
1939 456 2100 538 ὑγρὰ
2144 451 2562 538 mpla-uffan

206 563 371 645 ἅψει
413 565 801 645 δησαμένους.

287 668 452 735 Libri
500 669 561 736 11
606 670 768 754 eleg.
824 670 936 737 vl.
984 690 1085 738 vs.
1137 674 1220 737 27
1270 691 1435 757 sqq.:

458 773 634 857 Quae
683 794 913 842 manus
957 776 1304 841 obscaenas
1352 775 1642 860 depinxit
1692 775 1903 861 prima
1950 768 2217 838 tabellas

458 888 524 946 et
569 863 783 966 posuit
831 889 1009 946 casta
1060 881 1273 967 turpia
1326 882 1460 946 visa
1508 879 1718 947 domo.

459 983 564 1050 illa
612 985 974 1072 puellarum
1023 985 1336 1071 ingenuos
1382 986 1676 1072 corrupit
1722 982 1953 1051 ocellos

458 1091 917 1177 nequitiaeque
958 1109 1114 1158 suae
1162 1090 1368 1156 uoluit
1414 1110 1557 1157 esse
1606 1087 1818 1156 rudes,

460 1192 558 1260 Ah
607 1203 859 1280 gemat,
910 1195 973 1260 iu
1025 1196 1224 1262 terris
1270 1195 1393 1261 ista
1437 1198 1551 1281 qui
1601 1193 1870 1282 protulit
1914 1200 2058 1259 arte

461 1319 663 1365 nuncu
710 1300 832 1366 sub
872 1320 1084 1367 ‘mom
1130 1301 1387 1367 condita
1434 1300 1701 1367 laetitia.

286 1402 449 1484 Quid
514 1403 635 1470 sibi
695 1404 893 1471 velint
962 1407 1170 1492 iuryia
1237 1426 1361 1471 non
1412 1407 1619 1492 magis
1654 1411 1891 1492 exputo
1938 1420 2131 1489 quam
2180 1400 2335 1487 quid
2385 1403 2573 1470 tacita

204 1507 457 1574 laetitia.
550 1509 730 1591 Quod
777 1510 857 1575 ad
907 1509 1062 1577 illud
1115 1510 1496 1577 vocabulum
1546 1511 1812 1587 attinet,
1863 1508 2095 1575 leniter
2143 1526 2297 1573 saue
2339 1506 2569 1573 Ruhn-

205 1612 424 1680 keuius
463 1616 743 1680 coniecit
782 1616 1002 1702 orqia,
1053 1614 1221 1701 quod
1268 1625 1485 1683 tamen
1534 1614 1743 1703 placet
1794 1612 2229 1689 mediocriter,
2264 1612 2428 1698 quia
2475 1633 2572 1678 or·

206 1717 302 1803 qia
346 1738 469 1784 uon
521 1726 676 1783 sunt
724 1721 1086 1785 necessario
1131 1720 1464 1787 obscoena.
1539 1721 1833 1788 Alterum
1881 1727 2099 1785 autem
2141 1737 2224 1784 an
2265 1718 2572 1803 cuiquam

208 1820 535 1889 offensioni
584 1820 783 1889 fuerit
824 1824 1175 1909 ignoro.-
1207 1825 1361 1892 Mihi
1409 1826 1758 1892 admodum
1810 1824 2114 1912 placeret=

560 1926 656 1993 Ah
701 1936 957 2015 gemat,
1005 1930 1070 1995 in
1124 1931 1320 1997 terris
1371 1932 1494 1997 ista
1542 1933 1653 2019 qui
1711 1929 1979 2018 protulit
2025 1938 2168 1997 arte

558 2051 774 2099 runem
819 2031 941 2099 sub
988 2054 1233 2102 alcun
1282 2035 1543 2102 condita
1590 2035 1857 2103 laetitia.

290 2135 459 2203 Libr.
515 2135 606 2203 111
656 2137 734 2202 el.
786 2137 893 2203 Vl.
952 2142 978 2202 l
1034 2158 1211 2227 sqq.:

464 2241 605 2308 Non
657 2242 749 2307 ita
801 2241 1118 2309 Dardanio
1166 2245 1427 2330 gavisus
1475 2244 1700 2311 Atrida
1748 2242 2175 2332 triumphost,

465 2366 620 2414 cum
669 2346 975 2413 caderent
1023 2368 1293 2433 magnae
1342 2349 1790 2415 Laomedontis
1837 2369 2027 2437 opeS,

467 2471 593 2530 nec
639 2451 735 2518 sic
778 2471 996 2518 errore
1044 2461 1266 2519 exacto
1312 2453 1588 2520 laetatus
1634 2454 1879 2532 UlixeS,

469 2575 624 2624 cum
676 2559 893 2642 tetigit
940 2578 1127 2625 carae
1176 2559 1394 2625 littora
1447 2559 1812 2638 Dulichiae,

470 2682 592 2729 nec
640 2663 733 2729 sic
775 2663 1069 2741 Electra,
1117 2664 1357 2729 salvam
1409 2683 1563 2730 cum
1611 2666 1862 2752 aspexit
1908 2662 2199 2733 Orestem

471 2766 873 2834 cuiuslalsa
925 2776 1152 2834 tenens
1203 2768 1468 2835 fleverat
1515 2788 1657 2835 ossa
1706 2789 1926 2847 soror,

475 2891 599 2937 nec
644 2873 734 2937 sic
777 2873 1156 2938 incolumem
1201 2873 1431 2939 Minois
1480 2874 1723 2941 Thesea
1773 2894 1973 2953 vion,

476 2976 852 3044 Daedalium
909 2977 1038 3043 lino
1084 2998 1233 3044 cum
1283 2979 1449 3046 duce
1496 2980 1663 3045 rexit
1714 2980 1876 3057 iter,

473 3092 722 3167 quauta
770 3101 889 3167 ego
937 3085 1285 3168 praeterita
1332 3083 1563 3169 collegi
1611 3083 1849 3170 gaudia
1895 3090 2116 3149 nocte:
2165 3089 2319 3149 cett.

299 3185 535 3252 Mirum
603 3195 703 3252 est
768 3188 1178 3272 praeteriisse
1236 3188 1520 3255 editores
1569 3207 1832 3254 versum
1881 3188 2230 3275 septimum
2279 3196 2351 3255 ut
2399 3185 2587 3255 hodie

223 3290 522 3357 scribitur
588 3310 783 3356 sensu
842 3312 1096 3358 cassum
1147 3312 1312 3359 esse:
1362 3314 1474 3358 nec
1519 3291 1748 3358 Minois
1794 3292 1885 3358 sic
1930 3293 2087 3359 vidit
2140 3291 2372 3359 Thesea
2415 3292 2590 3359 inco-

226 3392 420 3461 lumen
461 3432 558 3447 —
595 3406 824 3481 quanta
885 3397 1119 3484 gaudia
1181 3418 1293 3484 eqo
1353 3398 1579 3484 colleyi
1635 3407 1809 3462 nocte
1852 3398 2213 3483 praeterito.
2309 3396 2588 3464 Dubium

227 3508 430 3567 autem
476 3521 622 3568 esse
669 3503 892 3587 nequit
933 3498 1224 3568 'vocalam
1272 3504 1365 3569 sic
1410 3502 1631 3569 eodem
1684 3500 1873 3566 modo
1920 3502 2192 3588 positam
2241 3519 2418 3577 esse,
2465 3518 2593 3585 quo

226 3598 453 3688 legitur
513 3626 607 3671 vs.
672 3607 930 3691 quinto:
987 3609 1205 3694 itaque
1266 3607 1344 3672 ad
1407 3629 1519 3672 nec
1573 3607 1663 3672 sic
1709 3615 1925 3673 mente
1973 3604 2399 3692 supplendum
2446 3623 2591 3672 esse

228 3709 429 3791 quvisa
474 3721 588 3776 est.
661 3710 907 3777 Durum
960 3711 1151 3789 foret,
1199 3711 1368 3798 quod
1419 3721 1700 3777 metrum
1751 3711 1942 3787 sinit,
1990 3711 2350 3796 corrigere:

538 3835 656 3880 nec
703 3817 796 3881 sic
839 3838 980 3882 cum
1029 3816 1413 3884 incolumem
1462 3817 1689 3883 Minois
1738 3816 1982 3882 Thesea
2027 3814 2190 3880 vidit

234 3934 372 3983 cum
410 3919 489 3984 ob
532 3921 1001 4006 impeditiorem
1047 3921 1273 3988 horum
1318 3922 1661 3989 verborum
1703 3930 2103 3987 structuram
2132 3927 2268 3985 tum
2297 3918 2376 3984 ob
2402 3936 2594 3985 usum

234 4021 506 4090 eiusdem
557 4027 1031 4093 coniunctionis
1079 4030 1142 4093 in
1192 4047 1381 4095 versu
1428 4027 1746 4112 sequenti.
1806 4025 2014 4092 Unum
2058 4032 2294 4100 restat,
2343 4031 2418 4090 ut
2456 4042 2596 4090 cor-

238 4126 547 4211 rigamus:

363 4232 490 4299 Nec
538 4237 632 4301 sic
683 4237 797 4324 (sc.
848 4239 1063 4321 gavisa
1111 4237 1235 4324 est)
1288 4236 1674 4303 incolumem
1721 4236 1951 4303 Minois
1994 4234 2239 4302 Thesea
2283 4253 2527 4309 vicens,

370 4339 737 4407 Daedalium
783 4341 913 4407 lino
962 4362 1110 4408 cum
1162 4342 1322 4409 duce
1373 4346 1539 4408 rexit
1588 4343 1730 4407 iter.
