2934 5050
1229 274 1603 324 Puromca.
2477 256 2607 325 281

251 444 276 459 ‘
332 442 467 513 Iam
507 469 660 516 vero
704 449 849 534 quis
890 446 1233 512 mirabitur
1277 445 1708 513 Iamblichum
1751 445 1936 512 libris
1972 445 2260 514 Platonis
2296 447 2619 514 mendosis

246 554 377 630 uti,
440 573 641 639 quum
700 546 1012 619 Aristides
1072 556 1138 617 et
1196 556 1343 617 ante
1386 548 1539 618 eum
1585 549 2020 632 Quintilianus
2067 557 2132 618 et
2177 555 2324 618 ante
2368 550 2618 632 Quinti-

244 653 486 723 lianum
529 656 879 745 Dionysius
921 654 1134 723 Halic.
1179 675 1307 723 non
1351 655 1692 723 habuerint
1735 654 1945 721 multo
1989 653 2326 723 meliores?

331 760 552 847 Itaque
594 783 764 828 nunc
810 761 1070 848 quidem
1116 759 1273 828 duos
1317 765 1573 827 tantum
1616 760 1787 828 locos
1832 783 1912 828 ex
1953 760 2307 828 Iamblicho
2349 761 2580 829 addam
2595 808 2615 840 ‚

246 863 402 932 alias
442 864 630 951 plura
677 866 962 933 datm-us.

331 969 409 1036 In
463 970 754 1038 Platonis
816 972 1040 1054 Gorgia
1100 992 1247 1059 pag.
1297 968 1451 1037 493.
1514 989 1574 1036 Β.
1637 972 2053 1038 manifestum
2112 974 2167 1036 si
2230 970 2397 1057 quod
2442 972 2621 1039 aliud

245 1074 423 1143 scioli
482 1075 992 1143 additamentum
1053 1075 1339 1142 adhaesit
1389 1077 1458 1141 in
1505 1076 1753 1143 verbis:
1802 1076 1907 1141 καὶ
1954 1082 2192 1158 φοροῖεν
2237 1077 2321 1150 εἷς
2367 1077 2473 1143 τὸν
2516 1101 2621 1142 τε-

244 1179 528 1263 τρημένον
573 1181 745 1247 πίθον
791 1180 940 1262 ὕδωρ
983 1179 1163 1263 ἑτέρῳ
1208 1179 1455 1263 τοιούτῳ
1511 1179 1908 1268 [τετρημένῳ]
1957 1182 2230 1263 κοσκίνῳ.
2307 1183 2397 1248 At
2441 1180 2624 1270 frigi-

247 1284 402 1352 dum
446 1291 515 1352 et
556 1285 858 1372 putidum
909 1285 1229 1353 emblema
1268 1305 1396 1352 non
1439 1285 1579 1351 heri
1625 1291 1738 1352 aut
1781 1286 2016 1351 nudius
2059 1288 2289 1352 tertius
2332 1284 2625 1353 Platonis

247 1396 502 1457 textum
546 1390 992 1459 commaculat.
1064 1391 1244 1458 Idem
1288 1393 1421 1456 iam
1467 1394 1538 1456 in
1581 1409 1696 1456 suo
1739 1389 1906 1457 libro
1949 1389 2343 1457 lamblichus
2378 1390 2627 1479 legerat

247 1499 356 1582 qui
391 1495 574 1562 affert
615 1516 762 1585 pag.
788 1494 943 1562 248.
982 1495 1087 1562 καὶ
1126 1501 1364 1579 φοροῖεν
1388 1533 1475 1545 -
1499 1495 1677 1577 ἑτέρῳ
1715 1494 1962 1574 τοιούτῳ
1985 1496 2329 1578 τετρημένῳ
2352 1497 2621 1577 κοσκίνῳ.

243 1600 318 1666 In
359 1600 653 1666 Platonis
693 1601 859 1667 libro
904 1600 1042 1667 VII.
1090 1602 1166 1666 de
1209 1600 1361 1686 Rep.
1411 1622 1561 1689 pag.
1607 1599 1760 1667 517.
1795 1618 1861 1666 A.
1908 1600 2209 1667 mendose
2240 1600 2487 1667 editur:
2525 1599 2624 1682 ἄρ’

246 1708 309 1771 οὔ
372 1704 607 1785 γέλωτ’
659 1705 739 1772 ἂν
782 1704 1103 1788 παράσχοι
1151 1706 1404 1795 (Iambl.
1454 1705 1745 1794 παρέχοι)
1796 1706 1903 1771 καὶ
1931 1743 2017 1755 -
2042 1707 2146 1771 τὸν
2190 1706 2623 1788 ἐπιχειροῦντα

244 1811 407 1878 λύειν
471 1834 546 1877 τε
607 1810 712 1876 καὶ
771 1809 1031 1890 ἀνάγειν
1093 1808 1278 1886 εἴπως
1342 1811 1403 1876 έν
1463 1819 1606 1883 ταῖς
1665 1809 1844 1893 χερσὶ
1915 1810 2187 1877 δύναιντο
2239 1811 2470 1890 λαβεῖν
2514 1811 2623 1878 καὶ

244 1915 631 1984 ἀποκτείνειν
688 1915 1120 1982 ἀποκτιννύναι
1185 1914 1286 1983 ἀν.
1378 1914 1771 1983 lamblichus
1830 1935 1979 2004 pag.
2025 1914 2181 1981 238.
2227 1935 2353 1982 non
2395 1915 2628 1982 habuit

244 2023 514 2089 meliora
571 2021 683 2089 sed
741 2020 928 2107 plane
986 2022 1246 2089 eadem:
1309 2021 1537 2100 λαβεῖν
1595 2021 1978 2088 ἀποκτείνειν
2038 2019 2472 2086 ἀποκτιννύναι
2518 2017 2621 2086 ἀν.

246 2126 462 2195 Facile
517 2133 616 2194 eet
669 2126 1035 2194 emendare:
1083 2122 1183 2209 ἀρ’
1226 2128 1294 2193 οὖ
1319 2164 1407 2177 --
1432 2124 1617 2201 εῖπως
1660 2127 1724 2192 έν
1768 2134 1914 2198 ταῖς
1960 2126 2139 2208 χερσὶ
2186 2123 2464 2191 δύναιντο
2510 2139 2627 2191 λα-

246 2231 385 2310 βεῖν
422 2231 576 2298 κᾶν
611 2236 872 2298 ἀποκτι
894 2231 1239 2308 ννύοιεν;
1280 2230 1475 2298 Vides
1509 2252 1703 2317 quam
1736 2234 1826 2297 sit
1846 2235 2275 2298 inveteratum
2294 2229 2624 2298 mendum.

247 2335 429 2418 Quod
475 2359 557 2404 ex
594 2337 885 2403 Parisino
920 2355 986 2402 A.
1027 2338 1319 2403 enotavi:
1367 2337 1596 2416 λαβεῖν
1633 2336 1739 2403 καὶ
1780 2338 2160 2403 ἀποκτείνειν
2196 2334 2627 2403 ἀποκτιννύναι

245 2439 320 2506 ἄν
336 2491 354 2519 ,
399 2442 582 2509 idem
629 2443 762 2508 iam
807 2443 876 2507 in
929 2440 1272 2508 Iamblichi
1317 2437 1549 2508 Codice
1593 2440 1959 2530 legebatur:
2005 2440 2313 2508 mendum
2357 2446 2454 2506 est
2497 2441 2629 2507 evi-

245 2546 397 2614 dens
412 2596 431 2627 ,
496 2547 857 2613 emendatio
900 2545 1217 2632 perfacilis
1231 2594 1249 2625 ‚
1271 2551 1517 2620 ‚tamen
1554 2568 1667 2633 per
1710 2553 1809 2614 tot
1854 2545 2107 2614 saecula
2141 2549 2382 2615 vitium
2427 2551 2524 2613 est
2564 2547 2635 2611 in

245 2650 428 2718 libris
471 2659 920 2740 propagatum.

333 2756 525 2822 Alter
569 2754 746 2822 loeus
790 2760 888 2823 est
931 2758 1008 2822 de
1051 2757 1204 2841 Rep.
1252 2778 1398 2845 pag.
1455 2755 1609 2822 519.
1659 2775 1719 2821 Β.
1767 2754 2096 2838 περιεκόπη
2121 2756 2208 2823 τὰ
2231 2765 2344 2833 τῆς
2384 2756 2633 2836 Φύσεως

244 2857 526 2941 ξυγγενῆ
576 2858 775 2942 ὥσπερ
821 2861 1239 2939 μολυβδίδας,
1289 2857 1359 2927 αἳ
1405 2862 1477 2936 δὴ
1524 2860 1776 2932 ἐδωδαῖς
1812 2885 1886 2927 τε
1928 2862 2034 2927 καὶ
2075 2862 2354 2927 τοιούτων
2395 2862 2632 2938 ἡδοναῖς

245 2989 315 3032 τε
381 2966 491 3032 καὶ
551 2966 858 3046 λιχνείαις
921 2971 1255 3048 προσφυεῖς
1316 2965 1687 3045 γιγνόμεναι
1757 2965 1891 3046 περὶ
1947 2974 2068 3032 TA
2129 2964 2298 3032 κάτω
2344 2967 2631 3049 τρέφουσι

245 3072 354 3147 τὴν
414 3078 533 3147 τῆς
591 3078 808 3153 ψυχῆς
869 3069 1034 3152 ὄψιν.
1123 3070 1398 3138 Enotavi
1458 3092 1539 3137 ex
1603 3068 1835 3138 Codice
1894 3071 2184 3138 Parisino
2225 3091 2290 3137 A.
2354 3071 2464 3139 fol.
2523 3068 2631 3140 74.

245 3196 405 3243 vers.
458 3174 600 3257 περὶ
643 3175 811 3242 κάτω
850 3175 1141 3259 τρέφουσι
1181 3181 1248 3241 et
1282 3177 1588 3264 adscripsi
1631 3177 1892 3255 „diserte
1920 3177 2201 3262 scriptum
2240 3177 2376 3258 περὶ
2400 3176 2634 3245 κάτω.”

243 3279 542 3347 Deterior
601 3278 792 3347 lectio
850 3280 1121 3369 vulgata
1182 3281 1317 3362 περὶ
1376 3281 1466 3347 τὰ
1524 3281 1695 3348 κάτω
1757 3286 1893 3349 erat
1953 3282 2112 3348 olim
2170 3285 2240 3348 in
2292 3282 2634 3350 Iamblichi

241 3385 449 3465 libro,
516 3387 634 3471 qui
691 3386 912 3452 laudat
967 3406 1115 3474 pag.
1164 3384 1317 3452 244.
1365 3386 1522 3453 haec
1564 3388 1763 3455 verba
1806 3389 1936 3454 sic:
1982 3386 2310 3467 περιεκόπη
2353 3387 2474 3460 τὰς
2519 3395 2632 3462 τῆς

243 3491 497 3573 φύσεως
560 3489 888 3571 ξυγγενεῖς
949 3490 1149 3573 ὥσπερ
1208 3492 1596 3570 μολυβδίδας
1658 3485 1728 3559 αἳ
1786 3493 1859 3567 δὴ
1906 3491 2153 3566 ἐδωδαῖς
2192 3529 2280 3543 -
2341 3492 2477 3575 περὶ
2542 3493 2631 3559 τά

242 3595 415 3663 κάτω
481 3596 776 3676 τρέφουσι
836 3597 948 3672 τῆν
1012 3604 1121 3672 τῆς
1167 3602 1385 3677 ψυχῆς
1432 3595 1592 3676 ὄψιν.
1661 3596 1858 3664 Recte
1904 3597 2074 3683 quod
2117 3596 2294 3663 dedit
2335 3606 2508 3664 TAC
2542 3635 2629 3648 —-

242 3699 627 3781 ξυγγενΕΙΟ
688 3722 803 3787 pro
847 3702 933 3766 τὰ
974 3699 1287 3779 ξυγγενῆ,
1348 3702 1459 3768 sed
1505 3709 1626 3766 ΤΑ
1673 3703 1742 3766 in
1787 3702 1921 3782 περὶ
1969 3701 2054 3768 τὰ
2101 3701 2269 3767 κάτω
2314 3705 2478 3769 vitio
2522 3723 2631 3769 na-

242 3811 390 3872 tum
453 3811 575 3873 est.
646 3806 764 3873 Est
818 3809 991 3872 enim
1045 3808 1264 3873 Attica
1321 3807 1562 3872 locutio
1620 3805 1754 3887 περὶ
1801 3805 1973 3872 κάτω
2019 3806 2259 3888 τρέπειν
2278 3857 2294 3883 ,
2341 3807 2625 3890 τρέφειν,

243 3921 470 3994 χωρεῖν
484 3961 504 3988 ,
568 3914 752 3978 cuius
810 3912 1101 3998 exempla
1145 3912 1455 3997 quaedam
1500 3911 1887 3997 protulimus
1930 3914 2000 3978 in
2057 3911 2198 3977 γαν.
2243 3912 2432 3978 Lecti.
2476 3933 2626 4001 pag.

246 4016 354 4083 90.
399 4018 696 4104 primum
742 4039 820 4083 ex
862 4017 1128 4082 Photio:
1177 4016 1320 4097 Περὶ
1367 4015 1538 4080 κάτω
1583 4017 1970 4097 τραπήσεται
2018 4017 2155 4082 ἀντὶ
2201 4022 2307 4083 τοῦ
2347 4040 2628 4099 περιτρα·

242 4121 521 4197 πήσεται
570 4121 775 4190 κάτω.
825 4120 976 4187 οὕτω
1023 4122 1279 4197 συνήθως
1319 4119 1604 4198 λέγουσιν
1642 4122 1718 4210 (ol
1743 4122 2086 4205 Ἀττικοί),
2128 4127 2193 4190 et
2226 4123 2396 4211 apud
2426 4122 2630 4191 Strat-

245 4227 495 4294 tidem:
1265 4214 1284 4228 ⁸

929 4333 1061 4416 δίνῳ
1111 4332 1241 4413 περὶ
1292 4330 1463 4399 κάτω
1511 4332 1929 4415 τετραμμένῳ.
