2934 5050
1018 332 1325 380 tucinam
1373 333 1450 379 ιτ
1496 333 1810 383 humanu.
2460 320 2597 387 243

209 499 398 585 podas
442 498 490 566 1.
540 504 659 578 45„
705 499 876 587 quod
922 500 990 566 in
1042 500 1188 567 Par.
1236 503 1595 592 uwopodes
1630 508 1883 581 exstat,
1930 501 2200 590 reliquis
2240 504 2599 595 clinopmlas

210 604 687 691 praebentibus,
752 608 878 674 nisi
941 605 1109 673 forte
1165 608 1412 677 Graece
1476 610 1721 688 κλεΙνη,
1770 609 2124 683 menda-ove
2171 609 2586 682 scribendum

211 719 406 796 putas.
511 711 720 778 TreIeo
781 713 1093 781 scribitur
1155 714 1264 782 xt.
1326 721 1442 795 17,
1493 716 1645 783 alibi
1696 716 1883 793 trico,
1937 724 2197 802 propter
2244 715 2462 795 Bern„
2517 727 2590 787 ut

208 814 485 895 videtur,
555 819 618 883 in
684 837 810 903 quo
858 829 956 885 est
1005 820 1221 893 troico.
1273 822 1436 889 Aliis
1484 841 1739 909 quoque
1787 820 1945 889 locis
1992 819 2339 888 admodum
2391 821 2588 893 dubia

205 932 308 989 aut
347 922 504 991 falsa
545 922 703 991 adeo
733 925 1052 991 correctio
1075 933 1214 1005 est,
1252 947 1414 1015 quos
1438 938 1773 1015 propterea
1801 927 1905 994 hic
1930 926 2326 1015 subiungere
2352 928 2583 1017 placet.

289 1029 390 1098 vt.
444 1036 557 1098 15:
607 1050 734 1098 uno
783 1031 968 1098 oculo
1017 1029 1410 1120 pedibusque
1457 1033 1713 1102 duobus
1757 1032 2151 1103 dimidiateis

599 1145 676 1205 ut
721 1157 981 1224 porcus.

281 1240 660 1311 Dimidiatus
707 1242 900 1330 vulgo
947 1241 1117 1332 apud
1167 1243 1444 1312 Gellium
1496 1245 1605 1313 ΙΙΙ.
1665 1250 1763 1314 14.
1816 1251 1895 1324 6,
1944 1243 2115 1312 unde
2161 1243 2318 1313 haec
2355 1255 2577 1315 sumta

198 1357 366 1422 sunt:
434 1351 819 1418 rectissime.
916 1352 1011 1418 An
1080 1370 1232 1417 vero
1293 1351 1534 1438 singuli
1602 1351 1794 1438 pedes
1844 1352 2018 1436 porci
2068 1350 2573 1423 discinduntur?

199 1450 447 1523 Minime
514 1477 696 1532 verm
744 1455 1128 1523 dimidiatur
1173 1476 1406 1542 porcus
1454 1466 1819 1538 mactatus,
1868 1467 2142 1545 utraque
2191 1478 2344 1545 pars
2396 1461 2574 1546 porci

196 1554 374 1629 habet
421 1560 588 1629 duos
629 1562 824 1651 pedes
868 1571 933 1628 et
985 1562 1539 1640 unum-oculum3
1590 1562 1676 1631 cf.
1729 1564 1937 1633 XXX.
1990 1569 2110 1632 131
2164 1573 2229 1631 et
2282 1562 2572 1633 Conieet.

185 1663 254 1732 11.
301 1672 360 1732 Ἰ.
456 1669 612 1735 Post
657 1668 902 1735 duobus
944 1667 1483 1754 distinguendum
1534 1678 1655 1737 est.

263 1771 483 1840 xxvt.
530 1780 638 1842 84.
691 1774 846 1841 Sine
887 1775 968 1842 Μ.
994 1773 1422 1860 explicatione
1446 1795 1570 1841 non
1599 1773 1785 1842 facile
1813 1773 1967 1842 haec
1996 1774 2564 1860 intellegerentur:

318 1878 505 1946 malis
557 1883 833 1948 vesceist
881 1881 1131 1948 lautum
1182 1900 1218 1948 e
1266 1901 1533 1962 mensa,
1586 1901 1783 1968 pure,
1830 1890 2137 1968 capturos
2183 1880 2427 1949 cibum.

187 1982 584 2063 »Sententia,
634 1990 886 2075 inquit,
936 1987 1093 2054 baec
1132 1986 1303 2053 decet
1343 1997 1486 2072 post
1531 2009 1812 2055 mensam
1864 1987 2052 2054 malis
2096 1988 2261 2056 vesei
2306 2008 2409 2054 eos
2455 1989 2567 2075 qui

186 2090 504 2159 etiamnum
560 2095 992 2160 meduan...
1029 2114 1190 2181 pure
1238 2094 1283 2159 i.
1334 2113 1394 2159 e.
1439 2095 1702 2180 puere.”
1775 2093 1912 2161 Non
1964 2102 2118 2160 sunt
2169 2092 2326 2160 baec
2368 2112 2564 2162 aurea

185 2196 336 2263 mala
401 2200 468 2265 in
534 2202 863 2285 argenteis
924 2198 1219 2265 lancibus
1283 2201 1601 2285 apposita.
1701 2198 1864 2267 Mala
1921 2219 2043 2267 cur
2109 2199 2327 2266 lautus
2372 2198 2558 2267 cibus

81 2352 82 2381 ¹
180 2303 611 2389 appellantur?
694 2306 860 2372 Tum
911 2314 1087 2371 totus
1141 2323 1368 2370 versus
1416 2304 1684 2372 moleste
1729 2306 2108 2373 enuntiatus
2154 2313 2221 2371 et
2269 2303 2556 2373 verbose.

81 2402 82 2447 ἶ
181 2406 368 2480 Libri:
414 2412 613 2478 malis
657 2432 1144 2496 necem-mae
1189 2417 1305 2477 aut
1347 2433 1525 2499 pure.
1620 2409 1710 2477 cf.
1761 2412 2041 2478 Coniect.
2093 2410 2171 2476 11.
2218 2415 2331 2485 154.
2397 2411 2556 2478 Pro·

180 2513 309 2599 pius
355 2539 468 2586 nec
506 2539 644 2585 esse
689 2539 882 2606 quam
928 2516 1186 2584 vesceist
1224 2516 1556 2605 aliquanto
1598 2516 1678 2585 ad
1722 2517 1900 2586 MSS.
1944 2515 2217 2585 accedit.
2265 2514 2391 2585 Sed
2434 2515 2555 2585 hoe

181 2628 314 2688 utut
348 2633 478 2703 est,
529 2623 693 2691 nihil
725 2632 839 2692 est
885 2643 1006 2691 cur
1050 2624 1108 2690 ei
1150 2622 1270 2690 hoc
1320 2623 1457 2689 loco
1505 2624 1833 2690 scribatur
1880 2624 1933 2689 si
1976 2622 2129 2692 alibi
2172 2624 2199 2688 ι’
2233 2624 2552 2690 intactum

180 2725 596 2816 relinquitur,
659 2738 732 2796 ut
776 2731 1002 2818 sunqi,
1052 2729 1200 2797 alia.
1301 2731 1384 2796 At
1429 2730 1497 2795 in
1550 2728 1689 2796 loco
1735 2728 1983 2797 difficili
2026 2749 2103 2796 ac
2150 2748 2352 2816 paene
2397 2748 2555 2795 eon-

179 2829 431 2903 chmato
477 2835 723 2903 babent
767 2835 988 2915 σεμνόν
1032 2859 1090 2902 τι
1137 2835 1246 2903 καὶ
1294 2833 1697 2917 πεφροντικώς
1746 2835 1892 2902 illae
1940 2842 2229 2901 vetustae
2274 2833 2552 2915 formae,

176 2941 569 3028 speciemque
614 2940 936 3029 quandam
989 2949 1056 3007 et
1101 2943 1585 3009 excusationem
1634 2939 2012 3008 obscuritati
2058 2938 2436 3018 conciliant,
2479 2947 2553 3007 ut

177 3040 236 3107 in
290 3044 393 3112 illo
453 3047 506 3114 1.
560 3052 646 3114 59
700 3048 982 3136 ‚preimo
1032 3046 1370 3115 cerebrum
1422 3045 1576 3114 huic
1625 3045 1824 3114 refert
1873 3046 2119 3113 minuei
2168 3047 2284 3114 re’'
2337 3046 2548 3134 (libriz

170 3167 365 3231 promo
401 3163 516 3222 aut
553 3154 760 3240 primo
796 3153 910 3220 hoc
949 3153 1274 3220 minuendi
1309 3156 1509 3241 refert
1548 3174 1689 3232 res,
1717 3152 2035 3220 cerebrum
2062 3172 2137 3220 ex
2167 3151 2438 3220 cerebro
2462 3152 2544 3223 M.

177 3259 449 3349 accessit)
513 3260 559 3324 i.
619 3279 682 3325 e.
744 3257 941 3325 refert
1005 3278 1109 3335 re,
1175 3257 1327 3324 huic
1390 3259 1606 3344 primo
1659 3259 2017 3326 comminui
2065 3258 2404 3326 cerebrum
2460 3258 2543 3348 (si

179 3357 503 3454 intellego).
601 3364 780 3431 Talia
841 3365 908 3430 in
974 3363 1168 3431 verba
1227 3365 1516 3431 auctoris
1565 3361 1760 3431 infert
1806 3364 1898 3442 is,
1946 3364 2062 3451 qui
2110 3362 2542 3432 Ribbeekium

180 3465 388 3537 nimiae
434 3470 868 3538 confidentiae
899 3478 1202 3540 accusat.

253 3572 477 3644 xxvt.
547 3581 626 3643 'n
671 3569 1103 3665 depeilassere
1153 3576 1451 3697 scripsit,
1510 3595 1659 3643 cum
1712 3575 1775 3642 in
1825 3574 2009 3643 codd.
2057 3575 2146 3642 sit
2192 3582 2307 3642 aut
2352 3575 2539 3662 depo·

179 3679 462 3750 calanen-0
523 3691 640 3750 aut
698 3682 1196 3768 depecutassere:
1520 3743 1524 3749 .

465 3788 881 3876 depeilassere
921 3787 1137 3875 aliqua
1184 3808 1452 3876 sperans
1503 3808 1605 3855 me
1650 3808 1729 3855 ac
1773 3786 2301 3874 deargentassere

458 3894 970 3973 decalauticare‚
1017 3895 1267 3962 eburno
1313 3892 1575 3982 speculo
1620 3893 2163 3981 despeculessere.

257 3995 725 4085 Depeculassere
762 4021 838 4068 ex
888 4001 1154 4068 alterius
1200 4020 1428 4067 versus
1477 4000 1874 4067 correctione
1921 4001 2219 4087 irrepstt;
2265 3998 2532 4084 depecu-

176 4097 388 4170 laemere
451 4107 692 4196 optime
760 4127 827 4173 se
897 4106 1120 4185 habet,
1197 4106 1384 4174 modo
1455 4105 1882 4173 contrahatur
1942 4105 2009 4171 in
2072 4104 2526 4193 depoclassere.

177 4205 434 4294 Apparet
477 4215 723 4280 comica
769 4212 1071 4280 vocabula
1124 4212 1278 4298 fingi
1325 4234 1361 4280 a
1401 4213 1698 4301 poculum
1722 4261 1741 4290 ,
1806 4221 2175 4300 arpentum,
2225 4211 2532 4279 calantica

181 4308 353 4398 (quod
398 4317 636 4385 iniuria
682 4339 718 4385 a
759 4317 951 4392 καλός
1000 4318 1181 4385 ducit
1228 4319 1288 4385 M
1318 4318 1378 4407 ),
1421 4319 1763 4405 speculum.

267 4416 488 4489 mx.
553 4428 673 4491 18:
730 4424 918 4492 cuius
964 4423 1055 4493 sei
1097 4424 1168 4491 in
1214 4425 1458 4512 periclo
1505 4421 1737 4493 feceris
1782 4421 2165 4511 periculum.
