<?xml version="1.0" encoding="UTF-8"?>
<!DOCTYPE html PUBLIC "-//W3C//DTD XHTML 1.0 Transitional//EN"
    "http://www.w3.org/TR/xhtml1/DTD/xhtml1-transitional.dtd">
<html xmlns="http://www.w3.org/1999/xhtml" xml:lang="en" lang="en">
 <head>
  <title>
</title>
<meta http-equiv="Content-Type" content="text/html;charset=utf-8" />
  <meta name='ocr-system' content='tesseract 3.04.00' />
  <meta name='ocr-capabilities' content='ocr_page ocr_carea ocr_par ocr_line ocrx_word'/>
</head>
<body>
  <div class='ocr_page' id='page_1' title='image "./mnemosynebiblio09servgoog_0269.png"; bbox 0 0 2934 5050; ppageno 0'>
   <div class='ocr_carea' id='block_1_1' title="bbox 1014 310 2592 377">
    <p class='ocr_par' dir='ltr' id='par_1_1' title="bbox 1014 310 2592 377">
     <span class='ocr_line' id='line_1_1' title="bbox 1014 310 2592 377; baseline 0.003 -8"><span class='ocrx_word' id='word_1_1' title='bbox 1014 322 1321 370; x_wconf 60' lang='lat' dir='ltr'><strong>tucrum«</strong></span> <span class='ocrx_word' id='word_1_2' title='bbox 1369 323 1445 369; x_wconf 72' lang='grc' dir='ltr'><strong>ιτ</strong></span> <span class='ocrx_word' id='word_1_3' title='bbox 1491 323 1804 373; x_wconf 59' lang='lat' dir='ltr'><strong>humanu.</strong></span> <span class='ocrx_word' id='word_1_4' title='bbox 2455 310 2592 377; x_wconf 74' lang='lat'><strong>243</strong></span> 
     </span>
    </p>
   </div>
   <div class='ocr_carea' id='block_1_2' title="bbox 157 487 2593 4499">
    <p class='ocr_par' dir='ltr' id='par_1_2' title="bbox 189 487 2593 1213">
     <span class='ocr_line' id='line_1_2' title="bbox 195 487 2593 585; baseline 0.005 -32"><span class='ocrx_word' id='word_1_5' title='bbox 195 487 390 574; x_wconf 74' lang='lat' dir='ltr'><strong>podas</strong></span> <span class='ocrx_word' id='word_1_6' title='bbox 435 487 486 555; x_wconf 85' lang='lat'><strong>1.</strong></span> <span class='ocrx_word' id='word_1_7' title='bbox 531 493 654 567; x_wconf 71' lang='lat'><strong>45,</strong></span> <span class='ocrx_word' id='word_1_8' title='bbox 702 488 873 576; x_wconf 82' lang='lat' dir='ltr'><strong>quod</strong></span> <span class='ocrx_word' id='word_1_9' title='bbox 921 489 987 556; x_wconf 89' lang='lat' dir='ltr'><strong>in</strong></span> <span class='ocrx_word' id='word_1_10' title='bbox 1038 490 1181 557; x_wconf 73' lang='lat' dir='ltr'><strong>Par.</strong></span> <span class='ocrx_word' id='word_1_11' title='bbox 1231 492 1590 582; x_wconf 69' lang='lat' dir='ltr'><strong>utvopodas</strong></span> <span class='ocrx_word' id='word_1_12' title='bbox 1625 499 1878 571; x_wconf 81' lang='lat' dir='ltr'><strong>exstat,</strong></span> <span class='ocrx_word' id='word_1_13' title='bbox 1925 491 2195 580; x_wconf 78' lang='lat' dir='ltr'><strong>reliquis</strong></span> <span class='ocrx_word' id='word_1_14' title='bbox 2235 493 2593 585; x_wconf 66' lang='lat' dir='ltr'><strong>clinomdas</strong></span> 
     </span>
     <span class='ocr_line' id='line_1_3' title="bbox 197 593 2581 683; baseline 0.005 -25"><span class='ocrx_word' id='word_1_15' title='bbox 197 593 683 683; x_wconf 74' lang='lat' dir='ltr'><strong>praebentibus,</strong></span> <span class='ocrx_word' id='word_1_16' title='bbox 749 596 873 662; x_wconf 85' lang='lat' dir='ltr'><strong>nisi</strong></span> <span class='ocrx_word' id='word_1_17' title='bbox 938 595 1104 664; x_wconf 83' lang='lat' dir='ltr'><strong>forte</strong></span> <span class='ocrx_word' id='word_1_18' title='bbox 1161 598 1405 667; x_wconf 80' lang='lat' dir='ltr'><strong>Graece</strong></span> <span class='ocrx_word' id='word_1_19' title='bbox 1470 600 1717 677; x_wconf 72' lang='grc' dir='ltr'><strong>κλεΙνη,</strong></span> <span class='ocrx_word' id='word_1_20' title='bbox 1765 599 2118 672; x_wconf 63' lang='lat' dir='ltr'><strong>menda-ove</strong></span> <span class='ocrx_word' id='word_1_21' title='bbox 2165 599 2581 672; x_wconf 83' lang='lat' dir='ltr'><strong>scribendum</strong></span> 
     </span>
     <span class='ocr_line' id='line_1_4' title="bbox 195 700 2585 793; baseline 0.005 -29"><span class='ocrx_word' id='word_1_22' title='bbox 195 708 399 784; x_wconf 86' lang='lat' dir='ltr'><strong>putas.</strong></span> <span class='ocrx_word' id='word_1_23' title='bbox 505 700 716 767; x_wconf 82' lang='lat' dir='ltr'><strong>Treico</strong></span> <span class='ocrx_word' id='word_1_24' title='bbox 778 702 1089 769; x_wconf 87' lang='lat' dir='ltr'><strong>scribitur</strong></span> <span class='ocrx_word' id='word_1_25' title='bbox 1152 704 1259 772; x_wconf 80' lang='lat' dir='ltr'><strong>xl.</strong></span> <span class='ocrx_word' id='word_1_26' title='bbox 1321 710 1436 784; x_wconf 82' lang='grc'><strong>17,</strong></span> <span class='ocrx_word' id='word_1_27' title='bbox 1488 706 1640 773; x_wconf 83' lang='lat' dir='ltr'><strong>alibi</strong></span> <span class='ocrx_word' id='word_1_28' title='bbox 1691 706 1879 783; x_wconf 76' lang='lat' dir='ltr'><strong>trica,</strong></span> <span class='ocrx_word' id='word_1_29' title='bbox 1930 714 2192 793; x_wconf 78' lang='lat' dir='ltr'><strong>propter</strong></span> <span class='ocrx_word' id='word_1_30' title='bbox 2239 705 2456 785; x_wconf 69' lang='lat' dir='ltr'><strong>Bern„</strong></span> <span class='ocrx_word' id='word_1_31' title='bbox 2512 717 2585 777; x_wconf 86' lang='lat' dir='ltr'><strong>ut</strong></span> 
     </span>
     <span class='ocr_line' id='line_1_5' title="bbox 194 803 2584 899; baseline 0.005 -30"><span class='ocrx_word' id='word_1_32' title='bbox 194 803 479 884; x_wconf 81' lang='lat' dir='ltr'><strong>videtur,</strong></span> <span class='ocrx_word' id='word_1_33' title='bbox 549 808 613 872; x_wconf 92' lang='lat' dir='ltr'><strong>in</strong></span> <span class='ocrx_word' id='word_1_34' title='bbox 680 826 807 894; x_wconf 85' lang='lat' dir='ltr'><strong>quo</strong></span> <span class='ocrx_word' id='word_1_35' title='bbox 855 817 952 874; x_wconf 88' lang='lat' dir='ltr'><strong>est</strong></span> <span class='ocrx_word' id='word_1_36' title='bbox 1001 810 1218 882; x_wconf 79' lang='lat' dir='ltr'><strong>troico.</strong></span> <span class='ocrx_word' id='word_1_37' title='bbox 1268 812 1431 879; x_wconf 80' lang='lat' dir='ltr'><strong>Aliis</strong></span> <span class='ocrx_word' id='word_1_38' title='bbox 1479 831 1734 899; x_wconf 82' lang='lat' dir='ltr'><strong>quoque</strong></span> <span class='ocrx_word' id='word_1_39' title='bbox 1781 809 1941 878; x_wconf 90' lang='lat' dir='ltr'><strong>locis</strong></span> <span class='ocrx_word' id='word_1_40' title='bbox 1987 809 2334 878; x_wconf 82' lang='lat' dir='ltr'>admodum</span> <span class='ocrx_word' id='word_1_41' title='bbox 2386 812 2584 881; x_wconf 87' lang='lat' dir='ltr'><strong>dubia</strong></span> 
     </span>
     <span class='ocr_line' id='line_1_6' title="bbox 189 911 2578 1007; baseline 0.005 -30"><span class='ocrx_word' id='word_1_42' title='bbox 189 921 296 978; x_wconf 86' lang='lat' dir='ltr'><strong>aut</strong></span> <span class='ocrx_word' id='word_1_43' title='bbox 337 911 498 979; x_wconf 83' lang='lat' dir='ltr'><strong>falsa</strong></span> <span class='ocrx_word' id='word_1_44' title='bbox 541 911 700 980; x_wconf 80' lang='lat' dir='ltr'><strong>adeo</strong></span> <span class='ocrx_word' id='word_1_45' title='bbox 730 915 1050 981; x_wconf 87' lang='lat' dir='ltr'><strong>correctio</strong></span> <span class='ocrx_word' id='word_1_46' title='bbox 1071 923 1210 994; x_wconf 84' lang='lat' dir='ltr'><strong>est,</strong></span> <span class='ocrx_word' id='word_1_47' title='bbox 1248 937 1409 1005; x_wconf 85' lang='lat' dir='ltr'><strong>quos</strong></span> <span class='ocrx_word' id='word_1_48' title='bbox 1432 928 1768 1005; x_wconf 88' lang='lat' dir='ltr'><strong>propterea</strong></span> <span class='ocrx_word' id='word_1_49' title='bbox 1796 917 1900 984; x_wconf 88' lang='lat' dir='ltr'><strong>hic</strong></span> <span class='ocrx_word' id='word_1_50' title='bbox 1925 915 2321 1005; x_wconf 83' lang='lat' dir='ltr'><strong>subiungere</strong></span> <span class='ocrx_word' id='word_1_51' title='bbox 2346 919 2578 1007; x_wconf 87' lang='lat' dir='ltr'><strong>placet.</strong></span> 
     </span>
     <span class='ocr_line' id='line_1_7' title="bbox 277 1018 2146 1109; baseline 0.005 -27"><span class='ocrx_word' id='word_1_52' title='bbox 277 1018 380 1087; x_wconf 88' lang='lat' dir='ltr'><strong>v1.</strong></span> <span class='ocrx_word' id='word_1_53' title='bbox 436 1025 553 1087; x_wconf 78' lang='lat'><strong>15:</strong></span> <span class='ocrx_word' id='word_1_54' title='bbox 603 1038 733 1086; x_wconf 91' lang='lat' dir='ltr'><strong>uno</strong></span> <span class='ocrx_word' id='word_1_55' title='bbox 780 1020 964 1087; x_wconf 88' lang='lat' dir='ltr'><strong>oculo</strong></span> <span class='ocrx_word' id='word_1_56' title='bbox 1014 1018 1405 1109; x_wconf 73' lang='lat' dir='ltr'>pedibusque</span> <span class='ocrx_word' id='word_1_57' title='bbox 1452 1022 1708 1092; x_wconf 83' lang='lat' dir='ltr'><strong>duobus</strong></span> <span class='ocrx_word' id='word_1_58' title='bbox 1752 1022 2146 1092; x_wconf 82' lang='lat' dir='ltr'><strong>dimidiateis</strong></span> 
     </span>
     <span class='ocr_line' id='line_1_8' title="bbox 596 1133 978 1213; baseline 0.003 -20"><span class='ocrx_word' id='word_1_59' title='bbox 596 1133 673 1193; x_wconf 76' lang='lat' dir='ltr'><strong>ut</strong></span> <span class='ocrx_word' id='word_1_60' title='bbox 718 1145 978 1213; x_wconf 85' lang='lat' dir='ltr'><strong>porcus.</strong></span> 
     </span>
    </p>

    <p class='ocr_par' dir='ltr' id='par_1_3' title="bbox 170 1230 2572 1742">
     <span class='ocr_line' id='line_1_9' title="bbox 267 1230 2572 1320; baseline 0.003 -23"><span class='ocrx_word' id='word_1_61' title='bbox 267 1230 657 1298; x_wconf 74' lang='lat' dir='ltr'><strong>Dimidiatus</strong></span> <span class='ocrx_word' id='word_1_62' title='bbox 704 1231 897 1318; x_wconf 80' lang='lat' dir='ltr'><strong>vulgo</strong></span> <span class='ocrx_word' id='word_1_63' title='bbox 944 1230 1112 1320; x_wconf 86' lang='lat' dir='ltr'><strong>apud</strong></span> <span class='ocrx_word' id='word_1_64' title='bbox 1162 1232 1440 1301; x_wconf 85' lang='lat' dir='ltr'><strong>Gellium</strong></span> <span class='ocrx_word' id='word_1_65' title='bbox 1491 1234 1601 1302; x_wconf 84' lang='lat'>111.</span> <span class='ocrx_word' id='word_1_66' title='bbox 1660 1239 1758 1302; x_wconf 88' lang='grc'><strong>14.</strong></span> <span class='ocrx_word' id='word_1_67' title='bbox 1811 1241 1889 1314; x_wconf 89' lang='grc'><strong>6,</strong></span> <span class='ocrx_word' id='word_1_68' title='bbox 1939 1233 2110 1302; x_wconf 81' lang='lat' dir='ltr'><strong>unde</strong></span> <span class='ocrx_word' id='word_1_69' title='bbox 2155 1233 2314 1303; x_wconf 85' lang='lat' dir='ltr'><strong>haec</strong></span> <span class='ocrx_word' id='word_1_70' title='bbox 2350 1246 2572 1305; x_wconf 85' lang='lat' dir='ltr'><strong>sumta</strong></span> 
     </span>
     <span class='ocr_line' id='line_1_10' title="bbox 182 1340 2568 1427; baseline 0.005 -27"><span class='ocrx_word' id='word_1_71' title='bbox 182 1344 356 1411; x_wconf 76' lang='lat' dir='ltr'><strong>sunt:</strong></span> <span class='ocrx_word' id='word_1_72' title='bbox 427 1340 816 1406; x_wconf 73' lang='lat' dir='ltr'><strong>rectissime.</strong></span> <span class='ocrx_word' id='word_1_73' title='bbox 912 1340 1007 1406; x_wconf 81' lang='lat' dir='ltr'><strong>An</strong></span> <span class='ocrx_word' id='word_1_74' title='bbox 1075 1359 1228 1407; x_wconf 85' lang='lat' dir='ltr'><strong>vero</strong></span> <span class='ocrx_word' id='word_1_75' title='bbox 1289 1340 1529 1426; x_wconf 81' lang='lat' dir='ltr'><strong>singuli</strong></span> <span class='ocrx_word' id='word_1_76' title='bbox 1596 1340 1788 1427; x_wconf 85' lang='lat' dir='ltr'><strong>pedes</strong></span> <span class='ocrx_word' id='word_1_77' title='bbox 1838 1342 2012 1425; x_wconf 84' lang='lat' dir='ltr'><strong>porci</strong></span> <span class='ocrx_word' id='word_1_78' title='bbox 2062 1340 2568 1413; x_wconf 75' lang='lat' dir='ltr'><strong>discinduntur?</strong></span> 
     </span>
     <span class='ocr_line' id='line_1_11' title="bbox 183 1441 2567 1536; baseline 0.004 -29"><span class='ocrx_word' id='word_1_79' title='bbox 183 1441 439 1512; x_wconf 63' lang='lat' dir='ltr'><strong>Minime</strong></span> <span class='ocrx_word' id='word_1_80' title='bbox 508 1466 693 1520; x_wconf 77' lang='lat' dir='ltr'><strong>vero:</strong></span> <span class='ocrx_word' id='word_1_81' title='bbox 741 1444 1123 1512; x_wconf 85' lang='lat' dir='ltr'><strong>dimidiatur</strong></span> <span class='ocrx_word' id='word_1_82' title='bbox 1169 1465 1401 1531; x_wconf 86' lang='lat' dir='ltr'><strong>porcus</strong></span> <span class='ocrx_word' id='word_1_83' title='bbox 1450 1455 1813 1528; x_wconf 84' lang='lat' dir='ltr'><strong>mactatus,</strong></span> <span class='ocrx_word' id='word_1_84' title='bbox 1864 1456 2136 1534; x_wconf 80' lang='lat' dir='ltr'><strong>utraque</strong></span> <span class='ocrx_word' id='word_1_85' title='bbox 2186 1468 2337 1535; x_wconf 86' lang='lat' dir='ltr'><strong>pars</strong></span> <span class='ocrx_word' id='word_1_86' title='bbox 2390 1451 2567 1536; x_wconf 84' lang='lat' dir='ltr'><strong>porci</strong></span> 
     </span>
     <span class='ocr_line' id='line_1_12' title="bbox 180 1545 2565 1639; baseline 0.004 -26"><span class='ocrx_word' id='word_1_87' title='bbox 180 1545 364 1619; x_wconf 81' lang='lat' dir='ltr'><strong>babet</strong></span> <span class='ocrx_word' id='word_1_88' title='bbox 413 1550 586 1618; x_wconf 79' lang='lat' dir='ltr'><strong>duos</strong></span> <span class='ocrx_word' id='word_1_89' title='bbox 628 1550 822 1639; x_wconf 85' lang='lat' dir='ltr'><strong>pedes</strong></span> <span class='ocrx_word' id='word_1_90' title='bbox 864 1560 929 1617; x_wconf 82' lang='lat' dir='ltr'><strong>et</strong></span> <span class='ocrx_word' id='word_1_91' title='bbox 980 1551 1534 1629; x_wconf 55' lang='lat' dir='ltr'><strong>unum-oculum</strong></span> <span class='ocrx_word' id='word_1_92' title='bbox 1586 1551 1671 1620; x_wconf 78' lang='lat' dir='ltr'><strong>cf.</strong></span> <span class='ocrx_word' id='word_1_93' title='bbox 1724 1553 1931 1622; x_wconf 81' lang='lat' dir='ltr'>XXX.</span> <span class='ocrx_word' id='word_1_94' title='bbox 1985 1558 2103 1622; x_wconf 87' lang='grc'><strong>131</strong></span> <span class='ocrx_word' id='word_1_95' title='bbox 2159 1563 2223 1621; x_wconf 91' lang='lat' dir='ltr'><strong>et</strong></span> <span class='ocrx_word' id='word_1_96' title='bbox 2275 1553 2565 1623; x_wconf 89' lang='lat' dir='ltr'><strong>Coniect.</strong></span> 
     </span>
     <span class='ocr_line' id='line_1_13' title="bbox 170 1653 1650 1742; baseline 0.003 -23"><span class='ocrx_word' id='word_1_97' title='bbox 170 1653 240 1721; x_wconf 87' lang='grc' dir='ltr'><strong>ΙΙ.</strong></span> <span class='ocrx_word' id='word_1_98' title='bbox 290 1661 351 1722; x_wconf 78' lang='lat'><strong>7.</strong></span> <span class='ocrx_word' id='word_1_99' title='bbox 450 1657 609 1723; x_wconf 82' lang='lat' dir='ltr'><strong>Post</strong></span> <span class='ocrx_word' id='word_1_100' title='bbox 655 1657 897 1723; x_wconf 76' lang='lat' dir='ltr'><strong>duabus</strong></span> <span class='ocrx_word' id='word_1_101' title='bbox 940 1655 1480 1742; x_wconf 81' lang='lat' dir='ltr'><strong>distinguendum</strong></span> <span class='ocrx_word' id='word_1_102' title='bbox 1530 1667 1650 1726; x_wconf 89' lang='lat' dir='ltr'><strong>est.</strong></span> 
     </span>
    </p>

    <p class='ocr_par' dir='ltr' id='par_1_4' title="bbox 251 1760 2558 1849">
     <span class='ocr_line' id='line_1_14' title="bbox 251 1760 2558 1849; baseline 0.003 -21"><span class='ocrx_word' id='word_1_103' title='bbox 251 1760 478 1829; x_wconf 78' lang='lat' dir='ltr'><strong>xxvt.</strong></span> <span class='ocrx_word' id='word_1_104' title='bbox 522 1768 635 1830; x_wconf 77' lang='lat'><strong>84.</strong></span> <span class='ocrx_word' id='word_1_105' title='bbox 687 1762 841 1830; x_wconf 87' lang='lat' dir='ltr'><strong>Sine</strong></span> <span class='ocrx_word' id='word_1_106' title='bbox 883 1763 963 1830; x_wconf 71' lang='lat' dir='ltr'><strong>M.</strong></span> <span class='ocrx_word' id='word_1_107' title='bbox 989 1762 1418 1848; x_wconf 79' lang='lat' dir='ltr'><strong>explicatione</strong></span> <span class='ocrx_word' id='word_1_108' title='bbox 1442 1783 1566 1830; x_wconf 90' lang='lat' dir='ltr'><strong>non</strong></span> <span class='ocrx_word' id='word_1_109' title='bbox 1595 1761 1781 1832; x_wconf 80' lang='lat' dir='ltr'><strong>facile</strong></span> <span class='ocrx_word' id='word_1_110' title='bbox 1806 1763 1962 1831; x_wconf 79' lang='lat' dir='ltr'><strong>haer.</strong></span> <span class='ocrx_word' id='word_1_111' title='bbox 1990 1762 2558 1849; x_wconf 74' lang='lat' dir='ltr'><strong>intellegerentur:</strong></span> 
     </span>
    </p>

    <p class='ocr_par' dir='ltr' id='par_1_5' title="bbox 308 1866 2421 1957">
     <span class='ocr_line' id='line_1_15' title="bbox 308 1866 2421 1957; baseline 0.001 -23"><span class='ocrx_word' id='word_1_112' title='bbox 308 1866 499 1934; x_wconf 84' lang='lat' dir='ltr'><strong>malis</strong></span> <span class='ocrx_word' id='word_1_113' title='bbox 553 1871 829 1936; x_wconf 77' lang='lat' dir='ltr'><strong>vesceist</strong></span> <span class='ocrx_word' id='word_1_114' title='bbox 878 1869 1128 1936; x_wconf 88' lang='lat' dir='ltr'><strong>lautum</strong></span> <span class='ocrx_word' id='word_1_115' title='bbox 1177 1889 1216 1936; x_wconf 86' lang='lat' dir='ltr'><strong>e</strong></span> <span class='ocrx_word' id='word_1_116' title='bbox 1261 1889 1529 1951; x_wconf 85' lang='lat' dir='ltr'><strong>mensa,</strong></span> <span class='ocrx_word' id='word_1_117' title='bbox 1582 1890 1779 1957; x_wconf 88' lang='lat' dir='ltr'><strong>pure,</strong></span> <span class='ocrx_word' id='word_1_118' title='bbox 1825 1878 2132 1957; x_wconf 82' lang='lat' dir='ltr'><strong>capturos</strong></span> <span class='ocrx_word' id='word_1_119' title='bbox 2179 1869 2421 1938; x_wconf 87' lang='lat' dir='ltr'><strong>cibum.</strong></span> 
     </span>
    </p>

    <p class='ocr_par' dir='ltr' id='par_1_6' title="bbox 157 1970 2561 3526">
     <span class='ocr_line' id='line_1_16' title="bbox 173 1970 2561 2063; baseline 0.002 -23"><span class='ocrx_word' id='word_1_120' title='bbox 173 1970 581 2050; x_wconf 80' lang='lat' dir='ltr'><strong>-Sententia.</strong></span> <span class='ocrx_word' id='word_1_121' title='bbox 629 1978 882 2063; x_wconf 87' lang='lat' dir='ltr'><strong>inquit,</strong></span> <span class='ocrx_word' id='word_1_122' title='bbox 932 1975 1088 2042; x_wconf 82' lang='lat' dir='ltr'><strong>haec</strong></span> <span class='ocrx_word' id='word_1_123' title='bbox 1128 1974 1299 2041; x_wconf 77' lang='lat' dir='ltr'><strong>decet</strong></span> <span class='ocrx_word' id='word_1_124' title='bbox 1339 1986 1482 2061; x_wconf 74' lang='lat' dir='ltr'><strong>post</strong></span> <span class='ocrx_word' id='word_1_125' title='bbox 1527 1997 1807 2044; x_wconf 78' lang='lat' dir='ltr'><strong>mensam</strong></span> <span class='ocrx_word' id='word_1_126' title='bbox 1859 1976 2048 2043; x_wconf 74' lang='lat' dir='ltr'><strong>malis</strong></span> <span class='ocrx_word' id='word_1_127' title='bbox 2091 1976 2256 2044; x_wconf 75' lang='lat' dir='ltr'><strong>vesci</strong></span> <span class='ocrx_word' id='word_1_128' title='bbox 2300 1997 2403 2043; x_wconf 73' lang='lat' dir='ltr'><strong>eos</strong></span> <span class='ocrx_word' id='word_1_129' title='bbox 2450 1978 2561 2063; x_wconf 75' lang='lat' dir='ltr'><strong>qui</strong></span> 
     </span>
     <span class='ocr_line' id='line_1_17' title="bbox 171 2079 2559 2170; baseline 0.003 -27"><span class='ocrx_word' id='word_1_130' title='bbox 171 2079 500 2147; x_wconf 73' lang='lat' dir='ltr'><strong>etiamnum</strong></span> <span class='ocrx_word' id='word_1_131' title='bbox 555 2083 987 2149; x_wconf 51' lang='lat' dir='ltr'><strong>emeritana...</strong></span> <span class='ocrx_word' id='word_1_132' title='bbox 1023 2102 1186 2170; x_wconf 66' lang='lat' dir='ltr'><strong>piare</strong></span> <span class='ocrx_word' id='word_1_133' title='bbox 1235 2082 1281 2148; x_wconf 85' lang='lat' dir='ltr'><strong>i.</strong></span> <span class='ocrx_word' id='word_1_134' title='bbox 1330 2101 1388 2147; x_wconf 87' lang='lat' dir='ltr'><strong>e.</strong></span> <span class='ocrx_word' id='word_1_135' title='bbox 1435 2084 1699 2168; x_wconf 89' lang='lat' dir='ltr'><strong>puere.&#39;’</strong></span> <span class='ocrx_word' id='word_1_136' title='bbox 1769 2082 1907 2149; x_wconf 92' lang='lat' dir='ltr'><strong>Non</strong></span> <span class='ocrx_word' id='word_1_137' title='bbox 1959 2090 2112 2148; x_wconf 85' lang='lat' dir='ltr'><strong>sunt</strong></span> <span class='ocrx_word' id='word_1_138' title='bbox 2164 2080 2320 2149; x_wconf 82' lang='lat' dir='ltr'><strong>baec</strong></span> <span class='ocrx_word' id='word_1_139' title='bbox 2362 2100 2559 2150; x_wconf 83' lang='lat' dir='ltr'><strong>aurea</strong></span> 
     </span>
     <span class='ocr_line' id='line_1_18' title="bbox 171 2184 2553 2273; baseline 0.002 -22"><span class='ocrx_word' id='word_1_140' title='bbox 171 2184 324 2252; x_wconf 81' lang='lat' dir='ltr'><strong>mala</strong></span> <span class='ocrx_word' id='word_1_141' title='bbox 391 2189 460 2254; x_wconf 91' lang='lat' dir='ltr'><strong>in</strong></span> <span class='ocrx_word' id='word_1_142' title='bbox 526 2189 858 2273; x_wconf 71' lang='lat' dir='ltr'><strong>argenteis</strong></span> <span class='ocrx_word' id='word_1_143' title='bbox 922 2186 1214 2253; x_wconf 83' lang='lat' dir='ltr'><strong>lancibus</strong></span> <span class='ocrx_word' id='word_1_144' title='bbox 1278 2188 1596 2273; x_wconf 85' lang='lat' dir='ltr'><strong>apposita.</strong></span> <span class='ocrx_word' id='word_1_145' title='bbox 1695 2186 1859 2255; x_wconf 79' lang='lat' dir='ltr'><strong>Mala</strong></span> <span class='ocrx_word' id='word_1_146' title='bbox 1917 2206 2037 2255; x_wconf 88' lang='lat' dir='ltr'><strong>cur</strong></span> <span class='ocrx_word' id='word_1_147' title='bbox 2103 2186 2323 2254; x_wconf 85' lang='lat' dir='ltr'><strong>lautus</strong></span> <span class='ocrx_word' id='word_1_148' title='bbox 2366 2187 2553 2256; x_wconf 84' lang='lat' dir='ltr'><strong>cibus</strong></span> 
     </span>
     <span class='ocr_line' id='line_1_19' title="bbox 166 2291 2551 2378; baseline 0.003 -23"><span class='ocrx_word' id='word_1_149' title='bbox 166 2292 607 2378; x_wconf 75' lang='lat' dir='ltr'><strong>appellantur?</strong></span> <span class='ocrx_word' id='word_1_150' title='bbox 690 2294 856 2360; x_wconf 87' lang='lat' dir='ltr'><strong>Tum</strong></span> <span class='ocrx_word' id='word_1_151' title='bbox 907 2302 1082 2359; x_wconf 82' lang='lat' dir='ltr'><strong>totus</strong></span> <span class='ocrx_word' id='word_1_152' title='bbox 1137 2311 1364 2359; x_wconf 86' lang='lat' dir='ltr'><strong>versus</strong></span> <span class='ocrx_word' id='word_1_153' title='bbox 1413 2292 1679 2360; x_wconf 82' lang='lat' dir='ltr'><strong>moleste</strong></span> <span class='ocrx_word' id='word_1_154' title='bbox 1723 2294 2103 2361; x_wconf 84' lang='lat' dir='ltr'><strong>enuntiatus</strong></span> <span class='ocrx_word' id='word_1_155' title='bbox 2149 2301 2214 2359; x_wconf 90' lang='lat' dir='ltr'><strong>et</strong></span> <span class='ocrx_word' id='word_1_156' title='bbox 2264 2291 2551 2361; x_wconf 84' lang='lat' dir='ltr'><strong>verbose.</strong></span> 
     </span>
     <span class='ocr_line' id='line_1_20' title="bbox 167 2395 2551 2487; baseline 0.002 -25"><span class='ocrx_word' id='word_1_157' title='bbox 167 2395 360 2467; x_wconf 78' lang='lat' dir='ltr'><strong>Libri:</strong></span> <span class='ocrx_word' id='word_1_158' title='bbox 407 2400 608 2467; x_wconf 72' lang='lat' dir='ltr'><strong>malis</strong></span> <span class='ocrx_word' id='word_1_159' title='bbox 653 2420 1140 2484; x_wconf 64' lang='lat' dir='ltr'><strong>necesse-mae</strong></span> <span class='ocrx_word' id='word_1_160' title='bbox 1185 2406 1301 2465; x_wconf 88' lang='lat' dir='ltr'><strong>aut</strong></span> <span class='ocrx_word' id='word_1_161' title='bbox 1343 2421 1520 2487; x_wconf 81' lang='lat' dir='ltr'><strong>pure.</strong></span> <span class='ocrx_word' id='word_1_162' title='bbox 1616 2397 1706 2465; x_wconf 78' lang='lat' dir='ltr'><strong>cf.</strong></span> <span class='ocrx_word' id='word_1_163' title='bbox 1756 2400 2036 2466; x_wconf 84' lang='lat' dir='ltr'><strong>Coniect.</strong></span> <span class='ocrx_word' id='word_1_164' title='bbox 2087 2398 2166 2465; x_wconf 89' lang='lat'><strong>11.</strong></span> <span class='ocrx_word' id='word_1_165' title='bbox 2212 2403 2325 2474; x_wconf 65' lang='lat'><strong>54.</strong></span> <span class='ocrx_word' id='word_1_166' title='bbox 2392 2399 2551 2466; x_wconf 85' lang='lat' dir='ltr'><strong>Pro·</strong></span> 
     </span>
     <span class='ocr_line' id='line_1_21' title="bbox 166 2503 2550 2594; baseline 0.001 -24"><span class='ocrx_word' id='word_1_167' title='bbox 166 2503 298 2589; x_wconf 83' lang='lat' dir='ltr'><strong>pins</strong></span> <span class='ocrx_word' id='word_1_168' title='bbox 347 2528 462 2574; x_wconf 80' lang='lat' dir='ltr'><strong>nec</strong></span> <span class='ocrx_word' id='word_1_169' title='bbox 501 2528 640 2573; x_wconf 73' lang='lat' dir='ltr'><strong>esse</strong></span> <span class='ocrx_word' id='word_1_170' title='bbox 684 2525 878 2594; x_wconf 85' lang='lat' dir='ltr'><strong>quam</strong></span> <span class='ocrx_word' id='word_1_171' title='bbox 924 2505 1182 2572; x_wconf 69' lang='lat' dir='ltr'><strong>cerceis!</strong></span> <span class='ocrx_word' id='word_1_172' title='bbox 1220 2504 1553 2593; x_wconf 87' lang='lat' dir='ltr'><strong>aliquanto</strong></span> <span class='ocrx_word' id='word_1_173' title='bbox 1593 2504 1675 2572; x_wconf 82' lang='lat' dir='ltr'><strong>ad</strong></span> <span class='ocrx_word' id='word_1_174' title='bbox 1717 2504 1896 2574; x_wconf 70' lang='lat' dir='ltr'><strong>MSS.</strong></span> <span class='ocrx_word' id='word_1_175' title='bbox 1938 2503 2211 2573; x_wconf 86' lang='lat' dir='ltr'><strong>accedit.</strong></span> <span class='ocrx_word' id='word_1_176' title='bbox 2260 2503 2385 2574; x_wconf 85' lang='lat' dir='ltr'><strong>Sed</strong></span> <span class='ocrx_word' id='word_1_177' title='bbox 2429 2503 2550 2573; x_wconf 85' lang='lat' dir='ltr'><strong>hoc</strong></span> 
     </span>
     <span class='ocr_line' id='line_1_22' title="bbox 167 2610 2547 2691; baseline 0.001 -16"><span class='ocrx_word' id='word_1_178' title='bbox 167 2619 304 2677; x_wconf 85' lang='lat' dir='ltr'><strong>utut</strong></span> <span class='ocrx_word' id='word_1_179' title='bbox 338 2620 472 2691; x_wconf 81' lang='lat' dir='ltr'><strong>est,</strong></span> <span class='ocrx_word' id='word_1_180' title='bbox 521 2612 687 2678; x_wconf 89' lang='lat' dir='ltr'><strong>nihil</strong></span> <span class='ocrx_word' id='word_1_181' title='bbox 721 2622 836 2679; x_wconf 80' lang='lat' dir='ltr'><strong>,est</strong></span> <span class='ocrx_word' id='word_1_182' title='bbox 881 2631 1001 2679; x_wconf 88' lang='lat' dir='ltr'><strong>cur</strong></span> <span class='ocrx_word' id='word_1_183' title='bbox 1045 2613 1104 2678; x_wconf 81' lang='lat' dir='ltr'><strong>ei</strong></span> <span class='ocrx_word' id='word_1_184' title='bbox 1146 2610 1266 2678; x_wconf 86' lang='lat' dir='ltr'><strong>hoc</strong></span> <span class='ocrx_word' id='word_1_185' title='bbox 1314 2610 1452 2677; x_wconf 85' lang='lat' dir='ltr'><strong>loco</strong></span> <span class='ocrx_word' id='word_1_186' title='bbox 1501 2611 1829 2678; x_wconf 82' lang='lat' dir='ltr'><strong>scribatur</strong></span> <span class='ocrx_word' id='word_1_187' title='bbox 1875 2611 1929 2677; x_wconf 81' lang='lat' dir='ltr'><strong>si</strong></span> <span class='ocrx_word' id='word_1_188' title='bbox 1972 2611 2124 2678; x_wconf 87' lang='lat' dir='ltr'><strong>alibi</strong></span> <span class='ocrx_word' id='word_1_189' title='bbox 2167 2613 2193 2676; x_wconf 81' lang='grc' dir='ltr'><strong>ι’</strong></span> <span class='ocrx_word' id='word_1_190' title='bbox 2227 2612 2547 2678; x_wconf 85' lang='lat' dir='ltr'><strong>intactum</strong></span> 
     </span>
     <span class='ocr_line' id='line_1_23' title="bbox 166 2714 2550 2806; baseline 0.001 -26"><span class='ocrx_word' id='word_1_191' title='bbox 166 2714 590 2805; x_wconf 81' lang='lat' dir='ltr'><strong>relinquitur,</strong></span> <span class='ocrx_word' id='word_1_192' title='bbox 654 2726 728 2784; x_wconf 87' lang='lat' dir='ltr'><strong>ut</strong></span> <span class='ocrx_word' id='word_1_193' title='bbox 772 2719 997 2806; x_wconf 75' lang='lat' dir='ltr'><strong>sunqi,</strong></span> <span class='ocrx_word' id='word_1_194' title='bbox 1047 2716 1196 2785; x_wconf 88' lang='lat' dir='ltr'><strong>alia.</strong></span> <span class='ocrx_word' id='word_1_195' title='bbox 1296 2719 1379 2784; x_wconf 78' lang='lat' dir='ltr'><strong>At</strong></span> <span class='ocrx_word' id='word_1_196' title='bbox 1425 2718 1492 2782; x_wconf 90' lang='lat' dir='ltr'><strong>in</strong></span> <span class='ocrx_word' id='word_1_197' title='bbox 1545 2716 1683 2783; x_wconf 87' lang='lat' dir='ltr'><strong>loco</strong></span> <span class='ocrx_word' id='word_1_198' title='bbox 1730 2715 1979 2783; x_wconf 85' lang='lat' dir='ltr'><strong>difficili</strong></span> <span class='ocrx_word' id='word_1_199' title='bbox 2022 2737 2098 2784; x_wconf 91' lang='lat' dir='ltr'><strong>ac</strong></span> <span class='ocrx_word' id='word_1_200' title='bbox 2145 2737 2347 2804; x_wconf 89' lang='lat' dir='ltr'><strong>paene</strong></span> <span class='ocrx_word' id='word_1_201' title='bbox 2392 2735 2550 2783; x_wconf 89' lang='lat' dir='ltr'><strong>con-</strong></span> 
     </span>
     <span class='ocr_line' id='line_1_24' title="bbox 166 2819 2547 2905; baseline 0.002 -20"><span class='ocrx_word' id='word_1_202' title='bbox 166 2819 424 2890; x_wconf 83' lang='lat' dir='ltr'><strong>clamato</strong></span> <span class='ocrx_word' id='word_1_203' title='bbox 471 2823 718 2891; x_wconf 80' lang='lat' dir='ltr'><strong>babent</strong></span> <span class='ocrx_word' id='word_1_204' title='bbox 763 2824 983 2903; x_wconf 76' lang='grc' dir='ltr'><strong><em>σεμνόν</em></strong></span> <span class='ocrx_word' id='word_1_205' title='bbox 1026 2848 1088 2890; x_wconf 80' lang='grc' dir='ltr'><strong>τι</strong></span> <span class='ocrx_word' id='word_1_206' title='bbox 1133 2823 1241 2890; x_wconf 64' lang='grc' dir='ltr'><strong>καὶ</strong></span> <span class='ocrx_word' id='word_1_207' title='bbox 1290 2820 1693 2905; x_wconf 58' lang='lat' dir='ltr'><strong>tempori-tude</strong></span> <span class='ocrx_word' id='word_1_208' title='bbox 1741 2822 1887 2889; x_wconf 84' lang='lat' dir='ltr'><strong>illae</strong></span> <span class='ocrx_word' id='word_1_209' title='bbox 1936 2829 2225 2890; x_wconf 79' lang='lat' dir='ltr'><strong>vetustae</strong></span> <span class='ocrx_word' id='word_1_210' title='bbox 2270 2821 2547 2902; x_wconf 68' lang='lat' dir='ltr'><strong>formae,</strong></span> 
     </span>
     <span class='ocr_line' id='line_1_25' title="bbox 162 2926 2548 3017; baseline -0 -22"><span class='ocrx_word' id='word_1_211' title='bbox 162 2931 564 3017; x_wconf 70' lang='lat' dir='ltr'><strong>spoeiemque</strong></span> <span class='ocrx_word' id='word_1_212' title='bbox 609 2928 932 3017; x_wconf 82' lang='lat' dir='ltr'><strong>quandam</strong></span> <span class='ocrx_word' id='word_1_213' title='bbox 984 2936 1052 2996; x_wconf 86' lang='lat' dir='ltr'><strong>et</strong></span> <span class='ocrx_word' id='word_1_214' title='bbox 1096 2930 1580 2996; x_wconf 83' lang='lat' dir='ltr'><strong>excusationem</strong></span> <span class='ocrx_word' id='word_1_215' title='bbox 1628 2927 2008 2996; x_wconf 86' lang='lat' dir='ltr'><strong>obscuritati</strong></span> <span class='ocrx_word' id='word_1_216' title='bbox 2053 2926 2432 3005; x_wconf 84' lang='lat' dir='ltr'><strong>conciliant,</strong></span> <span class='ocrx_word' id='word_1_217' title='bbox 2474 2935 2548 2994; x_wconf 83' lang='lat' dir='ltr'><strong>ut</strong></span> 
     </span>
     <span class='ocr_line' id='line_1_26' title="bbox 165 3030 2543 3125; baseline 0.003 -28"><span class='ocrx_word' id='word_1_218' title='bbox 165 3030 222 3097; x_wconf 82' lang='lat' dir='ltr'><strong>in</strong></span> <span class='ocrx_word' id='word_1_219' title='bbox 278 3033 384 3101; x_wconf 89' lang='lat' dir='ltr'><strong>illo</strong></span> <span class='ocrx_word' id='word_1_220' title='bbox 447 3036 500 3103; x_wconf 84' lang='lat'><strong>1.</strong></span> <span class='ocrx_word' id='word_1_221' title='bbox 556 3040 642 3103; x_wconf 82' lang='lat'><strong>59</strong></span> <span class='ocrx_word' id='word_1_222' title='bbox 695 3036 977 3125; x_wconf 61' lang='lat' dir='ltr'><strong>‚preimo</strong></span> <span class='ocrx_word' id='word_1_223' title='bbox 1027 3034 1366 3102; x_wconf 86' lang='lat' dir='ltr'><strong>cerebrum</strong></span> <span class='ocrx_word' id='word_1_224' title='bbox 1417 3033 1571 3101; x_wconf 90' lang='lat' dir='ltr'><strong>huic</strong></span> <span class='ocrx_word' id='word_1_225' title='bbox 1621 3033 1819 3102; x_wconf 78' lang='lat' dir='ltr'><strong>refert</strong></span> <span class='ocrx_word' id='word_1_226' title='bbox 1869 3034 2115 3101; x_wconf 78' lang='lat' dir='ltr'><strong>minuei</strong></span> <span class='ocrx_word' id='word_1_227' title='bbox 2162 3035 2280 3102; x_wconf 87' lang='lat' dir='ltr'><strong>re”</strong></span> <span class='ocrx_word' id='word_1_228' title='bbox 2332 3032 2543 3122; x_wconf 70' lang='lat' dir='ltr'><strong>(libriz</strong></span> 
     </span>
     <span class='ocr_line' id='line_1_27' title="bbox 157 3139 2540 3229; baseline 0.001 -23"><span class='ocrx_word' id='word_1_229' title='bbox 157 3158 356 3221; x_wconf 76' lang='lat' dir='ltr'><strong>promo</strong></span> <span class='ocrx_word' id='word_1_230' title='bbox 394 3151 510 3210; x_wconf 81' lang='lat' dir='ltr'><strong>aut</strong></span> <span class='ocrx_word' id='word_1_231' title='bbox 547 3143 755 3228; x_wconf 81' lang='lat' dir='ltr'><strong>primo</strong></span> <span class='ocrx_word' id='word_1_232' title='bbox 791 3141 905 3208; x_wconf 69' lang='lat' dir='ltr'><strong>hoc</strong></span> <span class='ocrx_word' id='word_1_233' title='bbox 944 3141 1268 3209; x_wconf 72' lang='lat' dir='ltr'><strong>minuendi</strong></span> <span class='ocrx_word' id='word_1_234' title='bbox 1304 3144 1504 3229; x_wconf 77' lang='lat' dir='ltr'><strong>refert</strong></span> <span class='ocrx_word' id='word_1_235' title='bbox 1543 3162 1646 3207; x_wconf 80' lang='lat' dir='ltr'><strong>res</strong></span> <span class='ocrx_word' id='word_1_236' title='bbox 1666 3187 1684 3221; x_wconf 89' lang='lat'>,</span> <span class='ocrx_word' id='word_1_237' title='bbox 1712 3140 2030 3208; x_wconf 80' lang='lat' dir='ltr'><strong>cerebrum</strong></span> <span class='ocrx_word' id='word_1_238' title='bbox 2057 3160 2132 3207; x_wconf 82' lang='lat' dir='ltr'><strong>ex</strong></span> <span class='ocrx_word' id='word_1_239' title='bbox 2162 3139 2434 3208; x_wconf 89' lang='lat' dir='ltr'><strong>cerebro</strong></span> <span class='ocrx_word' id='word_1_240' title='bbox 2457 3139 2540 3208; x_wconf 76' lang='lat' dir='ltr'><strong>M.</strong></span> 
     </span>
     <span class='ocr_line' id='line_1_28' title="bbox 165 3244 2538 3337; baseline 0.003 -31"><span class='ocrx_word' id='word_1_241' title='bbox 165 3248 443 3337; x_wconf 81' lang='lat' dir='ltr'><strong>accessit)</strong></span> <span class='ocrx_word' id='word_1_242' title='bbox 510 3249 556 3313; x_wconf 90' lang='lat' dir='ltr'><strong>i.</strong></span> <span class='ocrx_word' id='word_1_243' title='bbox 614 3267 676 3313; x_wconf 89' lang='lat' dir='ltr'><strong>e.</strong></span> <span class='ocrx_word' id='word_1_244' title='bbox 739 3244 935 3313; x_wconf 78' lang='lat' dir='ltr'><strong>refert</strong></span> <span class='ocrx_word' id='word_1_245' title='bbox 1000 3266 1105 3323; x_wconf 87' lang='lat' dir='ltr'><strong>re,</strong></span> <span class='ocrx_word' id='word_1_246' title='bbox 1170 3245 1322 3312; x_wconf 83' lang='lat' dir='ltr'><strong>huic</strong></span> <span class='ocrx_word' id='word_1_247' title='bbox 1386 3247 1597 3332; x_wconf 85' lang='lat' dir='ltr'><strong>primo</strong></span> <span class='ocrx_word' id='word_1_248' title='bbox 1655 3246 2012 3313; x_wconf 84' lang='lat' dir='ltr'><strong>comminui</strong></span> <span class='ocrx_word' id='word_1_249' title='bbox 2060 3246 2401 3314; x_wconf 84' lang='lat' dir='ltr'><strong>cerebrum</strong></span> <span class='ocrx_word' id='word_1_250' title='bbox 2455 3245 2538 3335; x_wconf 90' lang='lat' dir='ltr'><strong>(si</strong></span> 
     </span>
     <span class='ocr_line' id='line_1_29' title="bbox 167 3348 2537 3442; baseline 0.002 -28"><span class='ocrx_word' id='word_1_251' title='bbox 167 3348 498 3442; x_wconf 75' lang='lat' dir='ltr'><strong>intellego).</strong></span> <span class='ocrx_word' id='word_1_252' title='bbox 596 3352 774 3419; x_wconf 79' lang='lat' dir='ltr'><strong>Talia</strong></span> <span class='ocrx_word' id='word_1_253' title='bbox 836 3353 903 3418; x_wconf 90' lang='lat' dir='ltr'><strong>in</strong></span> <span class='ocrx_word' id='word_1_254' title='bbox 970 3350 1163 3418; x_wconf 81' lang='lat' dir='ltr'><strong>verba</strong></span> <span class='ocrx_word' id='word_1_255' title='bbox 1222 3353 1510 3419; x_wconf 86' lang='lat' dir='ltr'><strong>auctoris</strong></span> <span class='ocrx_word' id='word_1_256' title='bbox 1559 3348 1755 3419; x_wconf 81' lang='lat' dir='ltr'><strong>infert</strong></span> <span class='ocrx_word' id='word_1_257' title='bbox 1802 3350 2058 3438; x_wconf 20' lang='lat' dir='ltr'><strong>i8,4qui</strong></span> <span class='ocrx_word' id='word_1_258' title='bbox 2105 3350 2537 3419; x_wconf 85' lang='lat' dir='ltr'><strong>Ribbeckium</strong></span> 
     </span>
     <span class='ocr_line' id='line_1_30' title="bbox 167 3454 1197 3526; baseline 0.005 -8"><span class='ocrx_word' id='word_1_259' title='bbox 167 3454 381 3525; x_wconf 86' lang='lat' dir='ltr'><strong>nimiae</strong></span> <span class='ocrx_word' id='word_1_260' title='bbox 429 3457 862 3526; x_wconf 77' lang='lat' dir='ltr'><strong>confidentiae</strong></span> <span class='ocrx_word' id='word_1_261' title='bbox 895 3466 1197 3525; x_wconf 81' lang='lat' dir='ltr'><strong>accusat.</strong></span> 
     </span>
    </p>

    <p class='ocr_par' dir='ltr' id='par_1_7' title="bbox 166 3558 2534 3756">
     <span class='ocr_line' id='line_1_31' title="bbox 241 3558 2534 3653; baseline 0 -24"><span class='ocrx_word' id='word_1_262' title='bbox 241 3562 470 3632; x_wconf 70' lang='lat' dir='ltr'><strong>xxvi.</strong></span> <span class='ocrx_word' id='word_1_263' title='bbox 541 3569 621 3631; x_wconf 79' lang='lat' dir='ltr'><strong>&#39;u</strong></span> <span class='ocrx_word' id='word_1_264' title='bbox 667 3558 1099 3653; x_wconf 73' lang='lat' dir='ltr'><strong>depeilassere</strong></span> <span class='ocrx_word' id='word_1_265' title='bbox 1148 3563 1447 3652; x_wconf 84' lang='lat' dir='ltr'><strong>scripsit,</strong></span> <span class='ocrx_word' id='word_1_266' title='bbox 1505 3582 1654 3630; x_wconf 88' lang='lat' dir='ltr'><strong>cum</strong></span> <span class='ocrx_word' id='word_1_267' title='bbox 1707 3564 1771 3629; x_wconf 90' lang='lat' dir='ltr'><strong>in</strong></span> <span class='ocrx_word' id='word_1_268' title='bbox 1820 3560 2006 3632; x_wconf 85' lang='lat' dir='ltr'><strong>codd.</strong></span> <span class='ocrx_word' id='word_1_269' title='bbox 2054 3563 2141 3630; x_wconf 89' lang='lat' dir='ltr'><strong>sit</strong></span> <span class='ocrx_word' id='word_1_270' title='bbox 2188 3570 2303 3630; x_wconf 82' lang='lat' dir='ltr'><strong>aut</strong></span> <span class='ocrx_word' id='word_1_271' title='bbox 2348 3562 2534 3648; x_wconf 75' lang='lat' dir='ltr'><strong>dopo·</strong></span> 
     </span>
     <span class='ocr_line' id='line_1_32' title="bbox 166 3667 1190 3756; baseline 0.004 -24"><span class='ocrx_word' id='word_1_272' title='bbox 166 3667 456 3737; x_wconf 67' lang='lat' dir='ltr'><strong>cutonem</strong></span> <span class='ocrx_word' id='word_1_273' title='bbox 517 3678 637 3737; x_wconf 79' lang='lat' dir='ltr'><strong>aut</strong></span> <span class='ocrx_word' id='word_1_274' title='bbox 694 3669 1190 3756; x_wconf 74' lang='lat' dir='ltr'><strong>depeculassere.</strong></span> 
     </span>
    </p>

    <p class='ocr_par' dir='ltr' id='par_1_8' title="bbox 453 3773 2297 3970">
     <span class='ocr_line' id='line_1_33' title="bbox 459 3773 2297 3864; baseline -0.001 -21"><span class='ocrx_word' id='word_1_275' title='bbox 459 3776 876 3864; x_wconf 73' lang='lat' dir='ltr'><strong>depeilauere</strong></span> <span class='ocrx_word' id='word_1_276' title='bbox 915 3775 1133 3862; x_wconf 83' lang='lat' dir='ltr'><strong>aliqua</strong></span> <span class='ocrx_word' id='word_1_277' title='bbox 1180 3795 1447 3863; x_wconf 79' lang='lat' dir='ltr'><strong>sperans</strong></span> <span class='ocrx_word' id='word_1_278' title='bbox 1498 3795 1601 3843; x_wconf 89' lang='lat' dir='ltr'><strong>me</strong></span> <span class='ocrx_word' id='word_1_279' title='bbox 1646 3794 1722 3842; x_wconf 87' lang='lat' dir='ltr'><strong>ac</strong></span> <span class='ocrx_word' id='word_1_280' title='bbox 1768 3773 2297 3862; x_wconf 84' lang='lat' dir='ltr'><strong>deargentassere</strong></span> 
     </span>
     <span class='ocr_line' id='line_1_34' title="bbox 453 3879 2158 3970; baseline -0.001 -20"><span class='ocrx_word' id='word_1_281' title='bbox 453 3881 964 3959; x_wconf 83' lang='lat' dir='ltr'><strong>decalauticare,</strong></span> <span class='ocrx_word' id='word_1_282' title='bbox 1014 3882 1262 3949; x_wconf 87' lang='lat' dir='ltr'><strong>eburno</strong></span> <span class='ocrx_word' id='word_1_283' title='bbox 1308 3879 1571 3970; x_wconf 84' lang='lat' dir='ltr'><strong>speculo</strong></span> <span class='ocrx_word' id='word_1_284' title='bbox 1617 3880 2158 3968; x_wconf 86' lang='lat' dir='ltr'><strong>despeculassere.</strong></span> 
     </span>
    </p>

    <p class='ocr_par' dir='ltr' id='par_1_9' title="bbox 166 3984 2528 4394">
     <span class='ocr_line' id='line_1_35' title="bbox 248 3984 2528 4074; baseline 0 -23"><span class='ocrx_word' id='word_1_285' title='bbox 248 3984 720 4073; x_wconf 78' lang='lat' dir='ltr'><strong>Depeculassere</strong></span> <span class='ocrx_word' id='word_1_286' title='bbox 758 4009 833 4056; x_wconf 81' lang='lat' dir='ltr'><strong>ex</strong></span> <span class='ocrx_word' id='word_1_287' title='bbox 883 3988 1151 4055; x_wconf 87' lang='lat' dir='ltr'><strong>alterius</strong></span> <span class='ocrx_word' id='word_1_288' title='bbox 1195 4007 1424 4054; x_wconf 85' lang='lat' dir='ltr'><strong>versus</strong></span> <span class='ocrx_word' id='word_1_289' title='bbox 1473 3987 1870 4054; x_wconf 88' lang='lat' dir='ltr'><strong>correctione</strong></span> <span class='ocrx_word' id='word_1_290' title='bbox 1917 3988 2214 4074; x_wconf 81' lang='lat' dir='ltr'><strong>irrepsit3</strong></span> <span class='ocrx_word' id='word_1_291' title='bbox 2261 3985 2528 4071; x_wconf 80' lang='lat' dir='ltr'><strong>depecu-</strong></span> 
     </span>
     <span class='ocr_line' id='line_1_36' title="bbox 166 4086 2522 4182; baseline 0.001 -27"><span class='ocrx_word' id='word_1_292' title='bbox 166 4086 381 4158; x_wconf 72' lang='lat' dir='ltr'><strong>lasxere</strong></span> <span class='ocrx_word' id='word_1_293' title='bbox 445 4095 688 4182; x_wconf 89' lang='lat' dir='ltr'><strong>optime</strong></span> <span class='ocrx_word' id='word_1_294' title='bbox 755 4115 822 4161; x_wconf 88' lang='lat' dir='ltr'><strong>sc</strong></span> <span class='ocrx_word' id='word_1_295' title='bbox 892 4093 1116 4172; x_wconf 85' lang='lat' dir='ltr'><strong>habet,</strong></span> <span class='ocrx_word' id='word_1_296' title='bbox 1193 4093 1380 4161; x_wconf 86' lang='lat' dir='ltr'><strong>modo</strong></span> <span class='ocrx_word' id='word_1_297' title='bbox 1450 4092 1877 4160; x_wconf 84' lang='lat' dir='ltr'><strong>contrahatur</strong></span> <span class='ocrx_word' id='word_1_298' title='bbox 1939 4092 2005 4158; x_wconf 93' lang='lat' dir='ltr'><strong>in</strong></span> <span class='ocrx_word' id='word_1_299' title='bbox 2068 4090 2522 4180; x_wconf 73' lang='lat' dir='ltr'><strong>depoclassere.</strong></span> 
     </span>
     <span class='ocr_line' id='line_1_37' title="bbox 167 4193 2528 4288; baseline 0.001 -26"><span class='ocrx_word' id='word_1_300' title='bbox 167 4193 428 4282; x_wconf 74' lang='lat' dir='ltr'><strong>Apparet</strong></span> <span class='ocrx_word' id='word_1_301' title='bbox 471 4202 718 4267; x_wconf 88' lang='lat' dir='ltr'><strong>comica</strong></span> <span class='ocrx_word' id='word_1_302' title='bbox 765 4199 1066 4267; x_wconf 85' lang='lat' dir='ltr'><strong>vocabula</strong></span> <span class='ocrx_word' id='word_1_303' title='bbox 1120 4199 1274 4285; x_wconf 83' lang='lat' dir='ltr'><strong>fingi</strong></span> <span class='ocrx_word' id='word_1_304' title='bbox 1321 4221 1357 4267; x_wconf 89' lang='lat' dir='ltr'><strong>a</strong></span> <span class='ocrx_word' id='word_1_305' title='bbox 1397 4199 1737 4288; x_wconf 80' lang='lat' dir='ltr'><strong>poculum,</strong></span> <span class='ocrx_word' id='word_1_306' title='bbox 1802 4208 2171 4285; x_wconf 63' lang='lat' dir='ltr'><strong>arpentum,</strong></span> <span class='ocrx_word' id='word_1_307' title='bbox 2221 4196 2528 4265; x_wconf 73' lang='lat' dir='ltr'><strong>calantica</strong></span> 
     </span>
     <span class='ocr_line' id='line_1_38' title="bbox 173 4297 1758 4394; baseline 0.003 -29"><span class='ocrx_word' id='word_1_308' title='bbox 173 4297 346 4385; x_wconf 78' lang='lat' dir='ltr'><strong>(quod</strong></span> <span class='ocrx_word' id='word_1_309' title='bbox 393 4304 630 4372; x_wconf 89' lang='lat' dir='ltr'><strong>iniuria</strong></span> <span class='ocrx_word' id='word_1_310' title='bbox 677 4326 713 4372; x_wconf 89' lang='lat' dir='ltr'><strong>a</strong></span> <span class='ocrx_word' id='word_1_311' title='bbox 755 4304 947 4380; x_wconf 73' lang='grc' dir='ltr'><strong><em>καλός</em></strong></span> <span class='ocrx_word' id='word_1_312' title='bbox 996 4303 1176 4372; x_wconf 89' lang='lat' dir='ltr'><strong>ducit</strong></span> <span class='ocrx_word' id='word_1_313' title='bbox 1225 4305 1285 4371; x_wconf 80' lang='grc' dir='ltr'><strong>Μ</strong></span> <span class='ocrx_word' id='word_1_314' title='bbox 1314 4305 1372 4394; x_wconf 89' lang='grc'><strong>),</strong></span> <span class='ocrx_word' id='word_1_315' title='bbox 1418 4304 1758 4392; x_wconf 77' lang='lat' dir='ltr'><strong>speculum.</strong></span> 
     </span>
    </p>

    <p class='ocr_par' dir='ltr' id='par_1_10' title="bbox 259 4404 2161 4499">
     <span class='ocr_line' id='line_1_39' title="bbox 259 4404 2161 4499; baseline 0.003 -28"><span class='ocrx_word' id='word_1_316' title='bbox 259 4404 480 4476; x_wconf 75' lang='lat' dir='ltr'><strong>XXIX.</strong></span> <span class='ocrx_word' id='word_1_317' title='bbox 550 4415 668 4478; x_wconf 82' lang='lat'><strong>18:</strong></span> <span class='ocrx_word' id='word_1_318' title='bbox 725 4411 914 4490; x_wconf 82' lang='lat' dir='ltr'><strong>cuius</strong></span> <span class='ocrx_word' id='word_1_319' title='bbox 960 4410 1051 4480; x_wconf 75' lang='lat' dir='ltr'><strong>sei</strong></span> <span class='ocrx_word' id='word_1_320' title='bbox 1093 4411 1165 4478; x_wconf 77' lang='lat' dir='ltr'><strong>in</strong></span> <span class='ocrx_word' id='word_1_321' title='bbox 1210 4410 1456 4499; x_wconf 85' lang='lat' dir='ltr'><strong>periclo</strong></span> <span class='ocrx_word' id='word_1_322' title='bbox 1501 4407 1733 4479; x_wconf 79' lang='lat' dir='ltr'><strong>feceris</strong></span> <span class='ocrx_word' id='word_1_323' title='bbox 1778 4408 2161 4496; x_wconf 79' lang='lat' dir='ltr'><strong>periculum.</strong></span> 
     </span>
    </p>
   </div>
  </div>
 </body>
</html>
