2934 5050
989 316 1375 364 Pultotoctca
1425 315 1498 360 tr
1547 316 1798 360 eninm.
2451 299 2578 363 213

287 478 404 546 Est
472 483 556 548 in.
593 480 936 550 codicibus
983 482 1162 550 MSS.
1214 493 1543 551 certorum
1588 484 2043 551 vocabulorum
2096 484 2581 572 formarumque

72 633 75 688 3=
202 599 505 673 perpetua
565 587 880 674 quaedam
950 588 1240 655 confusio
1289 597 1360 656 ut
1409 591 1476 656 in
1526 591 1722 671 -βολή
1771 599 1837 658 et
1883 592 2153 672 -βουλῆ,
2203 592 2471 658 πέπεικα
2515 600 2580 658 et

72 739 73 744 η
200 694 543 774 πέπτωκα,
594 693 826 776 δεκάζω
875 703 940 760 et
985 693 1208 778 δικάζω
1257 705 1323 761 et
1372 697 1437 761 in
1485 697 1631 763 aliis
1686 698 2029 764 sexcentis.
2123 697 2579 764 Diversissima

199 808 346 866 sunt
400 800 516 868 sed
578 800 828 868 scribae
875 800 1037 867 nihil
1086 803 1403 870 sentiunt.
1498 804 1595 870 Ex
1644 824 1717 871 eo
1763 823 2000 891 genere
2044 812 2144 870 est
2195 802 2581 890 frequentis·

198 905 352 971 sima
399 906 697 975 confusio
736 907 909 974 iulet·
947 908 1205 982 καθῆκεν
1246 918 1311 974 et
1344 908 1717 991 κατέθηκεν,
1767 910 2046 976 καθεῖναι
2069 946 2160 960 —-
2183 910 2579 988 καταθεῖναι,

72 1036 75 1101 3
196 1012 396 1086 καθείς
431 1054 522 1065 -
558 1013 895 1091 καταθείς,
944 1021 1007 1079 el
1055 1014 1253 1080 simili
1308 1015 1494 1081 modo
1543 1036 1659 1103 pro
1704 1018 1968 1097 μεθῆκε,
2014 1017 2325 1095 μεθεῖναι,
2372 1017 2578 1095 μεθείς

72 1112 75 1207 ξ
198 1116 255 1181 in
293 1116 481 1185 lihris
508 1138 819 1206 apparere
843 1118 1043 1185 solent
1070 1121 1406 1198 μετέθηκε,
1449 1124 1839 1202 μεταθεῖναι,
1881 1122 2173 1202 μεταθεῖς
2197 1173 2213 1199 ,
2252 1131 2310 1188 et
2340 1147 2578 1201 συγκα·

195 1221 475 1306 τέθηκεν,
527 1227 904 1306 ἐγκαταθείς
956 1245 1068 1312 pro
1115 1229 1546 1308 συγκαθῆκεν,
1600 1228 1888 1308 ἐγκαθείς
1937 1236 2000 1294 et
2048 1229 2193 1295 sim.
2290 1227 2470 1310 Quod
2522 1229 2579 1295 si

197 1332 331 1415 quis
387 1331 592 1399 semel
653 1330 1092 1398 observaverit
1148 1333 1350 1399 multa
1409 1334 1567 1399 vitia
1628 1333 1778 1400 hinc
1829 1342 1977 1400 nala
2027 1334 2246 1401 statim
2298 1332 2572 1399 sanabit.

197 1432 406 1504 Isaeus
466 1437 713 1505 dicitur
770 1437 941 1526 apud
1009 1437 1304 1504 Philostr.
1373 1459 1432 1525 p.
1484 1444 1614 1506 513
1679 1459 1759 1506 ex
1825 1441 1954 1505 vita
2012 1438 2343 1506 luxuriosa
2401 1439 2576 1525 frugi

198 1538 394 1609 laetus
447 1563 622 1611 esse:
671 1544 776 1610 καὶ
823 1542 1142 1627 τράπεζαν
1189 1542 1452 1610 ἐκόλασε
1496 1547 1602 1612 καὶ
1650 1546 1719 1612 τὸ
1769 1547 1910 1628 ἐραν
1953 1546 2332 1624 μεΤΕθηκεν
2371 1542 2568 1627 ὥσπερ

197 1648 323 1721 τοὺς
368 1651 691 1732 προτέρους
737 1651 1101 1733 ὀφθαλμοὺς
1143 1651 1514 1730 ἀποβαλών.
1611 1651 1793 1719 Satin
1844 1652 2259 1740 perspicuum
2309 1658 2408 1716 est
2454 1675 2572 1730 με·

200 1752 357 1825 θῆκεν
427 1776 568 1822 esse
637 1755 1122 1842 reponendum?
1196 1757 1371 1824 idem
1420 1757 1730 1824 mendum
1783 1757 1970 1824 facile
2017 1755 2455 1842 deprehendes
2504 1759 2570 1822 in

202 1854 472 1927 Hernicis
537 1884 597 1950 p.
651 1866 803 1928 714.
853 1863 882 1928 ὃ
928 1865 1043 1942 μὲν
1087 1863 1245 1938 Αἶας
1275 1862 1629 1943 -ἤλγησέ
1676 1889 1747 1930 τε
1798 1863 1903 1929 καὶ
1952 1865 2060 1938 την
2109 1863 2290 1942 ὀργὴν
2338 1860 2575 1941 μΕΤέ-

199 1964 356 2039 θηκεν
404 1970 437 2032 ὁ
484 1969 549 2035 δὲ
593 1968 938 2050 ’Λχιλλεὺς
986 1970 1343 2049 ἄπεμήκννε
1391 1971 1505 2047 την
1552 1978 1732 2051 μῆνιν
1758 2021 1776 2051 ,
1832 1971 1965 2036 imo
2012 1988 2162 2036 vero
2211 1970 2372 2034 iram
2422 1968 2572 2034 mis·

83 2088 90 2141 ³.
201 2089 319 2136 tam
366 2074 561 2162 fecit,
613 2075 898 2154 μεθῆκεν.

279 2283 425 2373 Pag.
463 2288 630 2369 ela.
679 2286 869 2369 Φύσει
917 2287 1033 2367 μὲν
1080 2289 1207 2369 γὰρ
1254 2288 1577 2372 ἐπίφθονον
1621 2296 1845 2372 χρῆμα
1892 2284 2247 2368 ἄνθρωποι.
2319 2285 2565 2354 Natura

200 2390 278 2454 rei
334 2401 399 2457 et
460 2390 719 2460 dicendi
778 2393 1177 2460 cousuetudo
1241 2393 1567 2481 postulant
1634 2402 1704 2460 ut
1756 2391 2111 2478 ἅνθρωπος
2159 2392 2564 2479 corrigatur,

91 2569 104 2584 ⁵
205 2501 261 2559 ut
304 2499 472 2584 apud
519 2497 936 2566 Theocritum
983 2499 1290 2569 Adoniaz.
1341 2505 1425 2569 85
1475 2499 1666 2588 σοφρν
1711 2525 1801 2569 τοι
1847 2502 2046 2586 χρῆμ’
2094 2497 2435 2586 ὥνθρωπος,
2498 2507 2563 2567 et

93 2599 94 2614 ¹
205 2605 421 2685 passim
469 2604 641 2694 apud
689 2604 868 2673 alios.

279 2816 505 2886 Mirum
554 2817 736 2886 dictu
783 2827 880 2886 est
940 2819 1005 2885 in
1047 2837 1208 2905 quas
1251 2819 1527 2906 ineptias
1566 2840 1635 2886 se
1676 2817 2010 2905 Sophistae
2046 2816 2316 2883 induant
2357 2838 2560 2904 quum

206 2924 534 2991 orationem
598 2923 991 2992 calamistris
1047 2925 1317 2991 inurunt
1374 2915 1440 2990 e't
1501 2925 1853 3013 sophistico
1898 2926 2199 2991 acumine
2246 2943 2352 2989 res
2400 2925 2560 2990 sim-

207 3023 379 3108 plices
423 3030 725 3096 imbuunt
772 3040 837 3097 et
886 3038 1200 3098 exornant
1245 3028 1515 3097 scilicet.
1612 3029 1824 3110 Quum
1877 3028 2065 3097 vellet
2121 3028 2336 3095 dicere
2386 3048 2558 3095 »non

207 3140 288 3198 est
331 3135 697 3202 mirandum
750 3135 1042 3204 homines
1087 3136 1261 3203 omni
1312 3134 1569 3202 dicendi
1619 3134 1924 3202 facultate
1965 3134 2313 3201 destitutos
2359 3134 2564 3202 diser-

207 3238 431 3307 tissimo
467 3242 701 3308 aetatis
740 3262 896 3308 suae
937 3245 1076 3309 viro
1115 3241 1545 3309 maledicere”
1589 3239 1702 3307 diu
1738 3238 2090 3307 meditatus
2129 3239 2559 3307 Philostratus

211 3335 339 3410 haec
396 3347 647 3434 peperit
709 3367 852 3434 pag.
903 3354 1094 3415 515.:
1164 3351 1229 3415 οὐ
1294 3349 1415 3430 χρὴ
1481 3345 1818 3429 θαυμάζειν
1881 3348 1931 3412 εἶ
1990 3346 2395 3425 πεπεδημένοι
2444 3350 2555 3422 τὴν

211 3452 473 3521 racadu
531 3477 695 3527 τινες
758 3454 863 3519 καὶ
928 3461 1154 3521 ΒΟΤΝ
1221 3454 1603 3537 οἶφωνίας
1651 3453 1749 3518 ἐπ’
1797 3452 1990 3528 αὐτὴν
2044 3452 2562 3532 βεβλημένοι

212 3585 281 3605 —
318 3558 660 3627 διαπτύοιέν
703 3583 778 3626 τε
821 3560 925 3625 καὶ
974 3559 1274 3643 κακίζοιεν
1323 3561 1426 3626 τὸν
1451 3557 2041 3638 -μεγαλειότατα
2092 3559 2211 3623 τῶν
2259 3559 2364 3641 ἐφ’
2413 3559 2560 3623 ἑαυ-

212 3665 296 3726 τοῦ
346 3668 656 3744 Ἑλλήνων
705 3665 1189 3747 ἑρμηνεύσαντα.
1283 3665 1397 3731 Est
1443 3662 1689 3751 aliquid
1736 3663 1907 3729 inter
1952 3662 2385 3751 Aeschylum,
2446 3665 2558 3750 qui

91 3833 98 3842 .
217 3761 263 3828 ln
303 3773 760 3857 Ayamemnone
807 3770 971 3838 dixit
1017 3792 1112 3839 vs.
1167 3777 1279 3839 55.

91 3951 106 4104 ἰ

536 3877 628 3943 τὰ
674 3878 730 3942 δ’
778 3876 960 3945 ἄλλα
1005 3883 1161 3957 σιγῶ
1187 3899 1201 3916 ·
1251 3878 1405 3957 βοῦς
1451 3874 1554 3942 ἐπὶ
1602 3876 1860 3956 γλώσση
1909 3873 2122 3954 μέγας

542 3983 841 4065 βέβηκεν.

93 4141 106 4168 ,
215 4089 265 4146 et
303 4084 772 4175 Theognidem,
823 4090 1012 4157 cuius
1060 4089 1125 4156 hi
1174 4096 1329 4157 sunt
1375 4091 1510 4155 noti
1560 4085 1864 4156 versiculi
1913 4090 2043 4153 813
2094 4107 2193 4174 sq.

93 4205 104 4252 *

408 4196 555 4275 βοῦς
601 4220 705 4275 μοι
750 4197 852 4263 ἐπ’)
899 4196 1190 4276 γλώσσης
1237 4196 1505 4278 κρατερῷ
1551 4193 1688 4261 ποδὶ
1736 4190 1866 4271 λὰξ
1914 4193 2247 4272 ἐπιβαίνων

587 4302 758 4386 ἴσχει
804 4305 1127 4371 κωτίλλειν
1171 4303 1396 4384 καίπερ
1438 4300 1808 4381 ἐπιςοὶμενον
1838 4348 1856 4379 ,

219 4399 310 4481 qui
355 4411 556 4472 vetere
601 4406 776 4477 dicto
822 4410 888 4476 in
938 4429 1088 4477 eum
1135 4408 1245 4495 qui
1283 4429 1442 4495 quae
1482 4405 1705 4474 sentiat
1745 4404 1951 4472 dicere
1988 4426 2109 4472 non
2149 4403 2372 4469 audeat
2405 4400 2565 4467 scite
