<?xml version="1.0" encoding="UTF-8"?>
<!DOCTYPE html PUBLIC "-//W3C//DTD XHTML 1.0 Transitional//EN"
    "http://www.w3.org/TR/xhtml1/DTD/xhtml1-transitional.dtd">
<html xmlns="http://www.w3.org/1999/xhtml" xml:lang="en" lang="en">
 <head>
  <title>
</title>
<meta http-equiv="Content-Type" content="text/html;charset=utf-8" />
  <meta name='ocr-system' content='tesseract 3.04.00' />
  <meta name='ocr-capabilities' content='ocr_page ocr_carea ocr_par ocr_line ocrx_word'/>
</head>
<body>
  <div class='ocr_page' id='page_1' title='image "./mnemosynebiblio09servgoog/mnemosynebiblio09servgoog_0470.png"; bbox 0 0 2934 5050; ppageno 0'>
   <div class='ocr_carea' id='block_1_1' title="bbox 399 318 1948 379">
    <p class='ocr_par' dir='ltr' id='par_1_1' title="bbox 399 318 1948 379">
     <span class='ocr_line' id='line_1_1' title="bbox 399 318 1948 379; baseline -0.006 0"><span class='ocrx_word' id='word_1_1' title='bbox 399 318 526 379; x_wconf 72' lang='lat'><strong>414</strong></span> <span class='ocrx_word' id='word_1_2' title='bbox 1264 331 1665 379; x_wconf 61' lang='lat' dir='ltr'><strong>contuentia</strong></span> <span class='ocrx_word' id='word_1_3' title='bbox 1714 326 1920 375; x_wconf 72' lang='lat' dir='ltr'><strong>mm</strong></span> <span class='ocrx_word' id='word_1_4' title='bbox 1931 354 1948 370; x_wconf 86' lang='lat'><strong><em>.</em></strong></span> 
     </span>
    </p>
   </div>
   <div class='ocr_carea' id='block_1_2' title="bbox 399 491 2844 4354">
    <p class='ocr_par' dir='ltr' id='par_1_2' title="bbox 399 491 2844 4354">
     <span class='ocr_line' id='line_1_2' title="bbox 1390 491 2372 582; baseline -0.011 -17"><span class='ocrx_word' id='word_1_5' title='bbox 1390 499 1645 565; x_wconf 86' lang='lat' dir='ltr'><strong>diversa</strong></span> <span class='ocrx_word' id='word_1_6' title='bbox 1695 516 1809 582; x_wconf 89' lang='lat' dir='ltr'><strong>per</strong></span> <span class='ocrx_word' id='word_1_7' title='bbox 1854 512 2130 580; x_wconf 87' lang='lat' dir='ltr'><strong>aequora</strong></span> <span class='ocrx_word' id='word_1_8' title='bbox 2175 491 2372 557; x_wconf 73' lang='lat' dir='ltr'><strong>ventis</strong></span> 
     </span>
     <span class='ocr_line' id='line_1_3' title="bbox 764 602 1552 690; baseline 0.004 -24"><span class='ocrx_word' id='word_1_9' title='bbox 764 604 1020 668; x_wconf 75' lang='lat' dir='ltr'><strong>iactatos</strong></span> <span class='ocrx_word' id='word_1_10' title='bbox 1067 602 1325 690; x_wconf 82' lang='lat' dir='ltr'><strong>Lybicis</strong></span> <span class='ocrx_word' id='word_1_11' title='bbox 1372 612 1552 679; x_wconf 68' lang='lat' dir='ltr'><strong>cett„</strong></span> 
     </span>
     <span class='ocr_line' id='line_1_4' title="bbox 402 702 2730 796; baseline -0.006 -23"><span class='ocrx_word' id='word_1_12' title='bbox 402 727 527 796; x_wconf 87' lang='lat' dir='ltr'><strong>qua</strong></span> <span class='ocrx_word' id='word_1_13' title='bbox 591 708 963 774; x_wconf 88' lang='lat' dir='ltr'><strong>coniectura</strong></span> <span class='ocrx_word' id='word_1_14' title='bbox 1028 716 1320 773; x_wconf 87' lang='lat' dir='ltr'><strong>mutatur</strong></span> <span class='ocrx_word' id='word_1_15' title='bbox 1386 708 1765 775; x_wconf 86' lang='lat' dir='ltr'><strong>vocabulum</strong></span> <span class='ocrx_word' id='word_1_16' title='bbox 1832 710 2003 774; x_wconf 90' lang='lat' dir='ltr'><strong>omni</strong></span> <span class='ocrx_word' id='word_1_17' title='bbox 2073 702 2436 786; x_wconf 81' lang='lat' dir='ltr'><strong>suspicione</strong></span> <span class='ocrx_word' id='word_1_18' title='bbox 2495 710 2730 760; x_wconf 83' lang='lat' dir='ltr'><strong>vacuum</strong></span> 
     </span>
     <span class='ocr_line' id='line_1_5' title="bbox 399 792 2732 895; baseline -0.009 -18"><span class='ocrx_word' id='word_1_19' title='bbox 399 822 636 892; x_wconf 78' lang='lat' dir='ltr'><strong>vectos,</strong></span> <span class='ocrx_word' id='word_1_20' title='bbox 704 812 875 878; x_wconf 90' lang='lat' dir='ltr'><strong>nulla</strong></span> <span class='ocrx_word' id='word_1_21' title='bbox 943 811 1161 877; x_wconf 88' lang='lat' dir='ltr'><strong>habita</strong></span> <span class='ocrx_word' id='word_1_22' title='bbox 1218 813 1464 877; x_wconf 89' lang='lat' dir='ltr'><strong>ratione</strong></span> <span class='ocrx_word' id='word_1_23' title='bbox 1514 814 1784 895; x_wconf 84' lang='lat' dir='ltr'><strong>originis</strong></span> <span class='ocrx_word' id='word_1_24' title='bbox 1824 809 2124 878; x_wconf 85' lang='lat' dir='ltr'><strong>adiectivi</strong></span> <span class='ocrx_word' id='word_1_25' title='bbox 2171 802 2342 891; x_wconf 87' lang='lat' dir='ltr'><strong>quod</strong></span> <span class='ocrx_word' id='word_1_26' title='bbox 2373 809 2469 868; x_wconf 87' lang='lat' dir='ltr'><strong>est</strong></span> <span class='ocrx_word' id='word_1_27' title='bbox 2507 819 2628 863; x_wconf 76' lang='lat' dir='ltr'><strong>nm.</strong></span> <span class='ocrx_word' id='word_1_28' title='bbox 2671 792 2732 858; x_wconf 77' lang='lat' dir='ltr'><strong>ut</strong></span> 
     </span>
     <span class='ocr_line' id='line_1_6' title="bbox 402 911 2346 1004; baseline -0.005 -23"><span class='ocrx_word' id='word_1_29' title='bbox 402 917 629 1002; x_wconf 88' lang='lat' dir='ltr'><strong>paucis</strong></span> <span class='ocrx_word' id='word_1_30' title='bbox 670 915 1034 994; x_wconf 81' lang='lat' dir='ltr'><strong>absolvam,</strong></span> <span class='ocrx_word' id='word_1_31' title='bbox 1088 916 1243 1000; x_wconf 73' lang='lat' dir='ltr'><strong>mihi</strong></span> <span class='ocrx_word' id='word_1_32' title='bbox 1298 919 1361 982; x_wconf 91' lang='lat' dir='ltr'><strong>in</strong></span> <span class='ocrx_word' id='word_1_33' title='bbox 1411 916 1764 1004; x_wconf 79' lang='lat' dir='ltr'><strong>archetypo</strong></span> <span class='ocrx_word' id='word_1_34' title='bbox 1813 916 2011 982; x_wconf 82' lang='lat' dir='ltr'><strong>fuisse</strong></span> <span class='ocrx_word' id='word_1_35' title='bbox 2060 911 2346 977; x_wconf 86' lang='lat' dir='ltr'><strong>videtur:</strong></span> 
     </span>
     <span class='ocr_line' id='line_1_7' title="bbox 813 1016 2329 1108; baseline -0.004 -25"><span class='ocrx_word' id='word_1_36' title='bbox 813 1021 877 1084; x_wconf 79' lang='grc' dir='ltr'><strong>υἱ</strong></span> <span class='ocrx_word' id='word_1_37' title='bbox 921 1022 1122 1085; x_wconf 78' lang='lat' dir='ltr'><strong>subita</strong></span> <span class='ocrx_word' id='word_1_38' title='bbox 1170 1021 1426 1108; x_wconf 83' lang='lat' dir='ltr'><strong>Libycis</strong></span> <span class='ocrx_word' id='word_1_39' title='bbox 1475 1030 1825 1107; x_wconf 87' lang='lat' dir='ltr'><strong>tempestas</strong></span> <span class='ocrx_word' id='word_1_40' title='bbox 1873 1018 2119 1106; x_wconf 75' lang='lat' dir='ltr'><strong>adpulit</strong></span> <span class='ocrx_word' id='word_1_41' title='bbox 2174 1016 2329 1080; x_wconf 89' lang='lat' dir='ltr'><strong>oris.</strong></span> 
     </span>
     <span class='ocr_line' id='line_1_8' title="bbox 496 1117 2521 1210; baseline -0.005 -20"><span class='ocrx_word' id='word_1_42' title='bbox 496 1122 652 1191; x_wconf 82' lang='lat' dir='ltr'><strong>Inde</strong></span> <span class='ocrx_word' id='word_1_43' title='bbox 698 1144 919 1191; x_wconf 89' lang='lat' dir='ltr'><strong>errore</strong></span> <span class='ocrx_word' id='word_1_44' title='bbox 967 1145 1160 1210; x_wconf 85' lang='lat' dir='ltr'><strong>snpra</strong></span> <span class='ocrx_word' id='word_1_45' title='bbox 1207 1123 1489 1191; x_wconf 88' lang='lat' dir='ltr'><strong>indicato</strong></span> <span class='ocrx_word' id='word_1_46' title='bbox 1537 1125 1872 1192; x_wconf 86' lang='lat' dir='ltr'><strong>librarium</strong></span> <span class='ocrx_word' id='word_1_47' title='bbox 1923 1124 2150 1191; x_wconf 78' lang='lat' dir='ltr'><strong>fecisse</strong></span> <span class='ocrx_word' id='word_1_48' title='bbox 2197 1117 2521 1204; x_wconf 89' lang='lat' dir='ltr'><strong>suspicor:</strong></span> 
     </span>
     <span class='ocr_line' id='line_1_9' title="bbox 813 1230 1740 1318; baseline 0.001 -23"><span class='ocrx_word' id='word_1_49' title='bbox 813 1235 980 1318; x_wconf 80' lang='lat' dir='ltr'><strong>sorte</strong></span> <span class='ocrx_word' id='word_1_50' title='bbox 1025 1232 1227 1295; x_wconf 74' lang='lat' dir='ltr'><strong>subita</strong></span> <span class='ocrx_word' id='word_1_51' title='bbox 1274 1230 1532 1318; x_wconf 83' lang='lat' dir='ltr'><strong>Libycis</strong></span> <span class='ocrx_word' id='word_1_52' title='bbox 1586 1240 1740 1297; x_wconf 84' lang='lat' dir='ltr'><strong>cett.</strong></span> 
     </span>
     <span class='ocr_line' id='line_1_10' title="bbox 410 1316 2741 1421; baseline -0.004 -21"><span class='ocrx_word' id='word_1_53' title='bbox 410 1335 797 1421; x_wconf 79' lang='lat' dir='ltr'><strong>Supervenit</strong></span> <span class='ocrx_word' id='word_1_54' title='bbox 859 1344 1188 1401; x_wconf 89' lang='lat' dir='ltr'><strong>corrector</strong></span> <span class='ocrx_word' id='word_1_55' title='bbox 1252 1337 1601 1411; x_wconf 81' lang='lat' dir='ltr'><strong>metricuS‚</strong></span> <span class='ocrx_word' id='word_1_56' title='bbox 1665 1338 1777 1421; x_wconf 87' lang='lat' dir='ltr'><strong>qui</strong></span> <span class='ocrx_word' id='word_1_57' title='bbox 1838 1354 1972 1401; x_wconf 90' lang='lat' dir='ltr'><strong>rem</strong></span> <span class='ocrx_word' id='word_1_58' title='bbox 2025 1329 2353 1419; x_wconf 88' lang='lat' dir='ltr'><strong>praeclare</strong></span> <span class='ocrx_word' id='word_1_59' title='bbox 2398 1340 2606 1411; x_wconf 77' lang='lat' dir='ltr'><strong>gerere</strong></span> <span class='ocrx_word' id='word_1_60' title='bbox 2642 1316 2741 1385; x_wconf 73' lang='grc' dir='ltr'><strong>8ἰὶῑί</strong></span> 
     </span>
     <span class='ocr_line' id='line_1_11' title="bbox 411 1438 2059 1525; baseline 0 -22"><span class='ocrx_word' id='word_1_61' title='bbox 411 1438 748 1506; x_wconf 86' lang='lat' dir='ltr'><strong>videbatur</strong></span> <span class='ocrx_word' id='word_1_62' title='bbox 795 1442 1134 1525; x_wconf 73' lang='lat' dir='ltr'><strong>expunctis</strong></span> <span class='ocrx_word' id='word_1_63' title='bbox 1184 1439 1391 1504; x_wconf 90' lang='lat' dir='ltr'><strong>tribus</strong></span> <span class='ocrx_word' id='word_1_64' title='bbox 1439 1438 1646 1505; x_wconf 90' lang='lat' dir='ltr'><strong>literis</strong></span> <span class='ocrx_word' id='word_1_65' title='bbox 1692 1441 2059 1525; x_wconf 83' lang='lat' dir='ltr'><strong>corrigens:</strong></span> 
     </span>
     <span class='ocr_line' id='line_1_12' title="bbox 774 1541 1598 1631; baseline 0.002 -23"><span class='ocrx_word' id='word_1_66' title='bbox 774 1548 937 1630; x_wconf 78' lang='lat' dir='ltr'><strong>sorte</strong></span> <span class='ocrx_word' id='word_1_67' title='bbox 985 1567 1099 1609; x_wconf 71' lang='lat' dir='ltr'><strong>sica</strong></span> <span class='ocrx_word' id='word_1_68' title='bbox 1149 1541 1404 1631; x_wconf 80' lang='lat' dir='ltr'><strong>Libycis</strong></span> <span class='ocrx_word' id='word_1_69' title='bbox 1445 1553 1598 1610; x_wconf 86' lang='lat' dir='ltr'><strong>cett.</strong></span> 
     </span>
     <span class='ocr_line' id='line_1_13' title="bbox 412 1645 2004 1734; baseline -0.002 -20"><span class='ocrx_word' id='word_1_70' title='bbox 412 1647 507 1714; x_wconf 83' lang='lat' dir='ltr'><strong>Ad</strong></span> <span class='ocrx_word' id='word_1_71' title='bbox 553 1645 718 1714; x_wconf 88' lang='lat' dir='ltr'><strong>hanc</strong></span> <span class='ocrx_word' id='word_1_72' title='bbox 765 1650 1203 1715; x_wconf 87' lang='lat' dir='ltr'><strong>coniecturam</strong></span> <span class='ocrx_word' id='word_1_73' title='bbox 1254 1669 1555 1734; x_wconf 83' lang='lat' dir='ltr'><strong>compara</strong></span> <span class='ocrx_word' id='word_1_74' title='bbox 1605 1670 1696 1714; x_wconf 89' lang='lat' dir='ltr'><strong>vs.</strong></span> <span class='ocrx_word' id='word_1_75' title='bbox 1748 1654 1834 1715; x_wconf 88' lang='lat'><strong>87</strong></span> <span class='ocrx_word' id='word_1_76' title='bbox 1877 1669 2004 1733; x_wconf 84' lang='lat' dir='ltr'><strong>sq.:</strong></span> 
     </span>
     <span class='ocr_line' id='line_1_14' title="bbox 770 1750 2359 1839; baseline -0.003 -21"><span class='ocrx_word' id='word_1_77' title='bbox 770 1752 1075 1838; x_wconf 76' lang='lat' dir='ltr'><strong>Eripiunt</strong></span> <span class='ocrx_word' id='word_1_78' title='bbox 1129 1753 1329 1818; x_wconf 78' lang='lat' dir='ltr'><strong>subito</strong></span> <span class='ocrx_word' id='word_1_79' title='bbox 1379 1754 1583 1819; x_wconf 90' lang='lat' dir='ltr'><strong>nubes</strong></span> <span class='ocrx_word' id='word_1_80' title='bbox 1631 1753 2008 1839; x_wconf 89' lang='lat' dir='ltr'><strong>coelumque</strong></span> <span class='ocrx_word' id='word_1_81' title='bbox 2055 1750 2359 1835; x_wconf 80' lang='lat' dir='ltr'><strong>diemque</strong></span> 
     </span>
     <span class='ocr_line' id='line_1_15' title="bbox 775 1856 1747 1924; baseline 0.001 -3"><span class='ocrx_word' id='word_1_82' title='bbox 775 1857 1170 1923; x_wconf 86' lang='lat' dir='ltr'><strong>Teucrorum</strong></span> <span class='ocrx_word' id='word_1_83' title='bbox 1221 1877 1298 1924; x_wconf 88' lang='lat' dir='ltr'><strong>ex</strong></span> <span class='ocrx_word' id='word_1_84' title='bbox 1348 1856 1551 1923; x_wconf 86' lang='lat' dir='ltr'><strong>oculis</strong></span> <span class='ocrx_word' id='word_1_85' title='bbox 1600 1867 1747 1924; x_wconf 89' lang='lat' dir='ltr'><strong>cett.</strong></span> 
     </span>
     <span class='ocr_line' id='line_1_16' title="bbox 414 1959 1800 2047; baseline -0.001 -18"><span class='ocrx_word' id='word_1_86' title='bbox 414 1971 480 2029; x_wconf 90' lang='lat' dir='ltr'><strong>et</strong></span> <span class='ocrx_word' id='word_1_87' title='bbox 526 1961 606 2028; x_wconf 86' lang='lat' dir='ltr'><strong>de</strong></span> <span class='ocrx_word' id='word_1_88' title='bbox 652 1959 871 2028; x_wconf 89' lang='lat' dir='ltr'><strong>eadem</strong></span> <span class='ocrx_word' id='word_1_89' title='bbox 927 1969 1305 2047; x_wconf 84' lang='lat' dir='ltr'><strong>tempestate</strong></span> <span class='ocrx_word' id='word_1_90' title='bbox 1354 1983 1443 2027; x_wconf 84' lang='lat' dir='ltr'><strong>vs.</strong></span> <span class='ocrx_word' id='word_1_91' title='bbox 1500 1968 1630 2028; x_wconf 76' lang='grc'><strong>554</strong></span> <span class='ocrx_word' id='word_1_92' title='bbox 1680 1982 1800 2047; x_wconf 90' lang='lat' dir='ltr'><strong>sq.:</strong></span> 
     </span>
     <span class='ocr_line' id='line_1_17' title="bbox 731 2065 1334 2132; baseline 0 -1"><span class='ocrx_word' id='word_1_93' title='bbox 731 2066 850 2131; x_wconf 88' lang='lat' dir='ltr'><strong>Hic</strong></span> <span class='ocrx_word' id='word_1_94' title='bbox 898 2086 1130 2131; x_wconf 87' lang='lat' dir='ltr'><strong>cursus</strong></span> <span class='ocrx_word' id='word_1_95' title='bbox 1177 2065 1334 2132; x_wconf 84' lang='lat' dir='ltr'><strong>suit:</strong></span> 
     </span>
     <span class='ocr_line' id='line_1_18' title="bbox 733 2167 2429 2253; baseline -0.002 -16"><span class='ocrx_word' id='word_1_96' title='bbox 733 2169 896 2237; x_wconf 83' lang='lat' dir='ltr'><strong>Cum</strong></span> <span class='ocrx_word' id='word_1_97' title='bbox 948 2170 1148 2235; x_wconf 83' lang='lat' dir='ltr'><strong>subito</strong></span> <span class='ocrx_word' id='word_1_98' title='bbox 1195 2171 1554 2253; x_wconf 73' lang='lat' dir='ltr'><strong>adsurgens</strong></span> <span class='ocrx_word' id='word_1_99' title='bbox 1596 2169 1800 2236; x_wconf 86' lang='lat' dir='ltr'><strong>ssuctu</strong></span> <span class='ocrx_word' id='word_1_100' title='bbox 1851 2169 2180 2235; x_wconf 86' lang='lat' dir='ltr'><strong>nimbosus</strong></span> <span class='ocrx_word' id='word_1_101' title='bbox 2229 2167 2429 2235; x_wconf 85' lang='lat' dir='ltr'><strong>Orion</strong></span> 
     </span>
     <span class='ocr_line' id='line_1_19' title="bbox 732 2275 1464 2342; baseline 0 -3"><span class='ocrx_word' id='word_1_102' title='bbox 732 2277 799 2340; x_wconf 91' lang='lat' dir='ltr'><strong>in</strong></span> <span class='ocrx_word' id='word_1_103' title='bbox 848 2275 1007 2340; x_wconf 88' lang='lat' dir='ltr'><strong>vada</strong></span> <span class='ocrx_word' id='word_1_104' title='bbox 1057 2295 1245 2342; x_wconf 85' lang='lat' dir='ltr'><strong>caeca</strong></span> <span class='ocrx_word' id='word_1_105' title='bbox 1295 2275 1464 2342; x_wconf 87' lang='lat' dir='ltr'><strong>tulit.</strong></span> 
     </span>
     <span class='ocr_line' id='line_1_20' title="bbox 417 2376 2754 2466; baseline -0.002 -20"><span class='ocrx_word' id='word_1_106' title='bbox 417 2380 486 2447; x_wconf 91' lang='lat' dir='ltr'><strong>Si</strong></span> <span class='ocrx_word' id='word_1_107' title='bbox 531 2398 681 2445; x_wconf 89' lang='lat' dir='ltr'><strong>cum</strong></span> <span class='ocrx_word' id='word_1_108' title='bbox 725 2378 952 2445; x_wconf 87' lang='lat' dir='ltr'><strong>Gentio</strong></span> <span class='ocrx_word' id='word_1_109' title='bbox 1002 2380 1121 2445; x_wconf 91' lang='lat' dir='ltr'><strong>hoc</strong></span> <span class='ocrx_word' id='word_1_110' title='bbox 1166 2379 1301 2446; x_wconf 90' lang='lat' dir='ltr'><strong>loco</strong></span> <span class='ocrx_word' id='word_1_111' title='bbox 1350 2382 1566 2466; x_wconf 80' lang='lat' dir='ltr'><strong>apices</strong></span> <span class='ocrx_word' id='word_1_112' title='bbox 1615 2380 1948 2447; x_wconf 85' lang='lat' dir='ltr'><strong>literarum</strong></span> <span class='ocrx_word' id='word_1_113' title='bbox 1997 2380 2183 2445; x_wconf 84' lang='lat' dir='ltr'><strong>anxie</strong></span> <span class='ocrx_word' id='word_1_114' title='bbox 2232 2376 2608 2465; x_wconf 80' lang='lat' dir='ltr'><strong>spectandos</strong></span> <span class='ocrx_word' id='word_1_115' title='bbox 2635 2390 2754 2441; x_wconf 78' lang='lat' dir='ltr'><strong>cen·</strong></span> 
     </span>
     <span class='ocr_line' id='line_1_21' title="bbox 416 2484 2158 2565; baseline -0.002 -13"><span class='ocrx_word' id='word_1_116' title='bbox 416 2504 661 2565; x_wconf 88' lang='lat' dir='ltr'><strong>serem,</strong></span> <span class='ocrx_word' id='word_1_117' title='bbox 713 2487 1070 2553; x_wconf 82' lang='lat' dir='ltr'><strong>mutatione</strong></span> <span class='ocrx_word' id='word_1_118' title='bbox 1121 2488 1311 2552; x_wconf 90' lang='lat' dir='ltr'><strong>unius</strong></span> <span class='ocrx_word' id='word_1_119' title='bbox 1361 2485 1653 2551; x_wconf 86' lang='lat' dir='ltr'><strong>literulae</strong></span> <span class='ocrx_word' id='word_1_120' title='bbox 1704 2484 2158 2551; x_wconf 80' lang='lat' dir='ltr'><strong>rescriberem:</strong></span> 
     </span>
     <span class='ocr_line' id='line_1_22' title="bbox 1370 2591 2373 2677; baseline 0 -22"><span class='ocrx_word' id='word_1_121' title='bbox 1370 2591 1620 2655; x_wconf 81' lang='lat' dir='ltr'><strong>diversa</strong></span> <span class='ocrx_word' id='word_1_122' title='bbox 1673 2611 1785 2677; x_wconf 82' lang='lat' dir='ltr'><strong>per</strong></span> <span class='ocrx_word' id='word_1_123' title='bbox 1830 2610 2108 2676; x_wconf 89' lang='lat' dir='ltr'><strong>aequora</strong></span> <span class='ocrx_word' id='word_1_124' title='bbox 2155 2599 2373 2655; x_wconf 85' lang='lat' dir='ltr'><strong>vectos</strong></span> 
     </span>
     <span class='ocr_line' id='line_1_23' title="bbox 825 2695 2378 2783; baseline -0.001 -22"><span class='ocrx_word' id='word_1_125' title='bbox 825 2706 989 2762; x_wconf 85' lang='lat' dir='ltr'><strong>corle</strong></span> <span class='ocrx_word' id='word_1_126' title='bbox 1037 2716 1150 2761; x_wconf 77' lang='lat' dir='ltr'><strong>sua</strong></span> <span class='ocrx_word' id='word_1_127' title='bbox 1199 2695 1458 2783; x_wconf 83' lang='lat' dir='ltr'><strong>Libycis</strong></span> <span class='ocrx_word' id='word_1_128' title='bbox 1505 2705 1857 2781; x_wconf 84' lang='lat' dir='ltr'><strong>tempestas</strong></span> <span class='ocrx_word' id='word_1_129' title='bbox 1904 2695 2154 2782; x_wconf 87' lang='lat' dir='ltr'><strong>adpulit</strong></span> <span class='ocrx_word' id='word_1_130' title='bbox 2198 2695 2378 2773; x_wconf 88' lang='lat' dir='ltr'><strong>oris;</strong></span> 
     </span>
     <span class='ocr_line' id='line_1_24' title="bbox 423 2797 2758 2886; baseline -0.003 -19"><span class='ocrx_word' id='word_1_131' title='bbox 423 2810 497 2867; x_wconf 88' lang='lat' dir='ltr'><strong>ut</strong></span> <span class='ocrx_word' id='word_1_132' title='bbox 543 2801 824 2886; x_wconf 79' lang='lat' dir='ltr'><strong>imagine</strong></span> <span class='ocrx_word' id='word_1_133' title='bbox 870 2799 1214 2865; x_wconf 85' lang='lat' dir='ltr'><strong>admodum</strong></span> <span class='ocrx_word' id='word_1_134' title='bbox 1270 2801 1517 2886; x_wconf 87' lang='lat' dir='ltr'><strong>poetica</strong></span> <span class='ocrx_word' id='word_1_135' title='bbox 1564 2801 1729 2865; x_wconf 73' lang='lat' dir='ltr'><strong>venti</strong></span> <span class='ocrx_word' id='word_1_136' title='bbox 1774 2808 2157 2865; x_wconf 86' lang='lat' dir='ltr'><strong>vocarentur</strong></span> <span class='ocrx_word' id='word_1_137' title='bbox 2197 2800 2416 2865; x_wconf 67' lang='lat' dir='ltr'><strong>colion-s</strong></span> <span class='ocrx_word' id='word_1_138' title='bbox 2447 2797 2758 2882; x_wconf 61' lang='lat' dir='ltr'><strong>Tempesta-</strong></span> 
     </span>
     <span class='ocr_line' id='line_1_25' title="bbox 423 2902 2761 2992; baseline -0.004 -21"><span class='ocrx_word' id='word_1_139' title='bbox 423 2907 543 2986; x_wconf 67' lang='grc' dir='ltr'><strong>τῖε,</strong></span> <span class='ocrx_word' id='word_1_140' title='bbox 618 2903 1155 2992; x_wconf 87' lang='lat' dir='ltr'><strong>quemadmodum</strong></span> <span class='ocrx_word' id='word_1_141' title='bbox 1223 2905 1525 2970; x_wconf 85' lang='lat' dir='ltr'><strong>Horatius</strong></span> <span class='ocrx_word' id='word_1_142' title='bbox 1585 2915 1735 2969; x_wconf 90' lang='lat' dir='ltr'><strong>noto</strong></span> <span class='ocrx_word' id='word_1_143' title='bbox 1796 2903 1934 2970; x_wconf 90' lang='lat' dir='ltr'><strong>loco</strong></span> <span class='ocrx_word' id='word_1_144' title='bbox 2002 2904 2216 2971; x_wconf 85' lang='lat' dir='ltr'><strong>dicere</strong></span> <span class='ocrx_word' id='word_1_145' title='bbox 2288 2902 2664 2970; x_wconf 86' lang='lat' dir='ltr'><strong>meministi:</strong></span> <span class='ocrx_word' id='word_1_146' title='bbox 2716 2903 2761 2961; x_wconf 71' lang='lat' dir='ltr'><strong>ot</strong></span> 
     </span>
     <span class='ocr_line' id='line_1_26' title="bbox 423 3008 1795 3097; baseline -0.001 -20"><span class='ocrx_word' id='word_1_147' title='bbox 423 3032 581 3077; x_wconf 77' lang='lat' dir='ltr'><strong>nova</strong></span> <span class='ocrx_word' id='word_1_148' title='bbox 626 3010 902 3097; x_wconf 79' lang='lat' dir='ltr'><strong>[ebrium</strong></span> <span class='ocrx_word' id='word_1_149' title='bbox 943 3008 956 3097; x_wconf 81' lang='grc' dir='ltr'>Ι</span> <span class='ocrx_word' id='word_1_150' title='bbox 996 3010 1183 3074; x_wconf 78' lang='lat' dir='ltr'><strong>terris</strong></span> <span class='ocrx_word' id='word_1_151' title='bbox 1226 3010 1508 3075; x_wconf 77' lang='lat' dir='ltr'><strong>incubuit</strong></span> <span class='ocrx_word' id='word_1_152' title='bbox 1554 3009 1795 3075; x_wconf 76' lang='lat' dir='ltr'><strong>cohors.</strong></span> 
     </span>
     <span class='ocr_line' id='line_1_27' title="bbox 559 3110 2618 3180; baseline -0.002 0"><span class='ocrx_word' id='word_1_153' title='bbox 559 3114 671 3180; x_wconf 84' lang='lat' dir='ltr'><strong>Vs.</strong></span> <span class='ocrx_word' id='word_1_154' title='bbox 719 3118 1099 3180; x_wconf 76' lang='lat'>597-598,</span> <span class='ocrx_word' id='word_1_155' title='bbox 1162 3114 1243 3180; x_wconf 88' lang='lat' dir='ltr'><strong>Ut</strong></span> <span class='ocrx_word' id='word_1_156' title='bbox 1287 3113 1561 3180; x_wconf 88' lang='lat' dir='ltr'><strong>reduces</strong></span> <span class='ocrx_word' id='word_1_157' title='bbox 1613 3113 1701 3178; x_wconf 90' lang='lat' dir='ltr'><strong>illi</strong></span> <span class='ocrx_word' id='word_1_158' title='bbox 1749 3112 1981 3179; x_wconf 87' lang='lat' dir='ltr'><strong>ludunt</strong></span> <span class='ocrx_word' id='word_1_159' title='bbox 2028 3111 2456 3179; x_wconf 89' lang='lat' dir='ltr'><strong>stridentibus</strong></span> <span class='ocrx_word' id='word_1_160' title='bbox 2502 3110 2618 3178; x_wconf 83' lang='lat' dir='ltr'><strong>alis</strong></span> 
     </span>
     <span class='ocr_line' id='line_1_28' title="bbox 1148 3215 2684 3304; baseline -0.002 -20"><span class='ocrx_word' id='word_1_161' title='bbox 1148 3227 1210 3284; x_wconf 88' lang='lat' dir='ltr'><strong>et</strong></span> <span class='ocrx_word' id='word_1_162' title='bbox 1258 3229 1446 3285; x_wconf 86' lang='lat' dir='ltr'><strong>coetu</strong></span> <span class='ocrx_word' id='word_1_163' title='bbox 1497 3222 1756 3284; x_wconf 85' lang='lat' dir='ltr'><strong>cinxere</strong></span> <span class='ocrx_word' id='word_1_164' title='bbox 1807 3219 2018 3304; x_wconf 89' lang='lat' dir='ltr'><strong>polum</strong></span> <span class='ocrx_word' id='word_1_165' title='bbox 2067 3229 2431 3303; x_wconf 85' lang='lat' dir='ltr'><strong>cantusque</strong></span> <span class='ocrx_word' id='word_1_166' title='bbox 2471 3215 2684 3284; x_wconf 80' lang='lat' dir='ltr'><strong>dedere</strong></span> 
     </span>
     <span class='ocr_line' id='line_1_29' title="bbox 434 3321 2761 3409; baseline -0.004 -21"><span class='ocrx_word' id='word_1_167' title='bbox 434 3331 617 3408; x_wconf 90' lang='lat' dir='ltr'><strong>aptos</strong></span> <span class='ocrx_word' id='word_1_168' title='bbox 663 3341 802 3389; x_wconf 90' lang='lat' dir='ltr'><strong>esse</strong></span> <span class='ocrx_word' id='word_1_169' title='bbox 848 3321 912 3387; x_wconf 90' lang='lat' dir='ltr'><strong>b.</strong></span> <span class='ocrx_word' id='word_1_170' title='bbox 964 3321 1006 3388; x_wconf 89' lang='lat' dir='ltr'><strong>l.</strong></span> <span class='ocrx_word' id='word_1_171' title='bbox 1057 3322 1216 3388; x_wconf 89' lang='lat' dir='ltr'><strong>mibi</strong></span> <span class='ocrx_word' id='word_1_172' title='bbox 1266 3323 1528 3409; x_wconf 88' lang='lat' dir='ltr'><strong>quidem</strong></span> <span class='ocrx_word' id='word_1_173' title='bbox 1579 3343 1701 3388; x_wconf 88' lang='lat' dir='ltr'><strong>non</strong></span> <span class='ocrx_word' id='word_1_174' title='bbox 1754 3333 2216 3409; x_wconf 87' lang='lat' dir='ltr'><strong>persuaserunt</strong></span> <span class='ocrx_word' id='word_1_175' title='bbox 2258 3324 2484 3408; x_wconf 81' lang='lat' dir='ltr'><strong>longae</strong></span> <span class='ocrx_word' id='word_1_176' title='bbox 2517 3323 2761 3386; x_wconf 76' lang='lat' dir='ltr'><strong>virorum</strong></span> 
     </span>
     <span class='ocr_line' id='line_1_30' title="bbox 430 3426 2760 3512; baseline 0 -19"><span class='ocrx_word' id='word_1_177' title='bbox 430 3427 766 3494; x_wconf 88' lang='lat' dir='ltr'><strong>doctorum</strong></span> <span class='ocrx_word' id='word_1_178' title='bbox 830 3426 1317 3512; x_wconf 77' lang='lat' dir='ltr'><strong>disputationes,</strong></span> <span class='ocrx_word' id='word_1_179' title='bbox 1407 3427 1538 3492; x_wconf 89' lang='lat' dir='ltr'><strong>Hoc</strong></span> <span class='ocrx_word' id='word_1_180' title='bbox 1600 3427 1784 3493; x_wconf 86' lang='lat' dir='ltr'><strong>video</strong></span> <span class='ocrx_word' id='word_1_181' title='bbox 1849 3428 1973 3492; x_wconf 88' lang='lat' dir='ltr'><strong>illis</strong></span> <span class='ocrx_word' id='word_1_182' title='bbox 2035 3428 2291 3492; x_wconf 89' lang='lat' dir='ltr'><strong>omissis</strong></span> <span class='ocrx_word' id='word_1_183' title='bbox 2353 3448 2451 3495; x_wconf 79' lang='lat' dir='ltr'><strong>vs,</strong></span> <span class='ocrx_word' id='word_1_184' title='bbox 2513 3430 2636 3493; x_wconf 87' lang='grc'><strong>599</strong></span> <span class='ocrx_word' id='word_1_185' title='bbox 2685 3438 2760 3503; x_wconf 76' lang='lat' dir='ltr'><strong>sq·</strong></span> 
     </span>
     <span class='ocr_line' id='line_1_31' title="bbox 433 3531 2761 3618; baseline -0.003 -20"><span class='ocrx_word' id='word_1_186' title='bbox 433 3531 593 3598; x_wconf 90' lang='lat' dir='ltr'><strong>bene</strong></span> <span class='ocrx_word' id='word_1_187' title='bbox 641 3532 1023 3618; x_wconf 85' lang='lat' dir='ltr'><strong>respondere</strong></span> <span class='ocrx_word' id='word_1_188' title='bbox 1073 3534 1363 3598; x_wconf 87' lang='lat' dir='ltr'><strong>versibus</strong></span> <span class='ocrx_word' id='word_1_189' title='bbox 1405 3537 1536 3599; x_wconf 76' lang='lat'><strong>595</strong></span> <span class='ocrx_word' id='word_1_190' title='bbox 1577 3554 1708 3618; x_wconf 84' lang='lat' dir='ltr'><strong>sq..</strong></span> <span class='ocrx_word' id='word_1_191' title='bbox 1761 3534 1883 3598; x_wconf 90' lang='lat' dir='ltr'><strong>nisi</strong></span> <span class='ocrx_word' id='word_1_192' title='bbox 1924 3533 2092 3618; x_wconf 88' lang='lat' dir='ltr'><strong>quod</strong></span> <span class='ocrx_word' id='word_1_193' title='bbox 2134 3549 2227 3598; x_wconf 78' lang='lat' dir='ltr'><strong>vs,</strong></span> <span class='ocrx_word' id='word_1_194' title='bbox 2256 3537 2387 3598; x_wconf 84' lang='lat'><strong>596</strong></span> <span class='ocrx_word' id='word_1_195' title='bbox 2430 3537 2761 3617; x_wconf 84' lang='lat' dir='ltr'><strong>suspectum</strong></span> 
     </span>
     <span class='ocr_line' id='line_1_32' title="bbox 435 3636 2763 3725; baseline -0.003 -22"><span class='ocrx_word' id='word_1_196' title='bbox 435 3645 532 3704; x_wconf 87' lang='lat' dir='ltr'><strong>est</strong></span> <span class='ocrx_word' id='word_1_197' title='bbox 580 3636 954 3703; x_wconf 84' lang='lat' dir='ltr'><strong>vocabulum</strong></span> <span class='ocrx_word' id='word_1_198' title='bbox 996 3647 1226 3723; x_wconf 79' lang='lat' dir='ltr'><strong>captas,</strong></span> <span class='ocrx_word' id='word_1_199' title='bbox 1275 3638 1571 3702; x_wconf 87' lang='lat' dir='ltr'><strong>Ceterum</strong></span> <span class='ocrx_word' id='word_1_200' title='bbox 1620 3637 1731 3701; x_wconf 89' lang='lat' dir='ltr'><strong>bos</strong></span> <span class='ocrx_word' id='word_1_201' title='bbox 1773 3659 1910 3710; x_wconf 65' lang='lat' dir='ltr'><strong>vssv</strong></span> <span class='ocrx_word' id='word_1_202' title='bbox 1946 3642 2103 3723; x_wconf 78' lang='lat'>(595</span> <span class='ocrx_word' id='word_1_203' title='bbox 2131 3637 2262 3725; x_wconf 87' lang='lat' dir='ltr'><strong>sq.)</strong></span> <span class='ocrx_word' id='word_1_204' title='bbox 2301 3638 2622 3722; x_wconf 80' lang='lat' dir='ltr'><strong>aliquanto</strong></span> <span class='ocrx_word' id='word_1_205' title='bbox 2656 3647 2763 3697; x_wconf 74' lang='lat' dir='ltr'><strong>rec·</strong></span> 
     </span>
     <span class='ocr_line' id='line_1_33' title="bbox 437 3740 2762 3826; baseline -0.004 -20"><span class='ocrx_word' id='word_1_206' title='bbox 437 3743 571 3806; x_wconf 87' lang='lat' dir='ltr'><strong>tius</strong></span> <span class='ocrx_word' id='word_1_207' title='bbox 621 3741 1014 3807; x_wconf 86' lang='lat' dir='ltr'><strong>intellexisse</strong></span> <span class='ocrx_word' id='word_1_208' title='bbox 1064 3741 1220 3806; x_wconf 86' lang='lat' dir='ltr'><strong>mihi</strong></span> <span class='ocrx_word' id='word_1_209' title='bbox 1267 3743 1563 3807; x_wconf 83' lang='lat' dir='ltr'><strong>videntur</strong></span> <span class='ocrx_word' id='word_1_210' title='bbox 1610 3743 2020 3808; x_wconf 83' lang='lat' dir='ltr'><strong>Burmannus</strong></span> <span class='ocrx_word' id='word_1_211' title='bbox 2064 3751 2129 3807; x_wconf 91' lang='lat' dir='ltr'><strong>et</strong></span> <span class='ocrx_word' id='word_1_212' title='bbox 2172 3744 2570 3826; x_wconf 83' lang='lat' dir='ltr'><strong>antiquiores</strong></span> <span class='ocrx_word' id='word_1_213' title='bbox 2605 3740 2762 3804; x_wconf 84' lang='lat' dir='ltr'><strong>inter-</strong></span> 
     </span>
     <span class='ocr_line' id='line_1_34' title="bbox 437 3835 2844 3933; baseline -0.005 -22"><span class='ocrx_word' id='word_1_214' title='bbox 437 3855 653 3933; x_wconf 86' lang='lat' dir='ltr'><strong>pretes</strong></span> <span class='ocrx_word' id='word_1_215' title='bbox 710 3866 903 3931; x_wconf 86' lang='lat' dir='ltr'><strong>quam</strong></span> <span class='ocrx_word' id='word_1_216' title='bbox 968 3846 1404 3913; x_wconf 84' lang='lat' dir='ltr'><strong>Weicbertius</strong></span> <span class='ocrx_word' id='word_1_217' title='bbox 1468 3849 1706 3933; x_wconf 86' lang='lat' dir='ltr'><strong>quique</strong></span> <span class='ocrx_word' id='word_1_218' title='bbox 1774 3868 1808 3913; x_wconf 91' lang='lat' dir='ltr'><strong>e</strong></span> <span class='ocrx_word' id='word_1_219' title='bbox 1873 3848 2341 3912; x_wconf 87' lang='lat' dir='ltr'><strong>recentioribus</strong></span> <span class='ocrx_word' id='word_1_220' title='bbox 2399 3866 2548 3911; x_wconf 87' lang='lat' dir='ltr'><strong>eum</strong></span> <span class='ocrx_word' id='word_1_221' title='bbox 2598 3835 2760 3908; x_wconf 82' lang='lat' dir='ltr'><strong>secuti</strong></span> <span class='ocrx_word' id='word_1_222' title='bbox 2843 3885 2844 3890; x_wconf 18' lang='grc' dir='ltr'>η</span> 
     </span>
     <span class='ocr_line' id='line_1_35' title="bbox 441 3950 2760 4039; baseline -0.005 -22"><span class='ocrx_word' id='word_1_223' title='bbox 441 3959 616 4017; x_wconf 89' lang='lat' dir='ltr'><strong>sunt.</strong></span> <span class='ocrx_word' id='word_1_224' title='bbox 701 3950 956 4017; x_wconf 87' lang='lat' dir='ltr'><strong>Etenim</strong></span> <span class='ocrx_word' id='word_1_225' title='bbox 1019 3962 1250 4017; x_wconf 77' lang='lat' dir='ltr'><strong>terram</strong></span> <span class='ocrx_word' id='word_1_226' title='bbox 1300 3975 1515 4039; x_wconf 85' lang='lat' dir='ltr'><strong>capere</strong></span> <span class='ocrx_word' id='word_1_227' title='bbox 1565 3973 1678 4038; x_wconf 91' lang='lat' dir='ltr'><strong>pro</strong></span> <span class='ocrx_word' id='word_1_228' title='bbox 1724 3950 1918 4017; x_wconf 80' lang='lat' dir='ltr'><strong>oculis</strong></span> <span class='ocrx_word' id='word_1_229' title='bbox 1967 3963 2199 4018; x_wconf 84' lang='lat' dir='ltr'><strong>terram</strong></span> <span class='ocrx_word' id='word_1_230' title='bbox 2244 3974 2464 4038; x_wconf 80' lang='lat' dir='ltr'><strong>capere</strong></span> <span class='ocrx_word' id='word_1_231' title='bbox 2514 3951 2760 4017; x_wconf 69' lang='lat' dir='ltr'><strong>Latinum</strong></span> 
     </span>
     <span class='ocr_line' id='line_1_36' title="bbox 442 4045 2844 4143; baseline -0 -22"><span class='ocrx_word' id='word_1_232' title='bbox 442 4074 581 4121; x_wconf 89' lang='lat' dir='ltr'><strong>esse</strong></span> <span class='ocrx_word' id='word_1_233' title='bbox 646 4075 768 4119; x_wconf 90' lang='lat' dir='ltr'><strong>non</strong></span> <span class='ocrx_word' id='word_1_234' title='bbox 835 4057 956 4122; x_wconf 90' lang='lat' dir='ltr'><strong>nisi</strong></span> <span class='ocrx_word' id='word_1_235' title='bbox 1018 4058 1325 4143; x_wconf 83' lang='lat' dir='ltr'><strong>exemplis</strong></span> <span class='ocrx_word' id='word_1_236' title='bbox 1378 4060 1587 4122; x_wconf 87' lang='lat' dir='ltr'><strong>victus</strong></span> <span class='ocrx_word' id='word_1_237' title='bbox 1635 4057 2026 4136; x_wconf 67' lang='lat' dir='ltr'><strong>concedam</strong></span> <span class='ocrx_word' id='word_1_238' title='bbox 2079 4065 2142 4122; x_wconf 89' lang='lat' dir='ltr'><strong>et</strong></span> <span class='ocrx_word' id='word_1_239' title='bbox 2191 4057 2308 4121; x_wconf 86' lang='lat' dir='ltr'><strong>boc</strong></span> <span class='ocrx_word' id='word_1_240' title='bbox 2355 4068 2666 4142; x_wconf 78' lang='lat' dir='ltr'><strong>praeterea</strong></span> <span class='ocrx_word' id='word_1_241' title='bbox 2703 4045 2762 4111; x_wconf 76' lang='lat' dir='ltr'><strong>il·</strong></span> <span class='ocrx_word' id='word_1_242' title='bbox 2843 4045 2844 4052; x_wconf 7' lang='grc' dir='ltr'>ἵ</span> 
     </span>
     <span class='ocr_line' id='line_1_37' title="bbox 441 4156 2844 4248; baseline -0.002 -24"><span class='ocrx_word' id='word_1_243' title='bbox 441 4158 651 4225; x_wconf 89' lang='lat' dir='ltr'><strong>lorum</strong></span> <span class='ocrx_word' id='word_1_244' title='bbox 724 4161 1235 4246; x_wconf 83' lang='lat' dir='ltr'><strong>interpretationi</strong></span> <span class='ocrx_word' id='word_1_245' title='bbox 1300 4163 1537 4239; x_wconf 81' lang='lat' dir='ltr'><strong>obstat,</strong></span> <span class='ocrx_word' id='word_1_246' title='bbox 1605 4162 1769 4248; x_wconf 86' lang='lat' dir='ltr'><strong>quod</strong></span> <span class='ocrx_word' id='word_1_247' title='bbox 1812 4164 2137 4248; x_wconf 84' lang='lat' dir='ltr'><strong>sequitur:</strong></span> <span class='ocrx_word' id='word_1_248' title='bbox 2203 4173 2315 4225; x_wconf 80' lang='lat' dir='ltr'><strong>aut</strong></span> <span class='ocrx_word' id='word_1_249' title='bbox 2355 4156 2764 4248; x_wconf 63' lang='lat' dir='ltr'><strong>persumme!</strong></span> <span class='ocrx_word' id='word_1_250' title='bbox 2843 4159 2844 4164; x_wconf 77' lang='grc'>’</span> 
     </span>
     <span class='ocr_line' id='line_1_38' title="bbox 444 4265 2762 4354; baseline -0.001 -25"><span class='ocrx_word' id='word_1_251' title='bbox 444 4282 617 4350; x_wconf 87' lang='lat' dir='ltr'><strong>sqq.‚</strong></span> <span class='ocrx_word' id='word_1_252' title='bbox 680 4284 803 4332; x_wconf 89' lang='lat' dir='ltr'><strong>non</strong></span> <span class='ocrx_word' id='word_1_253' title='bbox 874 4265 951 4332; x_wconf 90' lang='lat' dir='ltr'><strong>de</strong></span> <span class='ocrx_word' id='word_1_254' title='bbox 998 4278 1315 4353; x_wconf 76' lang='lat' dir='ltr'><strong>conspectu</strong></span> <span class='ocrx_word' id='word_1_255' title='bbox 1351 4277 1598 4354; x_wconf 74' lang='lat' dir='ltr'><strong>portus,</strong></span> <span class='ocrx_word' id='word_1_256' title='bbox 1671 4269 1934 4353; x_wconf 83' lang='lat' dir='ltr'><strong>opinor,</strong></span> <span class='ocrx_word' id='word_1_257' title='bbox 2000 4266 2112 4334; x_wconf 90' lang='lat' dir='ltr'><strong>sed</strong></span> <span class='ocrx_word' id='word_1_258' title='bbox 2161 4269 2421 4354; x_wconf 78' lang='lat' dir='ltr'><strong>proprio</strong></span> <span class='ocrx_word' id='word_1_259' title='bbox 2470 4265 2762 4334; x_wconf 77' lang='lat' dir='ltr'><strong>verborum</strong></span> 
     </span>
    </p>
   </div>
   <div class='ocr_carea' id='block_1_3' title="bbox 2826 7 2861 4004">
    <p class='ocr_par' dir='ltr' id='par_1_3' title="bbox 2826 7 2861 4004">
     <span class='ocr_line' id='line_1_39' title="bbox 2826 7 2861 4004; baseline 0 0"><span class='ocrx_word' id='word_1_260' title='bbox 2826 7 2861 4004; x_wconf 95' lang='lat' dir='ltr'><strong> </strong></span> 
     </span>
    </p>
   </div>
  </div>
 </body>
</html>
