2934 5050
951 287 1332 337 Pntmmclca
1380 289 1455 335 κτ
1499 288 1756 335 carnos.
2417 274 2538 334 157

178 453 376 522 baert.
432 453 541 520 VI.
584 459 689 523 87.
734 456 845 532 την
883 457 1093 522 οὐσίαν
1138 456 1489 537 μηλόβοτον
1537 459 1855 522 ἀνεῖναι
1902 456 2008 523 καὶ
2056 456 2114 522 εἴ
2155 481 2215 522 τι
2256 456 2539 539 ἀργύριον

177 561 259 636 εἴη
304 563 389 633 εἷς
434 559 764 626 θάλατταν
823 563 1088 641 βαλεῖν,
1156 562 1262 628 uhi
1313 565 1489 629 οὐσία
1536 561 1613 628 de
1660 582 1812 648 cyro
1854 559 2114 627 dicitur.
2212 562 2541 628 Himerius

182 684 234 750 p.
278 669 361 730 84
412 664 720 732 Wernsd.
782 666 1210 747 Ἀναξαγόρας
1274 675 1396 746 γῆν
1441 671 1586 743 ἆνῆ
1603 692 1684 733 κε
1731 670 1841 741 την
1891 668 2111 733 ἑαυτοῦ
2160 671 2373 733 πᾶσαν
2416 692 2539 746 μη·-

185 769 443 848 λόβοτον.
543 770 716 836 Satis
781 773 994 859 inepte
1060 772 1489 838 Philostratus
1540 775 1600 837 in
1653 774 1781 838 vita
1834 771 2145 859 Apollonii
2198 774 2275 839 V.
2328 778 2435 837 27.
2488 774 2540 860 (ὅ

185 874 495 962 Κλαύδιος)
559 875 911 956 μηλόβοτον
958 876 1200 956 γυναιξὶ
1250 879 1360 953 την
1406 881 1607 961 ἀρχὴν
1655 881 1965 952 ἀνῆκεν.
2054 877 2252 944 Multo
2310 877 2543 943 salsius

187 977 585 1066 Scopelianus
625 981 921 1069 Sophista
951 982 1144 1070 (apud
1187 981 1486 1048 Philostr.
1535 984 1596 1047 in
1649 982 1767 1049 Vie.
1808 982 1992 1070 δορὴ.
2034 1003 2098 1069 p.
2131 982 2311 1071 221),
2343 1001 2543 1070 quum

189 1091 348 1168 pater
398 1086 557 1152 bona
607 1088 823 1152 omnia
871 1087 1127 1152 servulo
1159 1089 1403 1152 amasio
1450 1087 1853 1174 reliquisset,
1909 1087 2249 1156 dictitabat
2294 1114 2381 1155 τα
2430 1089 2545 1167 μὲν

186 1190 590 1273 Ἀναξαγόρου
636 1201 1127 1259 ΜΗΛΟΒΟΤΑ
1177 1189 1332 1259 εἶναι
1380 1218 1466 1258 τα
1515 1194 1578 1258 δὲ
1626 1194 1814 1259 αὑτοῦ
1864 1203 2424 1261 ΔΟΤΛΟΒΟΤΑ.

268 1295 368 1361 Sic
415 1298 618 1383 igitur
660 1297 853 1365 veluti
906 1301 970 1364 in
1015 1299 1425 1386 proverbium
1477 1298 1632 1365 haec
1680 1299 2009 1377 abierunt,
2059 1302 2434 1386 praesertim
2478 1300 2543 1366 in

195 1399 587 1488 Anaxagorae
653 1406 1013 1482 mentione,
1073 1414 1136 1470 et
1199 1406 1427 1471 ἀνιέναι
1494 1403 1752 1490 quidem
1814 1405 2141 1492 proprium
2218 1407 2281 1472 in
2346 1426 2421 1472 ea
2477 1426 2545 1473 re

196 1506 436 1574 verbum
500 1517 623 1576 est.
724 1508 955 1575 Suidas
1018 1530 1075 1575 v.
1139 1511 1512 1591 Μηλόβοτον
1570 1518 1690 1589 γῆν
1749 1510 2182 1589 ἀνειμένην
2230 1515 2313 1586 εἷς
2362 1514 2546 1590 νομὴν

198 1612 540 1695 προβάτων,
589 1624 918 1681 caeterum
973 1636 1086 1702 pro
1130 1616 1358 1683 ἀνιέναι
1409 1615 1704 1683 dicebant
1752 1624 1817 1682 et
1857 1626 2231 1684 καταλιπεῖν
2276 1617 2547 1697 μηλόβο·

198 1741 318 1795 τον,
366 1729 434 1786 ut
457 1729 685 1798 ποιεῖν,
735 1722 842 1786 ε’ἑὶν
887 1721 1257 1801 μηλόβοτον.
1325 1719 1709 1787 Plutarchus
1755 1722 1831 1788 de
1864 1724 2111 1789 vitando
2156 1744 2299 1789 aere
2345 1723 2550 1789 alieno

200 1842 252 1908 p.
301 1827 450 1891 831.
498 1825 572 1892 F.
636 1825 1067 1907 Ἀναξαγόρας
1138 1827 1201 1892 δὲ
1263 1830 1372 1901 την
1430 1826 1641 1908 χώραν
1703 1827 2113 1895 κατέλιπε
2175 1826 2548 1908 μηλόβοτον.

201 1927 440 2020 Dionysi.
491 1930 628 1997 Hal.
682 1934 755 1997 Α.
799 1931 871 1996 R.
927 1931 1093 1998 vlu.
1146 1936 1251 1997 50.
1302 1930 1651 2010 μηλόβοτον
1699 1935 2135 2010 πεποιηκὼς
2181 1941 2302 2012 γῆν
2350 1936 2551 2000 αὐτῶν

199 2035 291 2109 την
332 2038 570 2118 cipis-nv,
617 2046 683 2102 et
723 2035 871 2102 alibi
924 2038 1187 2123 passim.
1260 2036 1381 2103 Sed
1421 2037 1679 2120 ἀφιέναι
1722 2040 1873 2124 quia
1916 2037 1994 2105 de
2037 2058 2192 2125 agro
2246 2036 2373 2103 dici
2425 2057 2547 2102 non

201 2149 418 2225 potest,
468 2140 813 2208 Plutarcho
861 2141 1054 2209 redde
1081 2162 1270 2208 suum
1301 2142 1406 2207 καὶ
1454 2145 1564 2217 την
1584 2144 1791 2225 χώραν
1831 2145 2049 2219 &Nm
2071 2184 2154 2194 —-
2180 2142 2545 2223 μηλόβοτον.

273 2322 339 2387 In
390 2343 524 2407 cap.
581 2327 684 2387 18.
748 2323 888 2403 δρῶν
952 2323 1013 2388 δὲ
1061 2323 1380 2402 Τολμίδην
1427 2323 1531 2388 τὸν
1580 2325 2014 2401 Τολμαίου-
2043 2323 2386 2390 πεπεικότα
2431 2329 2548 2388 τῶν

204 2424 249 2488 ἔν
282 2429 486 2510 ἡλικία
525 2429 663 2501 τοὺς
706 2429 945 2508 ἆρίςους
987 2429 1091 2492 καὶ
1134 2427 1656 2511 φιλοτιμοτάτους
1705 2429 2069 2495 ἐθελοντὶ
2117 2430 2551 2511 ςρατεύεσθαι,

206 2533 554 2599 mendosum
629 2541 728 2599 est
795 2533 1080 2599 ἕθελοντί.
1190 2535 1384 2600 Recte
1455 2533 1766 2599 scribitur
1835 2555 1972 2620 cap.
2038 2540 2123 2601 20
2194 2537 2552 2618 ἐψηφίσατο

206 2646 367 2703 πλεῖν
409 2641 490 2712 εἷς
540 2636 817 2714 Σινώπην
857 2640 1189 2713 Ἀθηναίων
1232 2639 1662 2712 ἐθελοντὰς
1710 2638 2078 2717 ἑξακοσίους.
2174 2639 2348 2706 Idem
2398 2659 2553 2725 ergo

210 2743 617 2828 reponendum
678 2752 743 2809 et
814 2745 1331 2825 ΣΤςρατεύεσθαι
1395 2764 1512 2829 pro
1565 2744 2007 2824 ςρατεύεσθαι,
2059 2748 2211 2831 quia
2259 2745 2555 2830 sequitur

210 2842 336 2912 ἄνευ
382 2857 489 2925 τῆς
547 2848 747 2925 ἄλλης
799 2848 1136 2927 δυνάμεως.
1232 2846 1480 2928 Quibus
1530 2851 1915 2934 imperatum
1967 2858 2063 2916 esl
2119 2851 2554 2930 ςρατεύονται,

212 2951 305 3017 sed
352 2952 488 3029 lecti
537 2956 802 3019 iuvenes
850 2973 967 3020 sua
1016 2954 1342 3020 voluntate
1392 2956 1933 3035 ΣΤςρατεύονται.

294 3101 580 3189 Indignor
626 3103 1007 3191 quandoque
1048 3104 1251 3170 honus
1292 3103 1595 3170 dormitat
1639 3104 2022 3171 Plutarchus
2047 3125 2120 3172 ea
2149 3124 2310 3192 quae
2338 3117 2556 3193 aperte

215 3203 351 3273 falsa
405 3220 466 3276 et
537 3210 683 3276 licta
747 3217 900 3275 sunt
965 3207 1235 3276 candide
1301 3206 1643 3274 admodum
1695 3219 1758 3275 et
1818 3210 2067 3286 ἀκάκως
2118 3231 2232 3297 pro
2276 3213 2446 3279 veris
2492 3220 2558 3278 et

219 3312 386 3378 certis
429 3334 718 3381 narranS.
815 3314 907 3381 De
955 3315 1219 3400 Aspasia
1268 3314 1437 3381 serio
1479 3313 1703 3380 scribit
1750 3336 1890 3401 cap.
1937 3320 2041 3383 24.
2089 3317 2208 3391 τὰς
2250 3326 2556 3396 γυναῖκας

220 3415 636 3499 ἀκροασομένας
686 3423 735 3487 οἱ
783 3422 1047 3496 συνήθεις
1090 3414 1237 3499 ἦγον
1282 3423 1361 3495 ὦς
1401 3422 1594 3495 αὐτὴν
1636 3421 1858 3503 καίπερ
1899 3422 1964 3486 οὐ
2012 3424 2262 3501 κοσμίου
2300 3428 2556 3503 προεςῶ·

222 3542 316 3586 σαν
352 3523 645 3606 ἐργασίας
693 3527 824 3592 οὐδὲ
871 3531 1097 3604 σεμνῆς
1145 3524 1321 3591 ἄλλα
1372 3525 1818 3599 παιδίσκας
1865 3527 2344 3607 ἑταιρούσας
2392 3526 2558 3609 τρέ-

222 3630 515 3706 Φουσαν.
612 3631 785 3718 Ergo
831 3631 1000 3697 serio
1048 3628 1324 3695 credidit
1387 3632 1757 3717 Aspasiarn,
1804 3652 1995 3718 quam
2049 3632 2237 3698 unice
2288 3630 2562 3699 Pericles

224 3728 515 3809 dilexerit.
579 3756 773 3824 qnam
841 3737 1049 3802 iustae
1119 3736 1339 3801 uxoris
1400 3734 1536 3801 loco
1599 3736 1934 3815 habuerit,
1991 3735 2197 3801 lenam
2250 3735 2448 3804 luisse
2494 3745 2559 3802 et

226 3842 633 3908 meretriculas
683 3842 981 3907 habuisse
1029 3839 1237 3919 domi,
1286 3858 1445 3928 quas
1493 3840 1572 3907 ad
1622 3852 1960 3927 quaestum
2011 3842 2403 3909 institueret.
2455 3840 2560 3906 Li-

223 3943 379 4010 cebat
421 3954 483 4011 et
532 3946 800 4034 reliquis
844 3946 1119 4012 Cornicis
1165 3956 1228 4012 et
1285 3945 1693 4032 Aristophani
1746 3949 1832 4011 ita
1880 3947 2105 4015 iocari:

687 4050 1155 4135 ἀντεξέκλεψαν
1207 4053 1565 4124 Ἀσπασίας
1615 4050 1807 4132 πόρνα
1855 4052 1995 4128 δύο,

222 4150 315 4216 sed
356 4155 495 4239 quis
557 4158 763 4223 nescit
830 4167 890 4223 et
957 4156 1106 4222 olim
1175 4164 1239 4222 et
1300 4175 1473 4223 nunc
1537 4156 1896 4223 istiusmodi
1947 4156 2113 4224 sales
2157 4166 2222 4224 et
2271 4158 2441 4223 iocos
2487 4179 2561 4224 eo

226 4260 404 4342 magis
451 4262 651 4327 risum
721 4282 972 4328 movero
1035 4282 1161 4348 quo
1210 4261 1419 4347 magis
1466 4261 1637 4328 inter
1681 4281 1904 4328 omnes
1950 4271 2198 4330 constet
2244 4282 2384 4329 esse
2439 4263 2562 4328 cri·

226 4360 379 4429 mina
422 4364 573 4434 baec
622 4368 923 4436 scurrilia
964 4375 1030 4435 et
1076 4366 1566 4445 commenticia,
1619 4387 1741 4434 non
1803 4387 1972 4433 vera.
