2934 5050
1199 311 1576 361 ronrnmu.
2494 292 2578 357 75

206 471 294 537 111
340 472 424 540 70
467 477 502 561 5
548 477 617 556 6,
680 481 795 546 ubi
857 488 1196 568 postquam
1255 468 1541 550 narravit
1599 490 1746 549 ante
1808 502 2097 571 pugnam
2158 482 2239 547 ad
2283 481 2585 547 Trebiam

205 577 525 651 Tiberium
584 583 824 651 elatum
871 587 1079 655 fausto
1123 593 1194 655 ‘m
1237 588 1613 656 velitatione
1657 589 1935 674 quadam
1979 608 2243 653 suorum
2288 608 2582 653 successu

203 684 268 751 id
308 689 510 774 egisse
551 694 627 753 ut
673 712 868 776 quam
912 697 1199 778 primum
1245 698 1378 762 acie
1419 696 1893 771 decerneretur,
1940 693 2325 759 consultasse
2365 699 2583 759 tamen

200 794 371 876 prius
406 794 718 884 colleg-am
757 819 950 865 suum
974 798 1316 879 Publium,
1361 803 1466 866 cui
1504 821 1630 865 non
1666 820 1795 866 una
1832 800 1910 866 de
1947 820 2135 866 causa
2166 801 2581 865 temerarium

201 900 408 965 visum
454 921 587 968 6886
631 902 874 970 Tiberii
919 906 1298 982 consilium,
1362 909 1457 972 ita
1500 909 1746 993 pergit:
1797 905 1881 970 διὸ
1932 905 2035 969 καὶ
2086 905 2373 979 τοιούτοις
2418 903 2581 986 χρώ·

202 1027 370 1079 μενος
411 1017 737 1083 λογισμοῖς
784 1011 1059 1087 μένειν
1122 1009 1352 1087 ἠξίου
1399 1013 1505 1076 τὸν
1556 1011 1824 1091 Τιβέριον
1866 1013 1967 1077 ἐπὶ
2001 1018 2118 1077 τῶν
2157 1009 2580 1092 προκειμένων.

204 1107 376 1189 Quod
421 1113 578 1196 quid
621 1116 739 1190 sit,
787 1135 915 1180 non
957 1121 1166 1201 potest
1211 1117 1484 1184 dubium
1529 1137 1661 1183 6886
1704 1123 1848 1203 post
1893 1117 2066 1183 dicta
2109 1118 2145 1202 ᾖ
2185 1114 2227 1181 2
2275 1115 2579 1195 προέκειτο

203 1216 307 1292 μὲν
352 1213 447 1283 οὖν
493 1221 664 1298 αὐτῷ
710 1218 1017 1301 (Tiberio)
1061 1222 1235 1288 κατὰ
1274 1225 1385 1298 τὴν
1426 1224 1584 1289 ι’δίαν
1631 1227 1882 1301 γνώμην
1929 1223 2195 1304 χρῆσθαι
2244 1230 2369 1294 τοῖς
2418 1244 2581 1300 παρ-

201 1326 389 1395 οὖσιν,
439 1325 482 1387 i.
537 1345 591 1390 e.
639 1326 749 1400 τήν
793 1329 1067 1408 ταχίςην
1111 1336 1306 1407 κρῖναι
1353 1329 1437 1393 τὰ
1487 1326 1625 1393 ὅλα.
1695 1328 1838 1395 Hoc
1884 1327 2050 1394 illud
2095 1332 2226 1394 est:
2275 1327 2373 1392 nil
2415 1327 2584 1391 intra

203 1434 282 1492 est
322 1429 508 1493 oleam
553 1431 653 1494 nil
691 1438 863 1496 extra
904 1440 989 1498 eet
1033 1435 1101 1498 in
1140 1457 1288 1499 nuce
1322 1436 1511 1499 duri!
1545 1434 1764 1500 Redde
1802 1432 2110 1520 Polybio:
2138 1437 2217 1518 (μ
2231 1436 2394 1517 {aab
2417 1458 2446 1496 ν
2466 1458 2495 1497 ε
2515 1458 2534 1498 ι
2555 1458 2586 1498 ν

205 1533 358 1611 ἠξίου
377 1585 394 1611 ,
442 1556 604 1621 quae
651 1540 815 1603 ratio
857 1537 1122 1606 lenitate
1167 1544 1371 1607 vineit
1417 1540 1687 1607 alteram
1733 1540 1935 1617 μένειν
1988 1541 2147 1626 (οὐκ)
2174 1538 2337 1617 ἠξίου
2363 1548 2583 1626 estque

205 1640 702 1726 ἐμφατικωτέρα.

285 1746 552 1815 Prorsus
589 1750 811 1816 eodem
844 1751 1035 1818 modo
1057 1758 1392 1838 peccatum
1415 1758 1513 1819 est
1534 1751 1622 1817 IV
1651 1750 1734 1817 18
1759 1754 1795 1837 ξ
1817 1750 1882 1829 8,
1906 1753 2022 1817 ubi
2045 1767 2258 1818 tamen
2284 1753 2545 1840 ambigo
2563 1800 2581 1831 ,

206 1857 416 1919 utrum
439 1855 890 1944 corrigendum
915 1860 1033 1922 sit:
1062 1856 1640 1942 ἕξετοιχωρύχησαν
1664 1859 1776 1937 μὲν
1803 1859 1937 1929 τοὺς
1966 1859 2164 1936 βίους,
2193 1856 2583 1937 ἐςρέβλοοσαν

209 1957 263 2024 δὲ
321 1962 590 2034 πολλοὺς
650 1964 766 2027 τῶν
828 1964 1161 2030 Κυναιθέων
1224 1960 1309 2037 οἶς
1376 1967 1687 2041 ἠπίςησαν
1750 1967 1891 2051 (μή)
1956 1963 2123 2044 ἔχειν
2171 1962 2585 2044 κεκρυμμένον

207 2065 479 2149 διάφορον
527 2069 563 2144 ἠ
611 2069 1123 2149 κατασκεύασμα
1165 2069 1199 2145 ἠ
1237 2069 1397 2136 ἄλλο
1440 2096 1498 2137 τι
1538 2078 1654 2138 τῶν
1694 2074 1965 2143 πλείονος
2008 2069 2231 2147 ἀξίων,
2280 2091 2361 2135 an
2399 2091 2587 2136 sensu

209 2173 418 2239 eodem
478 2170 612 2246 οὓς
679 2176 1133 2245 ἐπίςευσαν
1195 2175 1363 2258 ἔχειν
1419 2178 1550 2244 κτὲ.
1649 2177 1890 2244 Eadem
1950 2175 2178 2244 vocula
2222 2162 2415 2260 pes-fit
2459 2174 2588 2241 XII

212 2277 289 2342 12
331 2281 368 2364 ξ
417 2278 452 2345 1
467 2327 485 2358 ,
535 2280 652 2345 ubi
695 2283 935 2347 scribo:
986 2281 1263 2362 καθάπερ
1308 2283 1434 2364 γὰρ
1483 2284 1582 2348 ε’π)
1633 2290 1749 2349 τῶν
1796 2282 2095 2360 κανόνων,
2145 2280 2263 2346 κᾶν
2306 2282 2587 2346 ἐλάττων

212 2378 244 2463 ᾖ
284 2386 364 2466 τῷ
411 2386 600 2465 μήκει
662 2385 777 2451 κᾶν
837 2389 922 2469 τῷ
971 2388 1201 2453 πλάτει
1251 2387 1674 2469 ταπεινότερος
1701 2437 1717 2464 ,
1782 2387 2027 2469 μετέχῃ
2072 2390 2134 2454 δὲ
2183 2397 2294 2463 τῆς
2344 2386 2588 2458 κανόνος

211 2488 487 2569 ἰδιότητος
513 2542 532 2571 ,
606 2492 832 2560 κανόνα
911 2493 1066 2576 Φησὶ
1133 2495 1255 2561 δεῖν
1335 2494 1804 2576 προσαγορεύειν
1829 2544 1846 2571 ,
1921 2490 2070 2559 ὅταν
2132 2495 2194 2560 δὲ
2274 2492 2415 2583 (μή)
2476 2500 2589 2569 τῆς

211 2600 431 2674 εὐθείας
498 2600 608 2665 καὶ
671 2607 781 2674 τῆς
844 2605 990 2683 πρὸς
1053 2603 1291 2677 ταύτην
1344 2602 1705 2677 οἰκειότητος
1754 2600 2013 2682 ἐγγίζη,
2085 2599 2299 2666 πάντα
2344 2605 2591 2678 μᾶλλον

213 2703 324 2769 δεῖν
369 2708 403 2783 ἢ
452 2706 683 2773 κανόνα
730 2717 982 2783 καλεῖν,
1030 2712 1132 2775 τὸν
1184 2709 1370 2775 αὐτὸν
1418 2708 1638 2790 τρόπον
1685 2709 1815 2774 κτέ.
1908 2707 2332 2795 Expungatur
2376 2713 2593 2773 contra

212 2808 327 2876 ΧΠ
369 2810 409 2878 6
434 2814 476 2878 b
526 2815 563 2898 ξ
616 2812 651 2879 1
690 2835 725 2879 6
757 2815 1003 2880 verbis:
1053 2818 1212 2881 πολὺ
1259 2817 1386 2894 γὰρ
1434 2814 1873 2885 ἕκτοπίσαντες
1919 2811 2311 2894 (Locrenses)
2362 2814 2429 2877 ἐκ
2474 2818 2591 2878 τῶν

214 2919 549 2986 συνειδότων
627 2921 733 2985 καὶ
805 2921 1270 3003 προσλαβόντες
1341 2922 1626 3002 συνεργὸν
1696 2921 1796 2985 τὸν
1865 2917 2077 2999 χρόνον
2105 2968 2122 2994 ,
2211 2919 2333 2998 οὐχ
2405 2915 2589 2990 οὕτως

215 3019 459 3105 ἄφρονες
519 3021 674 3100 ἦσαν
742 3023 858 3096 ὅτε
922 3031 1122 3094 ταῦτ’·
1170 3029 1548 3103 ἐπιτηδεύειν
1575 3078 1591 3103 ,
1664 3028 1741 3092 δι’
1801 3022 1879 3089 ὧν
1940 3023 2206 3103 ἔμελλον
2265 3024 2593 3089 ἀνανέωσιν

216 3133 499 3199 ποιεῖσθαι
565 3139 682 3199 τῶν
744 3133 903 3200 ἰδίων
950 3133 1449 3213 ἐλαττωμάτων,
1524 3133 1702 3199 ἄλλα
1772 3130 1918 3218 [μή]
1984 3130 2329 3196 τούναντίον
2392 3131 2466 3194 δι’
2515 3126 2592 3195 ὦν

217 3232 617 3320 ἐπικαλύψειν
667 3245 898 3306 ταῦτα.

295 3340 485 3410 Hisce
543 3348 914 3430 praemissis
929 3394 946 3424 ,
1011 3367 1162 3411 cum
1219 3345 1455 3412 lectore
1515 3346 1733 3412 ordine
1794 3364 2160 3431 percurram
2204 3343 2555 3430 Polybium
2573 3389 2591 3420 ‚

216 3446 457 3529 qualem
502 3450 708 3518 edidit
769 3453 990 3537 paucis
1033 3452 1262 3518 abhinc
1322 3454 1505 3517 annis
1556 3449 1920 3517 Dindorfius
1976 3450 2145 3535 apud
2190 3447 2595 3514 Teubnerum

219 3570 396 3635 quam
439 3559 849 3642 paucissimis
891 3563 1252 3636 notaturus,
1297 3560 1355 3623 si
1399 3558 1557 3643 quid
1594 3555 1828 3623 melius
1864 3557 2168 3622 constitui
2205 3575 2386 3640 posse
2428 3552 2596 3618 mihi

217 3658 515 3726 videatur.

298 3763 370 3830 In
411 3768 552 3852 ipso
608 3772 933 3854 prooemio
993 3769 1220 3836 haereo
1265 3771 1302 3855 ξ
1349 3769 1425 3837 ¹7:
1490 3770 1542 3834 εί
1595 3769 1710 3848 μὲν
1767 3762 1865 3834 οὖν
1911 3771 2058 3847 ἠμῖν
2107 3761 2176 3842 ἦν
2221 3765 2437 3840 συνήθη
2487 3767 2592 3832 καὶ

222 3870 486 3952 γνώριμα
530 3873 632 3938 τὰ
674 3873 1278 3952 πολιτεύματα
1340 3876 1439 3939 τὰ
1488 3875 1624 3950 περὶ
1674 3882 1785 3949 τῆς
1833 3881 1949 3938 τῶν
1996 3870 2149 3939 ὅλων
2195 3874 2398 3954 ἀρχῆς
2446 3874 2595 3950 οἰμ-

223 3978 897 4057 Φισβητήσαντα,
960 3980 1125 4056 πετὲ,
1185 3982 1336 4064 quia
1378 4002 1503 4047 non
1545 3981 1829 4045 instituta
1858 3980 2120 4064 politica
2163 3979 2293 4044 dici
2333 3986 2598 4064 possunt

226 4081 646 4165 ἅμφισβητεῖν
692 4087 803 4153 sed
845 4088 971 4172 ipsi
1013 4085 1256 4172 populi.
1351 4087 1797 4152 Necessarium
1844 4085 2114 4151 arbitror
2158 4110 2196 4149 τ
2215 4091 2257 4149 ὦ
2275 4109 2304 4149 ν
2329 4122 2417 4134 -
2451 4085 2593 4164 ἅμ·

227 4190 933 4269 Φισβητησαντων.
980 4191 1148 4259 Loco
1185 4190 1218 4258 I
1265 4190 1350 4257 35
1390 4193 1426 4276 ξ
1461 4191 1537 4270 5,
1589 4192 1669 4257 ad
1708 4213 1903 4278 quem
1939 4191 2175 4257 frustra
2211 4197 2591 4277 provocant,

229 4312 343 4359 non
384 4300 595 4385 magis
638 4299 996 4375 πολίτευμα
1043 4303 1140 4363 est
1181 4300 1322 4383 ipsa
1366 4298 1581 4362 deitas
1624 4303 1731 4378 (z
1772 4295 2131 4384 πολιτεία),
2178 4296 2290 4363 sed
2333 4297 2599 4362 dedatis

234 4401 494 4467 condicio.
543 4441 629 4454 -
677 4403 838 4469 Ibid.
892 4402 977 4469 14
1020 4405 1058 4487 ξ
1104 4402 1180 4468 3:
1229 4404 1333 4470 δια
1379 4404 1507 4483 γαρ
1565 4405 1678 4478 την
1725 4427 1951 4483 αιρεσιν
1999 4403 2102 4467 καὶ
2148 4404 2260 4477 τήν
2303 4398 2449 4476 ολην
2491 4402 2595 4466 εὖ·
