2934 5050
355 295 485 357 246
1149 313 1459 363 coctum
1508 315 1583 362 m·
1629 316 1938 364 nucinum.

355 479 654 567 quamvis
691 479 894 563 dure,
944 481 1156 550 »lanai
1196 484 1404 570 opus”
1434 483 1652 573 (·-υν)
1697 505 1775 552 ex
1822 485 1989 551 lasa.
2062 481 2332 571 Reliqua
2356 490 2573 550 autem
2594 477 2723 544 vitai

359 588 560 668 meai,
623 588 855 656 XXIX.
927 594 1051 669 15,
1102 591 1376 657 summai
1414 589 1503 657 ib.
1550 597 1681 671 80,
1716 590 1964 658 canicai
2007 589 2275 656 xxvu.
2324 593 2449 666 28,
2490 582 2724 654 vomica
2838 640 2839 643 ,

363 693 595 762 xxtx.
662 699 749 764 84
797 696 956 764 alias
1004 695 1083 762 ob
1127 716 1361 764 causas
1409 696 1608 765 dubia
1657 706 1836 764 sunt.
1937 694 2103 763 Cum
2152 695 2448 762 Lucilius
2493 702 2724 767 autem,

363 807 439 867 ut
485 820 564 868 ex
611 803 1188 888 grammaticorum
1239 803 1633 870 testimoniis
1684 811 1939 870 constat
1983 806 2074 888 (p.
2120 806 2290 879 230,
2336 806 2506 888 sq.),
2544 797 2729 865 dativo

368 908 726 974 asseruerit
770 909 835 974 ai
883 906 1434 997 monosyllabum,
1485 928 1613 975 non
1662 908 1890 976 dubito
1927 910 2084 996 quin
2126 916 2303 975 recte
2342 904 2727 974 emendatum

368 1014 455 1079 sit
519 1012 692 1080 xm.
749 1019 867 1081 10:
925 1008 1158 1080 »idem
1185 1013 1374 1101 epulo
1419 1012 1607 1081 cibus
1650 1022 1846 1103 atque
1892 1015 2103 1102 apulei
2148 1012 2319 1080 Iovis
2360 1012 2731 1097 omnipoten-

364 1117 520 1184 tis”.
592 1117 806 1187 Libri:
850 1119 1119 1208 epulatio
1164 1119 1320 1185 iovis
1369 1119 1414 1184 i.
1461 1137 1522 1187 e.
1574 1118 1786 1207 epula!
1833 1120 1991 1186 iovis
2041 1119 2198 1185 vitio
2242 1118 2344 1186 bis
2382 1118 2606 1205 positis
2646 1114 2731 1180 tit·

362 1224 519 1290 teris
563 1224 645 1291 io.
742 1223 840 1292 Cf.
900 1224 1083 1292 Goui.
1132 1224 1192 1291 11
1239 1245 1304 1312 p.
1358 1228 1486 1304 96,
1539 1225 1649 1292 ubi
1698 1224 2079 1317 typographi
2124 1224 2281 1292 vitio
2326 1224 2499 1312 opali
2518 1221 2733 1309 legitur

370 1348 489 1416 pro
535 1328 737 1417 epulo.

455 1435 884 1515 Ritscbelius‚
953 1440 1018 1506 in
1074 1439 1628 1531 disputationibus
1673 1436 2112 1526 epigrapbicis
2157 1435 2497 1503 historiam
2548 1430 2735 1501 ortho-

365 1540 675 1629 graphiae
740 1563 855 1630 per
913 1547 1242 1615 saeculum
1315 1549 1505 1618 Urbis
1575 1548 1923 1635 septimum
1988 1545 2381 1612 concinnare
2444 1548 2733 1615 conatus,

362 1648 594 1713 statuit
656 1646 912 1716 litterae
979 1672 1023 1740 y
1082 1655 1301 1741 (cuius
1365 1656 1581 1724 locum
1650 1653 1805 1719 olim
1854 1649 2110 1719 tenebat
2159 1650 2227 1740 n)
2277 1658 2343 1716 et
2393 1647 2734 1735 adspiratus

369 1772 685 1820 consonas
742 1773 873 1821 non
940 1765 1091 1824 ante
1151 1759 1341 1828 finem
1394 1761 1569 1828 illius
1617 1758 1859 1826 saeculi
1906 1759 1972 1824 in
2018 1776 2141 1823 usn
2191 1756 2428 1831 fuisse,
2473 1754 2735 1841 gemina·

372 1868 587 1927 tarum
650 1870 868 1928 autem
933 1864 1249 1935 vocalium
1318 1886 1564 1935 morem
1628 1865 1708 1933 ab
1773 1865 1948 1932 Attio
2012 1864 2391 1930 institutum
2437 1876 2735 1928 annorum

375 1969 508 2034 620
569 1974 636 2034 et
694 1972 827 2035 680
890 1972 1186 2038 terminis
1253 1974 1615 2054 contineri,
1681 1970 2174 2038 consonantium
2218 1967 2737 2056 duplicationem,

372 2092 522 2139 cum
585 2073 839 2142 Ennius
904 2077 1032 2142 iam
1085 2085 1152 2145 et
1198 2081 1416 2147 Attius
1464 2086 1927 2167 usurpassent,
1977 2074 2208 2143 Lucilii
2256 2074 2523 2142 demum
2566 2088 2737 2160 opera

376 2177 469 2244 ita
534 2179 915 2261 invaluisse,
983 2191 1058 2249 ut
1117 2183 1379 2253 taudem
1445 2184 1841 2274 simplicium
1907 2203 2023 2270 pro
2081 2180 2432 2268 geminatis
2486 2173 2739 2268 ponendi

372 2300 512 2349 mos
577 2284 762 2372 plane
829 2287 1215 2357 aboleretur.
1311 2290 1490 2373 Quae
1549 2294 1602 2357 si
1668 2291 1757 2356 ita
1806 2296 1999 2365 sunt,
2050 2285 2339 2353 Lucilius
2386 2305 2507 2352 nec
2552 2305 2592 2374 y
2637 2300 2739 2349 nec

371 2387 485 2473 Pb,
531 2391 631 2465 tle.
689 2391 767 2457 ch
811 2394 1172 2480 usurpavit.
1263 2397 1333 2462 ln
1375 2396 1814 2482 geminatione
1853 2392 2170 2461 vocalium
2214 2392 2428 2459 sciens
2467 2389 2547 2456 ab
2582 2388 2741 2457 Attio

376 2494 681 2574 recessit,
724 2497 1014 2566 scribens
1046 2521 1264 2589 pacem
1288 2549 1306 2581 ,
1347 2505 1573 2592 sanum
1613 2520 1738 2568 non
1774 2522 2076 2589 peccem,
2117 2504 2382 2588 faunum
2412 2494 2509 2585 (cs
2528 2495 2630 2563 tx.
2656 2492 2736 2581 4).

380 2598 468 2666 De
515 2606 1020 2671 consonantibus
1066 2606 1413 2694 duplicatis
1461 2608 1618 2696 quid
1659 2607 1965 2676 statuerit
2004 2625 2128 2672 non
2169 2604 2414 2672 diserte
2456 2601 2742 2670 traditur.

374 2704 472 2771 Ab
544 2699 895 2777 Ritschelio
967 2711 1305 2780 discedens
1364 2717 1445 2783 Μ.
1517 2722 1702 2803 putat
1764 2712 2092 2800 simplices
2141 2712 2201 2778 ei
2251 2730 2368 2800 pro
2415 2706 2743 2797 geminatis

375 2809 729 2895 placuisse:
783 2818 973 2884 cuius
1019 2819 1116 2885 rei
1167 2820 1371 2887 multa
1418 2821 1805 2888 documenta
1855 2821 1917 2885 in
1965 2818 2149 2886 libris
2197 2817 2463 2904 scriptis
2504 2821 2742 2883 exstare

374 2914 556 2987 dicit.
656 2920 827 3003 Quos
875 2923 1030 2991 dum
1081 2927 1414 3012 sequitur,
1465 2926 1572 2993 hic
1622 2927 1752 3002 illic
1799 2924 2158 3013 simplicem
2207 2942 2556 2990 consonam
2599 2916 2739 2985 scri·

373 3021 508 3103 bit,
550 3026 703 3093 alibi
742 3028 1072 3115 vulgarem
1120 3017 1648 3121 orthographiam
1689 3022 2019 3099 adsciscit.
2071 3031 2143 3097 In
2189 3050 2258 3105 re
2288 3028 2489 3096 dubia
2512 3025 2741 3096 codices

373 3126 613 3216 ubique
661 3140 843 3221 sequi
893 3156 1048 3204 sane
1097 3138 1496 3220 tutissimum
1547 3144 1666 3206 est.

466 3234 662 3303 Locos
723 3239 1048 3327 colligam.
1147 3242 1408 3310 Decusis
1454 3245 1566 3311 lx.
1613 3251 1691 3311 51
1748 3244 1814 3311 in
1861 3242 2077 3312 verbis
2127 3242 2439 3310 Varronis
2486 3238 2734 3308 restitu-

374 3348 555 3423 tum,
606 3344 773 3431 quod
825 3347 998 3416 Flor.
1054 3347 1247 3416 habet
1293 3350 1638 3418 decuissive
1688 3371 1804 3438 pro
1850 3350 2129 3417 decussis
2167 3349 2323 3415 sive.
2400 3347 2498 3416 lb.
2544 3350 2621 3414 ‘70
2654 3341 2731 3409 Ι.

369 3448 626 3515 micabit
684 3451 782 3518 vel
849 3454 1154 3533 cmsabit,
1218 3454 1404 3524 codd.
1473 3457 1779 3531 merswin
1851 3455 1963 3523 sed
2010 3456 2243 3523 cris-are
2292 3474 2408 3542 per
2455 3449 2654 3539 simpl.
2702 3467 2733 3511 s

370 3573 499 3620 uon
562 3556 806 3624 Lucilio
866 3568 965 3625 est
1029 3561 1349 3647 peculiare
1410 3560 1525 3629 sed
1589 3562 1876 3630 Iuvenali
1926 3582 2183 3650 quoque
2231 3570 2612 3649 usurpatum
2658 3552 2733 3620 VI

374 3663 529 3730 522.
623 3662 699 3729 Iu
764 3664 1072 3731 vocabulo
1135 3675 1266 3733 tam
1331 3677 1482 3735 noto
1528 3676 1722 3756 atque
1763 3679 2021 3756 possunt
2069 3688 2195 3733 non
2243 3667 2569 3755 probabile
2608 3669 2731 3738 est»

372 3764 710 3849 librarios,
761 3790 911 3837 curn
965 3772 1027 3837 in
1079 3771 1291 3841 locum
1343 3775 1610 3842 minime
1657 3775 2004 3842 obscurum
2054 3772 2439 3841 incidissent
2487 3771 2617 3840 xn.
2652 3771 2728 3846 2,

373 3871 571 3939 semel
619 3875 973 3944 secuudum
1028 3878 1105 3945 Μ.
1159 3879 1457 3967 religiose
1493 3892 1720 3969 posunt
1759 3901 2019 3949 servare
2064 3880 2380 3961 voluisse,
2426 3899 2570 3949 cum
2594 3872 2728 3944 alibi

374 3986 746 4048 constanter
802 4003 1164 4069 possumus,
1215 3987 1487 4072 possim,
1535 3989 1750 4055 simin.
1801 3987 2183 4055 scriberent.
2280 3986 2474 4053 Libro
2526 3982 2645 4052 XV.
2690 3981 2728 4044 2
2838 4055 2839 4070 χ

366 4105 516 4149 nam
575 4089 798 4154 arcesit
861 4089 945 4156 Μ.
999 4090 1261 4158 refinxit
1308 4113 1345 4160 e
1391 4095 1781 4174 narcesibai,
1834 4102 1940 4174 at,
1989 4094 2288 4182 quamvis
2333 4102 2524 4161 acute
2568 4104 2729 4157 exco-
2838 4141 2839 4158 ι

367 4191 677 4276 gitatam,
741 4204 985 4262 certam
1052 4205 1266 4265 tamen
1332 4199 1844 4267 emendationem
1912 4200 2129 4267 dicere
2190 4220 2316 4266 non
2370 4210 2727 4287 possumus,
2838 4267 2839 4278 ,

368 4295 679 4383 quamdiu
743 4298 898 4367 illud
968 4302 1070 4369 bai
1129 4323 1250 4371 non
1317 4305 1710 4394 explicatum
1774 4317 1895 4374 est.
2004 4304 2100 4373 lb.
2175 4312 2258 4375 15
2324 4324 2610 4374 :accusor
2658 4314 2729 4365 0¹
2838 4335 2839 4372 ι

367 4401 750 4473 lectionibus
813 4407 1176 4486 naban-sor,
1244 4414 1623 4493 mandor,
1687 4435 2045 4490 “mousson
2108 4434 2179 4479 rs
2223 4421 2289 4481 et
2337 4436 2403 4484 ss
2450 4407 2729 4480 facillime
2838 4453 2839 4466 2
