<?xml version="1.0" encoding="UTF-8"?>
<!DOCTYPE html PUBLIC "-//W3C//DTD XHTML 1.0 Transitional//EN"
    "http://www.w3.org/TR/xhtml1/DTD/xhtml1-transitional.dtd">
<html xmlns="http://www.w3.org/1999/xhtml" xml:lang="en" lang="en">
 <head>
  <title>
</title>
<meta http-equiv="Content-Type" content="text/html;charset=utf-8" />
  <meta name='ocr-system' content='tesseract 3.04.00' />
  <meta name='ocr-capabilities' content='ocr_page ocr_carea ocr_par ocr_line ocrx_word'/>
</head>
<body>
  <div class='ocr_page' id='page_1' title='image "./mnemosynebiblio09servgoog_0172.png"; bbox 0 0 2934 5050; ppageno 0'>
   <div class='ocr_carea' id='block_1_1' title="bbox 360 285 1945 348">
    <p class='ocr_par' dir='ltr' id='par_1_1' title="bbox 360 285 1945 348">
     <span class='ocr_line' id='line_1_1' title="bbox 360 285 1945 348; baseline -0.002 0"><span class='ocrx_word' id='word_1_1' title='bbox 360 285 487 348; x_wconf 85' lang='lat'><strong>160</strong></span> <span class='ocrx_word' id='word_1_2' title='bbox 1154 296 1630 346; x_wconf 64' lang='lat' dir='ltr'><strong>ossuum-rmus</strong></span> <span class='ocrx_word' id='word_1_3' title='bbox 1675 296 1945 345; x_wconf 73' lang='lat' dir='ltr'><strong>catum</strong></span> 
     </span>
    </p>
   </div>
   <div class='ocr_carea' id='block_1_2' title="bbox 333 464 2740 4455">
    <p class='ocr_par' dir='ltr' id='par_1_2' title="bbox 347 464 2739 869">
     <span class='ocr_line' id='line_1_2' title="bbox 353 464 2739 558; baseline -0.003 -20"><span class='ocrx_word' id='word_1_4' title='bbox 353 471 671 558; x_wconf 80' lang='lat' dir='ltr'><strong>scriptore</strong></span> <span class='ocrx_word' id='word_1_5' title='bbox 721 469 878 536; x_wconf 90' lang='lat' dir='ltr'><strong>nihil</strong></span> <span class='ocrx_word' id='word_1_6' title='bbox 929 477 1105 537; x_wconf 82' lang='lat' dir='ltr'><strong>certe</strong></span> <span class='ocrx_word' id='word_1_7' title='bbox 1152 485 1385 533; x_wconf 87' lang='lat' dir='ltr'><strong>causae</strong></span> <span class='ocrx_word' id='word_1_8' title='bbox 1423 474 1523 531; x_wconf 83' lang='lat' dir='ltr'><strong>est</strong></span> <span class='ocrx_word' id='word_1_9' title='bbox 1563 485 1685 534; x_wconf 91' lang='lat' dir='ltr'><strong>cur</strong></span> <span class='ocrx_word' id='word_1_10' title='bbox 1708 464 2055 532; x_wconf 77' lang='lat' dir='ltr'><strong>offendaris</strong></span> <span class='ocrx_word' id='word_1_11' title='bbox 2097 486 2161 553; x_wconf 90' lang='lat' dir='ltr'><strong>p.</strong></span> <span class='ocrx_word' id='word_1_12' title='bbox 2192 470 2346 535; x_wconf 77' lang='lat'><strong>360.</strong></span> <span class='ocrx_word' id='word_1_13' title='bbox 2381 473 2457 534; x_wconf 87' lang='grc'><strong>17</strong></span> <span class='ocrx_word' id='word_1_14' title='bbox 2485 475 2739 534; x_wconf 81' lang='grc' dir='ltr'><strong><em>συνεῖσα</em></strong></span> 
     </span>
     <span class='ocr_line' id='line_1_3' title="bbox 355 568 2736 660; baseline -0.004 -15"><span class='ocrx_word' id='word_1_15' title='bbox 355 573 418 645; x_wconf 75' lang='grc' dir='ltr'><strong><em>οἶ</em></strong></span> <span class='ocrx_word' id='word_1_16' title='bbox 455 584 656 644; x_wconf 81' lang='grc' dir='ltr'><strong><em>κακῶν</em></strong></span> <span class='ocrx_word' id='word_1_17' title='bbox 703 572 774 651; x_wconf 78' lang='grc' dir='ltr'><strong><em>ἦν</em></strong></span> <span class='ocrx_word' id='word_1_18' title='bbox 819 584 882 642; x_wconf 79' lang='lat' dir='ltr'><strong>et</strong></span> <span class='ocrx_word' id='word_1_19' title='bbox 935 575 1158 641; x_wconf 87' lang='lat' dir='ltr'><strong>itidem</strong></span> <span class='ocrx_word' id='word_1_20' title='bbox 1209 595 1269 660; x_wconf 86' lang='lat' dir='ltr'><strong>p.</strong></span> <span class='ocrx_word' id='word_1_21' title='bbox 1318 576 1472 640; x_wconf 80' lang='lat'><strong>573.</strong></span> <span class='ocrx_word' id='word_1_22' title='bbox 1527 579 1607 639; x_wconf 75' lang='lat'><strong>15</strong></span> <span class='ocrx_word' id='word_1_23' title='bbox 1648 568 1710 639; x_wconf 75' lang='grc' dir='ltr'><strong><em>οἶ</em></strong></span> <span class='ocrx_word' id='word_1_24' title='bbox 1743 579 1944 638; x_wconf 81' lang='grc' dir='ltr'><strong><em>κακῶν</em></strong></span> <span class='ocrx_word' id='word_1_25' title='bbox 1971 569 2125 648; x_wconf 78' lang='grc' dir='ltr'><strong><em>ἦσαν</em></strong></span> <span class='ocrx_word' id='word_1_26' title='bbox 2151 570 2472 645; x_wconf 75' lang='grc' dir='ltr'><strong><em>συνιέντες.</em></strong></span> <span class='ocrx_word' id='word_1_27' title='bbox 2521 571 2736 637; x_wconf 82' lang='lat' dir='ltr'><strong>Consi·</strong></span> 
     </span>
     <span class='ocr_line' id='line_1_4' title="bbox 354 677 2734 768; baseline -0.003 -19"><span class='ocrx_word' id='word_1_28' title='bbox 354 682 506 749; x_wconf 87' lang='lat' dir='ltr'><strong>mile</strong></span> <span class='ocrx_word' id='word_1_29' title='bbox 567 691 666 749; x_wconf 84' lang='lat' dir='ltr'><strong>est</strong></span> <span class='ocrx_word' id='word_1_30' title='bbox 731 702 786 768; x_wconf 87' lang='lat' dir='ltr'><strong>p.</strong></span> <span class='ocrx_word' id='word_1_31' title='bbox 839 685 995 747; x_wconf 77' lang='lat'><strong>231.</strong></span> <span class='ocrx_word' id='word_1_32' title='bbox 1070 684 1150 747; x_wconf 84' lang='lat'><strong>18</strong></span> <span class='ocrx_word' id='word_1_33' title='bbox 1214 677 1479 761; x_wconf 77' lang='grc' dir='ltr'><strong><em>ἔρχομαι</em></strong></span> <span class='ocrx_word' id='word_1_34' title='bbox 1526 677 1733 744; x_wconf 65' lang='grc' dir='ltr'><strong>οἴκαδε</strong></span> <span class='ocrx_word' id='word_1_35' title='bbox 1780 680 1857 752; x_wconf 78' lang='grc' dir='ltr'><strong>ὥς</strong></span> <span class='ocrx_word' id='word_1_36' title='bbox 1901 678 2172 757; x_wconf 77' lang='grc' dir='ltr'><strong><em>ἐμαυτόν</em></strong></span> <span class='ocrx_word' id='word_1_37' title='bbox 2217 687 2280 744; x_wconf 81' lang='lat' dir='ltr'><strong>el</strong></span> <span class='ocrx_word' id='word_1_38' title='bbox 2328 697 2391 764; x_wconf 86' lang='lat' dir='ltr'><strong>p.</strong></span> <span class='ocrx_word' id='word_1_39' title='bbox 2445 682 2599 744; x_wconf 80' lang='lat'><strong>258.</strong></span> <span class='ocrx_word' id='word_1_40' title='bbox 2650 680 2734 742; x_wconf 82' lang='lat'><strong>25</strong></span> 
     </span>
     <span class='ocr_line' id='line_1_5' title="bbox 347 786 1172 869; baseline -0.004 -15"><span class='ocrx_word' id='word_1_41' title='bbox 347 790 424 862; x_wconf 77' lang='grc' dir='ltr'><strong>ὥς</strong></span> <span class='ocrx_word' id='word_1_42' title='bbox 478 789 663 857; x_wconf 85' lang='grc' dir='ltr'><strong><em>αὑτὸν</em></strong></span> <span class='ocrx_word' id='word_1_43' title='bbox 709 786 1172 869; x_wconf 81' lang='grc' dir='ltr'><strong><em>μετεπέμπετο.</em></strong></span> 
     </span>
    </p>

    <p class='ocr_par' dir='ltr' id='par_1_3' title="bbox 346 885 2740 1612">
     <span class='ocr_line' id='line_1_6' title="bbox 443 885 2735 977; baseline -0.003 -17"><span class='ocrx_word' id='word_1_44' title='bbox 443 893 616 961; x_wconf 88' lang='lat' dir='ltr'><strong>Satis</strong></span> <span class='ocrx_word' id='word_1_45' title='bbox 680 892 842 960; x_wconf 86' lang='lat' dir='ltr'><strong>mihi</strong></span> <span class='ocrx_word' id='word_1_46' title='bbox 902 912 1076 958; x_wconf 86' lang='lat' dir='ltr'><strong>nunc</strong></span> <span class='ocrx_word' id='word_1_47' title='bbox 1132 889 1463 977; x_wconf 85' lang='lat' dir='ltr'><strong>aperuisse</strong></span> <span class='ocrx_word' id='word_1_48' title='bbox 1509 888 1731 956; x_wconf 87' lang='lat' dir='ltr'><strong>videor</strong></span> <span class='ocrx_word' id='word_1_49' title='bbox 1777 909 1968 976; x_wconf 86' lang='lat' dir='ltr'><strong>quam</strong></span> <span class='ocrx_word' id='word_1_50' title='bbox 2019 892 2105 956; x_wconf 89' lang='lat' dir='ltr'><strong>sit</strong></span> <span class='ocrx_word' id='word_1_51' title='bbox 2149 890 2356 956; x_wconf 89' lang='lat' dir='ltr'><strong>oratio</strong></span> <span class='ocrx_word' id='word_1_52' title='bbox 2407 885 2735 955; x_wconf 80' lang='lat' dir='ltr'><strong>Heliodori</strong></span> 
     </span>
     <span class='ocr_line' id='line_1_7' title="bbox 351 993 2737 1085; baseline -0.003 -18"><span class='ocrx_word' id='word_1_53' title='bbox 351 1000 432 1067; x_wconf 82' lang='lat' dir='ltr'><strong>ab</strong></span> <span class='ocrx_word' id='word_1_54' title='bbox 494 1000 669 1066; x_wconf 88' lang='lat' dir='ltr'><strong>omni</strong></span> <span class='ocrx_word' id='word_1_55' title='bbox 737 1006 919 1085; x_wconf 85' lang='lat' dir='ltr'><strong>parte</strong></span> <span class='ocrx_word' id='word_1_56' title='bbox 981 997 1244 1072; x_wconf 84' lang='lat' dir='ltr'><strong>vitiosa,</strong></span> <span class='ocrx_word' id='word_1_57' title='bbox 1307 1003 1456 1061; x_wconf 88' lang='lat' dir='ltr'><strong>sunt</strong></span> <span class='ocrx_word' id='word_1_58' title='bbox 1523 1003 1736 1061; x_wconf 90' lang='lat' dir='ltr'><strong>tamen</strong></span> <span class='ocrx_word' id='word_1_59' title='bbox 1801 995 1868 1061; x_wconf 92' lang='lat' dir='ltr'><strong>in</strong></span> <span class='ocrx_word' id='word_1_60' title='bbox 1926 994 2417 1063; x_wconf 83' lang='lat' dir='ltr'><strong>istissordibus</strong></span> <span class='ocrx_word' id='word_1_61' title='bbox 2464 993 2737 1060; x_wconf 78' lang='lat' dir='ltr'><strong>vulnera</strong></span> 
     </span>
     <span class='ocr_line' id='line_1_8' title="bbox 350 1100 2740 1193; baseline -0.003 -21"><span class='ocrx_word' id='word_1_62' title='bbox 350 1124 517 1193; x_wconf 85' lang='lat' dir='ltr'><strong>quae</strong></span> <span class='ocrx_word' id='word_1_63' title='bbox 598 1103 849 1170; x_wconf 85' lang='lat' dir='ltr'><strong>librarii</strong></span> <span class='ocrx_word' id='word_1_64' title='bbox 918 1103 1317 1180; x_wconf 87' lang='lat' dir='ltr'><strong>intulerunt,</strong></span> <span class='ocrx_word' id='word_1_65' title='bbox 1391 1122 1515 1167; x_wconf 91' lang='lat' dir='ltr'><strong>non</strong></span> <span class='ocrx_word' id='word_1_66' title='bbox 1595 1100 1797 1167; x_wconf 83' lang='lat' dir='ltr'><strong>multa</strong></span> <span class='ocrx_word' id='word_1_67' title='bbox 1861 1102 2124 1189; x_wconf 84' lang='lat' dir='ltr'><strong>quidem</strong></span> <span class='ocrx_word' id='word_1_68' title='bbox 2191 1102 2460 1168; x_wconf 64' lang='lat' dir='ltr'><strong>tortasse</strong></span> <span class='ocrx_word' id='word_1_69' title='bbox 2523 1118 2740 1186; x_wconf 84' lang='lat' dir='ltr'><strong>neque</strong></span> 
     </span>
     <span class='ocr_line' id='line_1_9' title="bbox 350 1205 2739 1298; baseline -0.002 -21"><span class='ocrx_word' id='word_1_70' title='bbox 350 1230 582 1298; x_wconf 80' lang='lat' dir='ltr'><strong>operae</strong></span> <span class='ocrx_word' id='word_1_71' title='bbox 645 1210 924 1297; x_wconf 83' lang='lat' dir='ltr'><strong>pretium</strong></span> <span class='ocrx_word' id='word_1_72' title='bbox 988 1216 1087 1275; x_wconf 85' lang='lat' dir='ltr'><strong>est</strong></span> <span class='ocrx_word' id='word_1_73' title='bbox 1149 1206 1406 1292; x_wconf 80' lang='lat' dir='ltr'><strong>singula</strong></span> <span class='ocrx_word' id='word_1_74' title='bbox 1467 1208 1660 1273; x_wconf 78' lang='lat' dir='ltr'><strong>anxia</strong></span> <span class='ocrx_word' id='word_1_75' title='bbox 1722 1226 1879 1274; x_wconf 83' lang='lat' dir='ltr'><strong>cura</strong></span> <span class='ocrx_word' id='word_1_76' title='bbox 1942 1209 2205 1285; x_wconf 88' lang='lat' dir='ltr'><strong>rimari,</strong></span> <span class='ocrx_word' id='word_1_77' title='bbox 2269 1206 2379 1274; x_wconf 87' lang='lat' dir='ltr'><strong>sed</strong></span> <span class='ocrx_word' id='word_1_78' title='bbox 2437 1205 2739 1273; x_wconf 77' lang='lat' dir='ltr'><strong>delibabo</strong></span> 
     </span>
     <span class='ocr_line' id='line_1_10' title="bbox 351 1311 2740 1403; baseline -0.002 -22"><span class='ocrx_word' id='word_1_79' title='bbox 351 1334 553 1403; x_wconf 88' lang='lat' dir='ltr'><strong>pauca</strong></span> <span class='ocrx_word' id='word_1_80' title='bbox 609 1313 922 1400; x_wconf 87' lang='lat' dir='ltr'><strong>quaedam</strong></span> <span class='ocrx_word' id='word_1_81' title='bbox 991 1314 1272 1379; x_wconf 82' lang='lat' dir='ltr'><strong>maxime</strong></span> <span class='ocrx_word' id='word_1_82' title='bbox 1333 1313 1617 1397; x_wconf 78' lang='lat' dir='ltr'><strong>insignia</strong></span> <span class='ocrx_word' id='word_1_83' title='bbox 1664 1321 1860 1398; x_wconf 85' lang='lat' dir='ltr'><strong>atque</strong></span> <span class='ocrx_word' id='word_1_84' title='bbox 1910 1313 2280 1390; x_wconf 89' lang='lat' dir='ltr'><strong>interdum,</strong></span> <span class='ocrx_word' id='word_1_85' title='bbox 2329 1311 2740 1379; x_wconf 73' lang='lat' dir='ltr'><strong>occasionem</strong></span> 
     </span>
     <span class='ocr_line' id='line_1_11' title="bbox 349 1414 2739 1505; baseline -0.002 -19"><span class='ocrx_word' id='word_1_86' title='bbox 349 1429 616 1497; x_wconf 76' lang='lat' dir='ltr'><strong>nactuS‚</strong></span> <span class='ocrx_word' id='word_1_87' title='bbox 667 1420 1073 1505; x_wconf 85' lang='lat' dir='ltr'><strong>exspatiabor</strong></span> <span class='ocrx_word' id='word_1_88' title='bbox 1114 1417 1190 1485; x_wconf 87' lang='lat' dir='ltr'><strong>ad</strong></span> <span class='ocrx_word' id='word_1_89' title='bbox 1234 1417 1395 1484; x_wconf 89' lang='lat' dir='ltr'><strong>alios</strong></span> <span class='ocrx_word' id='word_1_90' title='bbox 1436 1426 1655 1483; x_wconf 85' lang='lat' dir='ltr'><strong>nostra</strong></span> <span class='ocrx_word' id='word_1_91' title='bbox 1698 1437 1858 1484; x_wconf 88' lang='lat' dir='ltr'><strong>cura</strong></span> <span class='ocrx_word' id='word_1_92' title='bbox 1898 1426 1963 1484; x_wconf 88' lang='lat' dir='ltr'><strong>et</strong></span> <span class='ocrx_word' id='word_1_93' title='bbox 2002 1419 2252 1485; x_wconf 86' lang='lat' dir='ltr'><strong>intento</strong></span> <span class='ocrx_word' id='word_1_94' title='bbox 2291 1416 2506 1485; x_wconf 82' lang='lat' dir='ltr'><strong>studio</strong></span> <span class='ocrx_word' id='word_1_95' title='bbox 2539 1414 2739 1503; x_wconf 89' lang='lat' dir='ltr'><strong>paulo</strong></span> 
     </span>
     <span class='ocr_line' id='line_1_12' title="bbox 346 1524 1779 1612; baseline -0.002 -20"><span class='ocrx_word' id='word_1_96' title='bbox 346 1524 712 1611; x_wconf 74' lang='lat' dir='ltr'><strong>dignioreS,</strong></span> <span class='ocrx_word' id='word_1_97' title='bbox 762 1542 955 1610; x_wconf 86' lang='lat' dir='ltr'><strong>quam</strong></span> <span class='ocrx_word' id='word_1_98' title='bbox 1005 1525 1344 1612; x_wconf 85' lang='lat' dir='ltr'><strong>episcopus</strong></span> <span class='ocrx_word' id='word_1_99' title='bbox 1395 1531 1613 1589; x_wconf 88' lang='lat' dir='ltr'><strong>noster</strong></span> <span class='ocrx_word' id='word_1_100' title='bbox 1658 1532 1779 1589; x_wconf 93' lang='lat' dir='ltr'><strong>est.</strong></span> 
     </span>
    </p>

    <p class='ocr_par' dir='ltr' id='par_1_4' title="bbox 333 1626 2733 4455">
     <span class='ocr_line' id='line_1_13' title="bbox 433 1626 2733 1715; baseline -0.002 -18"><span class='ocrx_word' id='word_1_101' title='bbox 433 1629 803 1697; x_wconf 86' lang='lat' dir='ltr'><strong>Absurdum</strong></span> <span class='ocrx_word' id='word_1_102' title='bbox 853 1636 952 1696; x_wconf 81' lang='lat' dir='ltr'><strong>est</strong></span> <span class='ocrx_word' id='word_1_103' title='bbox 997 1627 1165 1715; x_wconf 91' lang='lat' dir='ltr'><strong>quod</strong></span> <span class='ocrx_word' id='word_1_104' title='bbox 1215 1627 1455 1714; x_wconf 77' lang='lat' dir='ltr'><strong>legitur</strong></span> <span class='ocrx_word' id='word_1_105' title='bbox 1497 1649 1558 1714; x_wconf 87' lang='lat' dir='ltr'><strong>p.</strong></span> <span class='ocrx_word' id='word_1_106' title='bbox 1604 1632 1758 1695; x_wconf 73' lang='lat'><strong>250.</strong></span> <span class='ocrx_word' id='word_1_107' title='bbox 1814 1635 1934 1696; x_wconf 77' lang='lat'><strong>54:</strong></span> <span class='ocrx_word' id='word_1_108' title='bbox 1981 1629 2422 1711; x_wconf 70' lang='grc' dir='ltr'><strong>Ναυκρατίτης</strong></span> <span class='ocrx_word' id='word_1_109' title='bbox 2462 1626 2733 1709; x_wconf 77' lang='grc' dir='ltr'><strong><em>ἔμπορος</em></strong></span> 
     </span>
     <span class='ocr_line' id='line_1_14' title="bbox 345 1731 2724 1824; baseline -0.001 -22"><span class='ocrx_word' id='word_1_110' title='bbox 345 1736 805 1818; x_wconf 87' lang='grc' dir='ltr'><strong><em>ὑπόχρυσος</em></strong></span> <span class='ocrx_word' id='word_1_111' title='bbox 863 1734 1054 1816; x_wconf 80' lang='grc' dir='ltr'><strong><em>ὄνομα</em></strong></span> <span class='ocrx_word' id='word_1_112' title='bbox 1113 1740 1516 1811; x_wconf 74' lang='grc' dir='ltr'><strong><em>Ναυσικλῆς.</em></strong></span> <span class='ocrx_word' id='word_1_113' title='bbox 1585 1753 1700 1800; x_wconf 83' lang='lat' dir='ltr'><strong>nec</strong></span> <span class='ocrx_word' id='word_1_114' title='bbox 1765 1731 2023 1801; x_wconf 87' lang='lat' dir='ltr'><strong>difficile</strong></span> <span class='ocrx_word' id='word_1_115' title='bbox 2074 1745 2286 1824; x_wconf 77' lang='lat' dir='ltr'><strong>tamen</strong></span> <span class='ocrx_word' id='word_1_116' title='bbox 2336 1743 2435 1800; x_wconf 87' lang='lat' dir='ltr'><strong>est</strong></span> <span class='ocrx_word' id='word_1_117' title='bbox 2484 1752 2724 1800; x_wconf 79' lang='lat' dir='ltr'><strong>verum</strong></span> 
     </span>
     <span class='ocr_line' id='line_1_15' title="bbox 343 1837 2723 1926; baseline -0.001 -20"><span class='ocrx_word' id='word_1_118' title='bbox 343 1842 660 1908; x_wconf 86' lang='lat' dir='ltr'><strong>invenire.</strong></span> <span class='ocrx_word' id='word_1_119' title='bbox 713 1841 802 1907; x_wconf 77' lang='lat' dir='ltr'><strong>Ac</strong></span> <span class='ocrx_word' id='word_1_120' title='bbox 840 1841 1119 1925; x_wconf 89' lang='lat' dir='ltr'><strong>primum</strong></span> <span class='ocrx_word' id='word_1_121' title='bbox 1147 1848 1411 1926; x_wconf 79' lang='lat' dir='ltr'><strong>apparet</strong></span> <span class='ocrx_word' id='word_1_122' title='bbox 1439 1837 1766 1923; x_wconf 77' lang='lat' dir='ltr'><strong>vulgatam</strong></span> <span class='ocrx_word' id='word_1_123' title='bbox 1795 1838 2131 1906; x_wconf 85' lang='lat' dir='ltr'><strong>lectionem</strong></span> <span class='ocrx_word' id='word_1_124' title='bbox 2162 1861 2283 1906; x_wconf 89' lang='lat' dir='ltr'><strong>non</strong></span> <span class='ocrx_word' id='word_1_125' title='bbox 2313 1857 2496 1926; x_wconf 88' lang='lat' dir='ltr'><strong>posse</strong></span> <span class='ocrx_word' id='word_1_126' title='bbox 2521 1837 2723 1904; x_wconf 75' lang='lat' dir='ltr'><strong>ferri:</strong></span> 
     </span>
     <span class='ocr_line' id='line_1_16' title="bbox 345 1942 2725 2032; baseline -0.002 -20"><span class='ocrx_word' id='word_1_127' title='bbox 345 1955 493 2012; x_wconf 90' lang='lat' dir='ltr'><strong>nota</strong></span> <span class='ocrx_word' id='word_1_128' title='bbox 519 1944 833 2031; x_wconf 82' lang='lat' dir='ltr'><strong>adjectiva</strong></span> <span class='ocrx_word' id='word_1_129' title='bbox 860 1955 1012 2011; x_wconf 84' lang='lat' dir='ltr'><strong>sunt</strong></span> <span class='ocrx_word' id='word_1_130' title='bbox 1039 1943 1370 2026; x_wconf 84' lang='grc' dir='ltr'><strong><em>ὑτόχρυσος</em></strong></span> <span class='ocrx_word' id='word_1_131' title='bbox 1398 1954 1460 2009; x_wconf 88' lang='lat' dir='ltr'><strong>et</strong></span> <span class='ocrx_word' id='word_1_132' title='bbox 1489 1945 1815 2025; x_wconf 76' lang='grc' dir='ltr'><strong><em>ἐπίχρυσος</em></strong></span> <span class='ocrx_word' id='word_1_133' title='bbox 1839 1994 1857 2022; x_wconf 86' lang='grc'><em>,</em></span> <span class='ocrx_word' id='word_1_134' title='bbox 1886 1963 2050 2031; x_wconf 88' lang='lat' dir='ltr'><strong>quae</strong></span> <span class='ocrx_word' id='word_1_135' title='bbox 2075 1944 2233 2032; x_wconf 83' lang='lat' dir='ltr'><strong>quid</strong></span> <span class='ocrx_word' id='word_1_136' title='bbox 2259 1942 2563 2010; x_wconf 80' lang='lat' dir='ltr'><strong>differant</strong></span> <span class='ocrx_word' id='word_1_137' title='bbox 2587 1962 2725 2008; x_wconf 90' lang='lat' dir='ltr'><strong>non</strong></span> 
     </span>
     <span class='ocr_line' id='line_1_17' title="bbox 344 2048 2723 2136; baseline 0 -21"><span class='ocrx_word' id='word_1_138' title='bbox 344 2071 503 2136; x_wconf 84' lang='lat' dir='ltr'><strong>opus</strong></span> <span class='ocrx_word' id='word_1_139' title='bbox 528 2059 626 2117; x_wconf 85' lang='lat' dir='ltr'><strong>est</strong></span> <span class='ocrx_word' id='word_1_140' title='bbox 650 2049 883 2115; x_wconf 81' lang='lat' dir='ltr'><strong>dicere.</strong></span> <span class='ocrx_word' id='word_1_141' title='bbox 914 2051 1291 2116; x_wconf 84' lang='lat' dir='ltr'><strong>Rectissime</strong></span> <span class='ocrx_word' id='word_1_142' title='bbox 1316 2048 1491 2113; x_wconf 78' lang='lat' dir='ltr'><strong>Plato</strong></span> <span class='ocrx_word' id='word_1_143' title='bbox 1517 2049 1581 2115; x_wconf 89' lang='lat' dir='ltr'><strong>in</strong></span> <span class='ocrx_word' id='word_1_144' title='bbox 1613 2049 1957 2135; x_wconf 85' lang='lat' dir='ltr'><strong>Republica</strong></span> <span class='ocrx_word' id='word_1_145' title='bbox 1978 2050 2083 2117; x_wconf 79' lang='lat' dir='ltr'><strong>lv,</strong></span> <span class='ocrx_word' id='word_1_146' title='bbox 2105 2072 2164 2136; x_wconf 88' lang='lat' dir='ltr'><strong>p.</strong></span> <span class='ocrx_word' id='word_1_147' title='bbox 2184 2057 2338 2117; x_wconf 78' lang='lat'><strong>415.</strong></span> <span class='ocrx_word' id='word_1_148' title='bbox 2357 2049 2403 2115; x_wconf 87' lang='lat' dir='ltr'>C</span> <span class='ocrx_word' id='word_1_149' title='bbox 2420 2048 2723 2115; x_wconf 84' lang='lat' dir='ltr'><strong>homines</strong></span> 
     </span>
     <span class='ocr_line' id='line_1_18' title="bbox 343 2153 2719 2237; baseline 0 -16"><span class='ocrx_word' id='word_1_150' title='bbox 343 2153 574 2222; x_wconf 85' lang='lat' dir='ltr'><strong>dividit</strong></span> <span class='ocrx_word' id='word_1_151' title='bbox 642 2155 707 2219; x_wconf 92' lang='lat' dir='ltr'><strong>in</strong></span> <span class='ocrx_word' id='word_1_152' title='bbox 771 2155 1188 2236; x_wconf 85' lang='grc' dir='ltr'><strong><em>ὑποχρύσους,</em></strong></span> <span class='ocrx_word' id='word_1_153' title='bbox 1251 2154 1675 2235; x_wconf 74' lang='grc' dir='ltr'><strong><em>ὑπαργύρους,</em></strong></span> <span class='ocrx_word' id='word_1_154' title='bbox 1742 2156 2138 2237; x_wconf 75' lang='grc' dir='ltr'><strong><em>ὑποχοὶλκους</em></strong></span> <span class='ocrx_word' id='word_1_155' title='bbox 2182 2165 2248 2223; x_wconf 82' lang='lat' dir='ltr'><strong>et</strong></span> <span class='ocrx_word' id='word_1_156' title='bbox 2292 2157 2719 2235; x_wconf 73' lang='grc' dir='ltr'><strong><em>ὑποσιδήρους,</em></strong></span> 
     </span>
     <span class='ocr_line' id='line_1_19' title="bbox 344 2259 2715 2347; baseline 0.001 -21"><span class='ocrx_word' id='word_1_157' title='bbox 344 2265 453 2347; x_wconf 91' lang='lat' dir='ltr'><strong>qui</strong></span> <span class='ocrx_word' id='word_1_158' title='bbox 517 2259 819 2345; x_wconf 86' lang='lat' dir='ltr'><strong>deinceps</strong></span> <span class='ocrx_word' id='word_1_159' title='bbox 881 2268 1075 2325; x_wconf 80' lang='lat' dir='ltr'><strong>erunt</strong></span> <span class='ocrx_word' id='word_1_160' title='bbox 1135 2260 1461 2342; x_wconf 83' lang='grc' dir='ltr'><strong><em>φύλακες,</em></strong></span> <span class='ocrx_word' id='word_1_161' title='bbox 1522 2261 1851 2344; x_wconf 77' lang='grc' dir='ltr'><strong><em>ἐπίκουροι,</em></strong></span> <span class='ocrx_word' id='word_1_162' title='bbox 1910 2262 2257 2345; x_wconf 75' lang='grc' dir='ltr'><strong><em>δημιουργοὶ</em></strong></span> <span class='ocrx_word' id='word_1_163' title='bbox 2308 2269 2373 2327; x_wconf 84' lang='lat' dir='ltr'><strong>et</strong></span> <span class='ocrx_word' id='word_1_164' title='bbox 2418 2261 2715 2343; x_wconf 73' lang='grc' dir='ltr'><strong><em>γεωργοί.</em></strong></span> 
     </span>
     <span class='ocr_line' id='line_1_20' title="bbox 342 2365 2716 2453; baseline -0 -22"><span class='ocrx_word' id='word_1_165' title='bbox 342 2366 672 2432; x_wconf 83' lang='lat' dir='ltr'><strong>Vocantur</strong></span> <span class='ocrx_word' id='word_1_166' title='bbox 734 2366 935 2449; x_wconf 83' lang='lat' dir='ltr'><strong>igitur</strong></span> <span class='ocrx_word' id='word_1_167' title='bbox 995 2384 1033 2430; x_wconf 89' lang='lat' dir='ltr'><strong>a</strong></span> <span class='ocrx_word' id='word_1_168' title='bbox 1093 2365 1353 2430; x_wconf 87' lang='lat' dir='ltr'><strong>Platone</strong></span> <span class='ocrx_word' id='word_1_169' title='bbox 1415 2365 1787 2447; x_wconf 88' lang='grc' dir='ltr'><strong><em>ὑπόχρυσοι,</em></strong></span> <span class='ocrx_word' id='word_1_170' title='bbox 1858 2387 2134 2453; x_wconf 86' lang='lat' dir='ltr'><strong>quorum</strong></span> <span class='ocrx_word' id='word_1_171' title='bbox 2196 2385 2548 2453; x_wconf 80' lang='lat' dir='ltr'><strong>generosae</strong></span> <span class='ocrx_word' id='word_1_172' title='bbox 2609 2367 2716 2431; x_wconf 90' lang='lat' dir='ltr'><strong>in-</strong></span> 
     </span>
     <span class='ocr_line' id='line_1_21' title="bbox 341 2469 2720 2556; baseline 0 -19"><span class='ocrx_word' id='word_1_173' title='bbox 341 2470 469 2537; x_wconf 84' lang='lat' dir='ltr'><strong>doli</strong></span> <span class='ocrx_word' id='word_1_174' title='bbox 518 2470 743 2537; x_wconf 84' lang='lat' dir='ltr'><strong>melior</strong></span> <span class='ocrx_word' id='word_1_175' title='bbox 790 2478 1020 2537; x_wconf 87' lang='lat' dir='ltr'><strong>natura</strong></span> <span class='ocrx_word' id='word_1_176' title='bbox 1069 2469 1252 2556; x_wconf 85' lang='lat' dir='ltr'><strong>quasi</strong></span> <span class='ocrx_word' id='word_1_177' title='bbox 1304 2488 1537 2537; x_wconf 88' lang='lat' dir='ltr'><strong>aurum</strong></span> <span class='ocrx_word' id='word_1_178' title='bbox 1588 2470 1957 2539; x_wconf 72' lang='lat' dir='ltr'><strong>admiscuit.</strong></span> <span class='ocrx_word' id='word_1_179' title='bbox 2051 2470 2291 2540; x_wconf 88' lang='lat' dir='ltr'><strong>Eodem</strong></span> <span class='ocrx_word' id='word_1_180' title='bbox 2342 2471 2475 2539; x_wconf 77' lang='lat' dir='ltr'><strong>fere</strong></span> <span class='ocrx_word' id='word_1_181' title='bbox 2526 2470 2720 2538; x_wconf 90' lang='lat' dir='ltr'><strong>modo</strong></span> 
     </span>
     <span class='ocr_line' id='line_1_22' title="bbox 334 2574 2723 2665; baseline 0 -22"><span class='ocrx_word' id='word_1_182' title='bbox 334 2585 557 2665; x_wconf 87' lang='lat' dir='ltr'><strong>poetae</strong></span> <span class='ocrx_word' id='word_1_183' title='bbox 618 2584 682 2642; x_wconf 90' lang='lat' dir='ltr'><strong>et</strong></span> <span class='ocrx_word' id='word_1_184' title='bbox 745 2584 1066 2654; x_wconf 86' lang='lat' dir='ltr'><strong>oratores,</strong></span> <span class='ocrx_word' id='word_1_185' title='bbox 1135 2574 1389 2662; x_wconf 86' lang='lat' dir='ltr'><strong>quibus.</strong></span> <span class='ocrx_word' id='word_1_186' title='bbox 1432 2576 1523 2642; x_wconf 90' lang='lat' dir='ltr'><strong>nil</strong></span> <span class='ocrx_word' id='word_1_187' title='bbox 1589 2578 1739 2643; x_wconf 83' lang='lat' dir='ltr'><strong>salit</strong></span> <span class='ocrx_word' id='word_1_188' title='bbox 1808 2579 1983 2645; x_wconf 85' lang='lat' dir='ltr'><strong>laeva</strong></span> <span class='ocrx_word' id='word_1_189' title='bbox 2033 2580 2097 2643; x_wconf 91' lang='lat' dir='ltr'><strong>in</strong></span> <span class='ocrx_word' id='word_1_190' title='bbox 2161 2588 2341 2665; x_wconf 89' lang='lat' dir='ltr'><strong>parte</strong></span> <span class='ocrx_word' id='word_1_191' title='bbox 2390 2576 2723 2644; x_wconf 84' lang='lat' dir='ltr'><strong>mamillae</strong></span> 
     </span>
     <span class='ocr_line' id='line_1_23' title="bbox 334 2680 2723 2772; baseline 0.001 -24"><span class='ocrx_word' id='word_1_192' title='bbox 334 2680 622 2759; x_wconf 78' lang='grc' dir='ltr'><strong><em>ὑπόξυλοι</em></strong></span> <span class='ocrx_word' id='word_1_193' title='bbox 672 2690 1018 2758; x_wconf 80' lang='lat' dir='ltr'><strong>vocantur,</strong></span> <span class='ocrx_word' id='word_1_194' title='bbox 1064 2701 1193 2767; x_wconf 87' lang='lat' dir='ltr'><strong>qua</strong></span> <span class='ocrx_word' id='word_1_195' title='bbox 1234 2680 1312 2747; x_wconf 90' lang='lat' dir='ltr'><strong>de</strong></span> <span class='ocrx_word' id='word_1_196' title='bbox 1340 2700 1407 2747; x_wconf 87' lang='lat' dir='ltr'><strong>re</strong></span> <span class='ocrx_word' id='word_1_197' title='bbox 1445 2692 1667 2747; x_wconf 90' lang='lat' dir='ltr'><strong>notum</strong></span> <span class='ocrx_word' id='word_1_198' title='bbox 1717 2692 1815 2750; x_wconf 83' lang='lat' dir='ltr'><strong>est</strong></span> <span class='ocrx_word' id='word_1_199' title='bbox 1863 2682 2019 2769; x_wconf 87' lang='lat' dir='ltr'><strong>quid</strong></span> <span class='ocrx_word' id='word_1_200' title='bbox 2068 2684 2403 2770; x_wconf 76' lang='lat' dir='ltr'><strong>scripserit</strong></span> <span class='ocrx_word' id='word_1_201' title='bbox 2435 2682 2723 2772; x_wconf 78' lang='lat' dir='ltr'><strong>Phryni-</strong></span> 
     </span>
     <span class='ocr_line' id='line_1_24' title="bbox 334 2784 2719 2874; baseline 0.002 -25"><span class='ocrx_word' id='word_1_202' title='bbox 334 2787 535 2866; x_wconf 83' lang='lat' dir='ltr'><strong>chus,</strong></span> <span class='ocrx_word' id='word_1_203' title='bbox 601 2788 788 2852; x_wconf 90' lang='lat' dir='ltr'><strong>cuius</strong></span> <span class='ocrx_word' id='word_1_204' title='bbox 858 2784 1066 2852; x_wconf 89' lang='lat' dir='ltr'><strong>locum</strong></span> <span class='ocrx_word' id='word_1_205' title='bbox 1132 2787 1494 2852; x_wconf 84' lang='lat' dir='ltr'><strong>examinavi</strong></span> <span class='ocrx_word' id='word_1_206' title='bbox 1569 2787 1632 2851; x_wconf 91' lang='lat' dir='ltr'><strong>in</strong></span> <span class='ocrx_word' id='word_1_207' title='bbox 1714 2788 2188 2874; x_wconf 81' lang='lat' dir='ltr'><strong>Prolegomenis</strong></span> <span class='ocrx_word' id='word_1_208' title='bbox 2256 2788 2336 2854; x_wconf 85' lang='lat' dir='ltr'><strong>ad</strong></span> <span class='ocrx_word' id='word_1_209' title='bbox 2410 2786 2719 2854; x_wconf 85' lang='lat' dir='ltr'><strong>Photium</strong></span> 
     </span>
     <span class='ocr_line' id='line_1_25' title="bbox 336 2889 2721 2980; baseline 0 -21"><span class='ocrx_word' id='word_1_210' title='bbox 336 2913 398 2980; x_wconf 86' lang='lat' dir='ltr'><strong>p.</strong></span> <span class='ocrx_word' id='word_1_211' title='bbox 451 2896 558 2959; x_wconf 73' lang='lat'><strong>26.</strong></span> <span class='ocrx_word' id='word_1_212' title='bbox 616 2891 876 2978; x_wconf 85' lang='lat' dir='ltr'><strong>Proprie</strong></span> <span class='ocrx_word' id='word_1_213' title='bbox 923 2889 1222 2968; x_wconf 74' lang='grc' dir='ltr'><strong>ὑπόξυλον</strong></span> <span class='ocrx_word' id='word_1_214' title='bbox 1259 2901 1356 2957; x_wconf 84' lang='lat' dir='ltr'><strong>est</strong></span> <span class='ocrx_word' id='word_1_215' title='bbox 1398 2893 1468 2957; x_wconf 83' lang='grc' dir='ltr'><strong>ἐκ</strong></span> <span class='ocrx_word' id='word_1_216' title='bbox 1506 2891 1690 2969; x_wconf 78' lang='grc' dir='ltr'><strong><em>ξύλου</em></strong></span> <span class='ocrx_word' id='word_1_217' title='bbox 1734 2899 1946 2967; x_wconf 77' lang='grc' dir='ltr'><strong><em>σκεῦος</em></strong></span> <span class='ocrx_word' id='word_1_218' title='bbox 1988 2889 2031 2975; x_wconf 76' lang='grc' dir='ltr'><strong><em>ᾧ</em></strong></span> <span class='ocrx_word' id='word_1_219' title='bbox 2076 2896 2374 2969; x_wconf 76' lang='grc' dir='ltr'><strong><em>ἐπιπολῆς</em></strong></span> <span class='ocrx_word' id='word_1_220' title='bbox 2398 2894 2721 2969; x_wconf 75' lang='grc' dir='ltr'><strong><em>ἐλήλαται</em></strong></span> 
     </span>
     <span class='ocr_line' id='line_1_26' title="bbox 333 2994 2718 3082; baseline 0.001 -19"><span class='ocrx_word' id='word_1_221' title='bbox 333 2996 609 3080; x_wconf 72' lang='grc' dir='ltr'><strong><em>ἄργυρος.</em></strong></span> <span class='ocrx_word' id='word_1_222' title='bbox 709 2997 873 3062; x_wconf 85' lang='lat' dir='ltr'><strong>Hinc</strong></span> <span class='ocrx_word' id='word_1_223' title='bbox 923 2996 1356 3082; x_wconf 84' lang='lat' dir='ltr'><strong>metaphorice</strong></span> <span class='ocrx_word' id='word_1_224' title='bbox 1405 2994 1648 3063; x_wconf 78' lang='lat' dir='ltr'><strong>dicitur</strong></span> <span class='ocrx_word' id='word_1_225' title='bbox 1696 2997 1796 3062; x_wconf 79' lang='grc' dir='ltr'><strong><em>ἐπὶ</em></strong></span> <span class='ocrx_word' id='word_1_226' title='bbox 1846 3004 2148 3080; x_wconf 78' lang='grc' dir='ltr'><strong><em>λαμπρῶν</em></strong></span> <span class='ocrx_word' id='word_1_227' title='bbox 2196 2999 2309 3077; x_wconf 78' lang='grc' dir='ltr'><strong>μὲν</strong></span> <span class='ocrx_word' id='word_1_228' title='bbox 2351 2996 2564 3076; x_wconf 78' lang='grc' dir='ltr'><strong><em>ἔξωθεν</em></strong></span> <span class='ocrx_word' id='word_1_229' title='bbox 2608 2999 2718 3065; x_wconf 79' lang='grc' dir='ltr'><strong>καὶ</strong></span> 
     </span>
     <span class='ocr_line' id='line_1_27' title="bbox 336 3100 2720 3181; baseline 0.002 -15"><span class='ocrx_word' id='word_1_230' title='bbox 336 3104 643 3178; x_wconf 75' lang='grc' dir='ltr'><strong><em>ἐπιεικῶν,</em></strong></span> <span class='ocrx_word' id='word_1_231' title='bbox 708 3108 969 3180; x_wconf 77' lang='grc' dir='ltr'><strong><em>πονηρῶν</em></strong></span> <span class='ocrx_word' id='word_1_232' title='bbox 1030 3102 1092 3167; x_wconf 75' lang='grc' dir='ltr'><strong>δὲ</strong></span> <span class='ocrx_word' id='word_1_233' title='bbox 1151 3101 1238 3169; x_wconf 72' lang='grc' dir='ltr'><strong>τα</strong></span> <span class='ocrx_word' id='word_1_234' title='bbox 1301 3101 1479 3167; x_wconf 81' lang='grc' dir='ltr'><strong><em>ἔνδον.</em></strong></span> <span class='ocrx_word' id='word_1_235' title='bbox 1575 3100 1695 3181; x_wconf 87' lang='lat' dir='ltr'><strong>Qui</strong></span> <span class='ocrx_word' id='word_1_236' title='bbox 1763 3102 2051 3180; x_wconf 76' lang='grc' dir='ltr'><strong><em>ὑπόξυλοι</em></strong></span> <span class='ocrx_word' id='word_1_237' title='bbox 2109 3113 2260 3169; x_wconf 86' lang='lat' dir='ltr'><strong>suut</strong></span> <span class='ocrx_word' id='word_1_238' title='bbox 2312 3103 2506 3169; x_wconf 86' lang='lat' dir='ltr'><strong>iidem</strong></span> <span class='ocrx_word' id='word_1_239' title='bbox 2558 3114 2720 3171; x_wconf 81' lang='lat' dir='ltr'><strong>sunt</strong></span> 
     </span>
     <span class='ocr_line' id='line_1_28' title="bbox 336 3205 2716 3296; baseline 0.001 -23"><span class='ocrx_word' id='word_1_240' title='bbox 336 3207 665 3290; x_wconf 71' lang='grc' dir='ltr'><strong><em>ἐπαργυροι</em></strong></span> <span class='ocrx_word' id='word_1_241' title='bbox 713 3205 810 3273; x_wconf 83' lang='lat' dir='ltr'><strong>vei</strong></span> <span class='ocrx_word' id='word_1_242' title='bbox 849 3206 1193 3287; x_wconf 76' lang='grc' dir='ltr'><strong><em>ἐπίχρυσοι.</em></strong></span> <span class='ocrx_word' id='word_1_243' title='bbox 1258 3205 1432 3271; x_wconf 84' lang='lat' dir='ltr'><strong>Nihil</strong></span> <span class='ocrx_word' id='word_1_244' title='bbox 1475 3207 1714 3273; x_wconf 85' lang='lat' dir='ltr'><strong>erravit</strong></span> <span class='ocrx_word' id='word_1_245' title='bbox 1757 3206 2167 3288; x_wconf 79' lang='lat' dir='ltr'><strong>Heliodorus,</strong></span> <span class='ocrx_word' id='word_1_246' title='bbox 2222 3228 2422 3295; x_wconf 81' lang='lat' dir='ltr'><strong>quum</strong></span> <span class='ocrx_word' id='word_1_247' title='bbox 2469 3230 2530 3296; x_wconf 87' lang='lat' dir='ltr'><strong>p.</strong></span> <span class='ocrx_word' id='word_1_248' title='bbox 2559 3215 2716 3276; x_wconf 80' lang='lat'><strong>271.</strong></span> 
     </span>
     <span class='ocr_line' id='line_1_29' title="bbox 338 3310 2715 3396; baseline 0.001 -19"><span class='ocrx_word' id='word_1_249' title='bbox 338 3316 423 3377; x_wconf 77' lang='lat'><strong>46</strong></span> <span class='ocrx_word' id='word_1_250' title='bbox 471 3310 864 3377; x_wconf 78' lang='lat' dir='ltr'><strong>describeret</strong></span> <span class='ocrx_word' id='word_1_251' title='bbox 908 3311 1092 3377; x_wconf 75' lang='grc' dir='ltr'><strong><em>ἵππον</em></strong></span> <span class='ocrx_word' id='word_1_252' title='bbox 1144 3313 1646 3392; x_wconf 76' lang='grc' dir='ltr'><strong><em>προμετωπιδίοις</em></strong></span> <span class='ocrx_word' id='word_1_253' title='bbox 1704 3314 1985 3394; x_wconf 71' lang='grc' dir='ltr'><strong><em>ἀργυροῖς</em></strong></span> <span class='ocrx_word' id='word_1_254' title='bbox 2036 3316 2140 3379; x_wconf 79' lang='grc' dir='ltr'><strong>καὶ</strong></span> <span class='ocrx_word' id='word_1_255' title='bbox 2180 3313 2536 3396; x_wconf 76' lang='grc' dir='ltr'><strong><em>ἐπιχρύσοις</em></strong></span> <span class='ocrx_word' id='word_1_256' title='bbox 2581 3313 2715 3392; x_wconf 76' lang='grc' dir='ltr'><strong>ἐξη-</strong></span> 
     </span>
     <span class='ocr_line' id='line_1_30' title="bbox 334 3415 2714 3507; baseline 0.003 -25"><span class='ocrx_word' id='word_1_257' title='bbox 334 3416 664 3496; x_wconf 79' lang='grc' dir='ltr'><strong><em>σκημένην.</em></strong></span> <span class='ocrx_word' id='word_1_258' title='bbox 762 3415 980 3483; x_wconf 86' lang='lat' dir='ltr'><strong>Cornu</strong></span> <span class='ocrx_word' id='word_1_259' title='bbox 1030 3415 1208 3482; x_wconf 80' lang='lat' dir='ltr'><strong>bovis</strong></span> <span class='ocrx_word' id='word_1_260' title='bbox 1256 3417 1587 3497; x_wconf 75' lang='grc' dir='ltr'><strong><em>ἐπίχρυσον</em></strong></span> <span class='ocrx_word' id='word_1_261' title='bbox 1632 3428 1732 3483; x_wconf 88' lang='lat' dir='ltr'><strong>est</strong></span> <span class='ocrx_word' id='word_1_262' title='bbox 1787 3439 1844 3505; x_wconf 80' lang='lat' dir='ltr'><strong>p.</strong></span> <span class='ocrx_word' id='word_1_263' title='bbox 1874 3424 2027 3485; x_wconf 73' lang='grc'><strong>270.</strong></span> <span class='ocrx_word' id='word_1_264' title='bbox 2073 3424 2189 3496; x_wconf 79' lang='lat'><strong>52,</strong></span> <span class='ocrx_word' id='word_1_265' title='bbox 2233 3417 2425 3487; x_wconf 72' lang='grc' dir='ltr'><strong><em>ὅπλον</em></strong></span> <span class='ocrx_word' id='word_1_266' title='bbox 2467 3441 2528 3507; x_wconf 84' lang='lat' dir='ltr'><strong>p.</strong></span> <span class='ocrx_word' id='word_1_267' title='bbox 2558 3425 2714 3488; x_wconf 81' lang='lat'><strong>580.</strong></span> 
     </span>
     <span class='ocr_line' id='line_1_31' title="bbox 341 3519 2732 3609; baseline 0.002 -22"><span class='ocrx_word' id='word_1_268' title='bbox 341 3529 412 3599; x_wconf 88' lang='lat'><strong>1,</strong></span> <span class='ocrx_word' id='word_1_269' title='bbox 458 3519 632 3599; x_wconf 78' lang='grc' dir='ltr'><strong><em>τόξον</em></strong></span> <span class='ocrx_word' id='word_1_270' title='bbox 680 3542 741 3608; x_wconf 90' lang='lat' dir='ltr'><strong>p.</strong></span> <span class='ocrx_word' id='word_1_271' title='bbox 792 3525 945 3587; x_wconf 87' lang='grc'><strong>273.</strong></span> <span class='ocrx_word' id='word_1_272' title='bbox 998 3527 1035 3586; x_wconf 81' lang='lat'>3</span> <span class='ocrx_word' id='word_1_273' title='bbox 1084 3530 1149 3588; x_wconf 81' lang='lat' dir='ltr'><strong>et</strong></span> <span class='ocrx_word' id='word_1_274' title='bbox 1185 3530 1453 3609; x_wconf 84' lang='lat' dir='ltr'><strong>apparet</strong></span> <span class='ocrx_word' id='word_1_275' title='bbox 1494 3521 1866 3589; x_wconf 86' lang='lat' dir='ltr'><strong>Charicleae</strong></span> <span class='ocrx_word' id='word_1_276' title='bbox 1907 3543 2129 3590; x_wconf 88' lang='lat' dir='ltr'><strong>arcum</strong></span> <span class='ocrx_word' id='word_1_277' title='bbox 2175 3524 2373 3592; x_wconf 77' lang='lat' dir='ltr'><strong>fuisse</strong></span> <span class='ocrx_word' id='word_1_278' title='bbox 2413 3526 2606 3592; x_wconf 89' lang='lat' dir='ltr'><strong>simul</strong></span> <span class='ocrx_word' id='word_1_279' title='bbox 2647 3533 2732 3607; x_wconf 62' lang='lat' dir='ltr'><strong>et,</strong></span> 
     </span>
     <span class='ocr_line' id='line_1_32' title="bbox 337 3626 2714 3716; baseline 0.002 -24"><span class='ocrx_word' id='word_1_280' title='bbox 337 3627 663 3708; x_wconf 79' lang='grc' dir='ltr'><strong><em>ἐπίχρυσον</em></strong></span> <span class='ocrx_word' id='word_1_281' title='bbox 710 3634 775 3692; x_wconf 88' lang='lat' dir='ltr'><strong>et</strong></span> <span class='ocrx_word' id='word_1_282' title='bbox 821 3627 1137 3705; x_wconf 79' lang='grc' dir='ltr'><strong><em>ὑπόξυλον.</em></strong></span> <span class='ocrx_word' id='word_1_283' title='bbox 1234 3626 1551 3693; x_wconf 79' lang='lat' dir='ltr'><strong>Laudatos</strong></span> <span class='ocrx_word' id='word_1_284' title='bbox 1599 3626 1779 3694; x_wconf 89' lang='lat' dir='ltr'><strong>video</strong></span> <span class='ocrx_word' id='word_1_285' title='bbox 1829 3631 1892 3693; x_wconf 92' lang='lat' dir='ltr'><strong>in</strong></span> <span class='ocrx_word' id='word_1_286' title='bbox 1943 3629 2248 3716; x_wconf 85' lang='lat' dir='ltr'><strong>Stephani</strong></span> <span class='ocrx_word' id='word_1_287' title='bbox 2294 3630 2628 3697; x_wconf 83' lang='lat' dir='ltr'><strong>Thesauro</strong></span> <span class='ocrx_word' id='word_1_288' title='bbox 2676 3650 2714 3696; x_wconf 87' lang='lat' dir='ltr'><strong>e</strong></span> 
     </span>
     <span class='ocr_line' id='line_1_33' title="bbox 341 3732 2710 3821; baseline 0.001 -22"><span class='ocrx_word' id='word_1_289' title='bbox 341 3732 602 3799; x_wconf 80' lang='lat' dir='ltr'><strong>Philone</strong></span> <span class='ocrx_word' id='word_1_290' title='bbox 666 3733 1046 3813; x_wconf 71' lang='grc' dir='ltr'><strong><em>ὑπαργύρους</em></strong></span> <span class='ocrx_word' id='word_1_291' title='bbox 1105 3732 1210 3799; x_wconf 78' lang='grc' dir='ltr'><strong>καὶ</strong></span> <span class='ocrx_word' id='word_1_292' title='bbox 1275 3734 1655 3816; x_wconf 88' lang='grc' dir='ltr'><strong><em>ὑποχρύσους</em></strong></span> <span class='ocrx_word' id='word_1_293' title='bbox 1704 3735 1905 3813; x_wconf 77' lang='grc' dir='ltr'><strong><em>θεούς,</em></strong></span> <span class='ocrx_word' id='word_1_294' title='bbox 1968 3756 2130 3821; x_wconf 87' lang='lat' dir='ltr'><strong>quos</strong></span> <span class='ocrx_word' id='word_1_295' title='bbox 2177 3738 2558 3819; x_wconf 75' lang='grc' dir='ltr'><strong><em>ἐπαργύρους</em></strong></span> <span class='ocrx_word' id='word_1_296' title='bbox 2603 3738 2710 3804; x_wconf 79' lang='grc' dir='ltr'><strong>καὶ</strong></span> 
     </span>
     <span class='ocr_line' id='line_1_34' title="bbox 339 3836 2710 3925; baseline 0.002 -22"><span class='ocrx_word' id='word_1_297' title='bbox 339 3838 704 3917; x_wconf 76' lang='grc' dir='ltr'><strong><em>ἐπιχρύσους</em></strong></span> <span class='ocrx_word' id='word_1_298' title='bbox 769 3836 970 3903; x_wconf 83' lang='lat' dir='ltr'><strong>fuisse</strong></span> <span class='ocrx_word' id='word_1_299' title='bbox 1031 3838 1323 3925; x_wconf 87' lang='lat' dir='ltr'><strong>conjicio.</strong></span> <span class='ocrx_word' id='word_1_300' title='bbox 1422 3837 1544 3904; x_wconf 88' lang='lat' dir='ltr'><strong>Sed</strong></span> <span class='ocrx_word' id='word_1_301' title='bbox 1602 3839 1830 3907; x_wconf 90' lang='lat' dir='ltr'><strong>horum</strong></span> <span class='ocrx_word' id='word_1_302' title='bbox 1879 3844 2167 3907; x_wconf 89' lang='lat' dir='ltr'><strong>omnium</strong></span> <span class='ocrx_word' id='word_1_303' title='bbox 2215 3842 2374 3908; x_wconf 90' lang='lat' dir='ltr'><strong>nibil</strong></span> <span class='ocrx_word' id='word_1_304' title='bbox 2420 3842 2598 3910; x_wconf 85' lang='lat' dir='ltr'><strong>cadit</strong></span> <span class='ocrx_word' id='word_1_305' title='bbox 2643 3845 2710 3908; x_wconf 90' lang='lat' dir='ltr'><strong>in</strong></span> 
     </span>
     <span class='ocr_line' id='line_1_35' title="bbox 341 3940 2708 4029; baseline 0.003 -22"><span class='ocrx_word' id='word_1_306' title='bbox 341 3941 577 4007; x_wconf 91' lang='lat' dir='ltr'><strong>bonum</strong></span> <span class='ocrx_word' id='word_1_307' title='bbox 628 3940 1025 4009; x_wconf 85' lang='lat' dir='ltr'><strong>Nausiclem:</strong></span> <span class='ocrx_word' id='word_1_308' title='bbox 1094 3963 1301 4029; x_wconf 83' lang='lat' dir='ltr'><strong>neque</strong></span> <span class='ocrx_word' id='word_1_309' title='bbox 1353 3952 1496 4010; x_wconf 86' lang='lat' dir='ltr'><strong>erat</strong></span> <span class='ocrx_word' id='word_1_310' title='bbox 1543 3944 1884 4026; x_wconf 84' lang='grc' dir='ltr'><strong><em>ὑπόχρυσος</em></strong></span> <span class='ocrx_word' id='word_1_311' title='bbox 1930 3947 2284 4014; x_wconf 90' lang='lat' dir='ltr'><strong>secundum</strong></span> <span class='ocrx_word' id='word_1_312' title='bbox 2340 3948 2708 4025; x_wconf 86' lang='lat' dir='ltr'><strong>Platonem,</strong></span> 
     </span>
     <span class='ocr_line' id='line_1_36' title="bbox 341 4047 2711 4139; baseline 0.003 -28"><span class='ocrx_word' id='word_1_313' title='bbox 341 4065 547 4132; x_wconf 87' lang='lat' dir='ltr'><strong>neque</strong></span> <span class='ocrx_word' id='word_1_314' title='bbox 594 4047 954 4128; x_wconf 78' lang='grc' dir='ltr'><strong><em>ἐπίχρυσος,</em></strong></span> <span class='ocrx_word' id='word_1_315' title='bbox 1005 4049 1196 4114; x_wconf 84' lang='lat' dir='ltr'><strong>sicuti</strong></span> <span class='ocrx_word' id='word_1_316' title='bbox 1247 4048 1560 4135; x_wconf 87' lang='lat' dir='ltr'><strong>quaedam</strong></span> <span class='ocrx_word' id='word_1_317' title='bbox 1602 4048 1866 4117; x_wconf 86' lang='lat' dir='ltr'><strong>deorum</strong></span> <span class='ocrx_word' id='word_1_318' title='bbox 1911 4060 2200 4123; x_wconf 84' lang='lat' dir='ltr'><strong>statuae.</strong></span> <span class='ocrx_word' id='word_1_319' title='bbox 2251 4072 2416 4139; x_wconf 85' lang='lat' dir='ltr'><strong>quae</strong></span> <span class='ocrx_word' id='word_1_320' title='bbox 2450 4052 2711 4135; x_wconf 83' lang='grc' dir='ltr'><strong><em>ὄλόχρυ·</em></strong></span> 
     </span>
     <span class='ocr_line' id='line_1_37' title="bbox 340 4151 2708 4245; baseline 0.003 -27"><span class='ocrx_word' id='word_1_321' title='bbox 340 4175 431 4218; x_wconf 90' lang='grc' dir='ltr'><strong>σοι</strong></span> <span class='ocrx_word' id='word_1_322' title='bbox 482 4171 605 4216; x_wconf 89' lang='lat' dir='ltr'><strong>non</strong></span> <span class='ocrx_word' id='word_1_323' title='bbox 654 4160 806 4217; x_wconf 85' lang='lat' dir='ltr'><strong>sunt</strong></span> <span class='ocrx_word' id='word_1_324' title='bbox 854 4151 950 4217; x_wconf 88' lang='lat' dir='ltr'><strong>vel</strong></span> <span class='ocrx_word' id='word_1_325' title='bbox 988 4154 1393 4235; x_wconf 77' lang='grc' dir='ltr'><strong><em>σφυρήλατοι.</em></strong></span> <span class='ocrx_word' id='word_1_326' title='bbox 1466 4153 1590 4220; x_wconf 90' lang='lat' dir='ltr'><strong>Sed</strong></span> <span class='ocrx_word' id='word_1_327' title='bbox 1638 4155 1793 4241; x_wconf 82' lang='lat' dir='ltr'><strong>quid</strong></span> <span class='ocrx_word' id='word_1_328' title='bbox 1836 4177 2018 4223; x_wconf 90' lang='lat' dir='ltr'><strong>cesso</strong></span> <span class='ocrx_word' id='word_1_329' title='bbox 2057 4177 2272 4223; x_wconf 84' lang='lat' dir='ltr'><strong>veram</strong></span> <span class='ocrx_word' id='word_1_330' title='bbox 2316 4159 2708 4245; x_wconf 87' lang='lat' dir='ltr'><strong>scripturam</strong></span> 
     </span>
     <span class='ocr_line' id='line_1_38' title="bbox 344 4256 2713 4344; baseline 0.003 -21"><span class='ocrx_word' id='word_1_331' title='bbox 344 4256 679 4344; x_wconf 85' lang='lat' dir='ltr'><strong>promere?</strong></span> <span class='ocrx_word' id='word_1_332' title='bbox 761 4256 1094 4327; x_wconf 87' lang='lat' dir='ltr'><strong>Nausicles</strong></span> <span class='ocrx_word' id='word_1_333' title='bbox 1145 4267 1465 4324; x_wconf 88' lang='lat' dir='ltr'><strong>mercator</strong></span> <span class='ocrx_word' id='word_1_334' title='bbox 1514 4258 1634 4326; x_wconf 83' lang='lat' dir='ltr'><strong>suit</strong></span> <span class='ocrx_word' id='word_1_335' title='bbox 1683 4261 2227 4343; x_wconf 83' lang='grc' dir='ltr'><strong><em>πολύχρυσος.</em></strong></span> <span class='ocrx_word' id='word_1_336' title='bbox 2321 4262 2460 4329; x_wconf 85' lang='lat' dir='ltr'><strong>Non</strong></span> <span class='ocrx_word' id='word_1_337' title='bbox 2509 4266 2713 4330; x_wconf 88' lang='lat' dir='ltr'><strong>miror</strong></span> 
     </span>
     <span class='ocr_line' id='line_1_39' title="bbox 344 4360 2709 4455; baseline 0.001 -25"><span class='ocrx_word' id='word_1_338' title='bbox 344 4381 593 4430; x_wconf 87' lang='lat' dir='ltr'><strong>errasse</strong></span> <span class='ocrx_word' id='word_1_339' title='bbox 638 4360 967 4429; x_wconf 86' lang='lat' dir='ltr'><strong>librarios:</strong></span> <span class='ocrx_word' id='word_1_340' title='bbox 1018 4362 1167 4431; x_wconf 90' lang='lat' dir='ltr'><strong>olim</strong></span> <span class='ocrx_word' id='word_1_341' title='bbox 1215 4383 1467 4451; x_wconf 89' lang='lat' dir='ltr'><strong>quoque</strong></span> <span class='ocrx_word' id='word_1_342' title='bbox 1515 4376 1813 4433; x_wconf 82' lang='lat' dir='ltr'><strong>errarant</strong></span> <span class='ocrx_word' id='word_1_343' title='bbox 1861 4389 1921 4455; x_wconf 94' lang='lat' dir='ltr'><strong>p.</strong></span> <span class='ocrx_word' id='word_1_344' title='bbox 1951 4372 2102 4435; x_wconf 89' lang='grc'><strong>270.</strong></span> <span class='ocrx_word' id='word_1_345' title='bbox 2153 4373 2275 4448; x_wconf 77' lang='grc'><strong>52,</strong></span> <span class='ocrx_word' id='word_1_346' title='bbox 2323 4367 2494 4455; x_wconf 86' lang='lat' dir='ltr'><strong>quod</strong></span> <span class='ocrx_word' id='word_1_347' title='bbox 2541 4387 2709 4435; x_wconf 86' lang='lat' dir='ltr'><strong>nunc</strong></span> 
     </span>
    </p>
   </div>
   <div class='ocr_carea' id='block_1_3' title="bbox 2876 1230 2882 1923">
    <p class='ocr_par' dir='ltr' id='par_1_5' title="bbox 2876 1230 2882 1923">
     <span class='ocr_line' id='line_1_40' title="bbox 2876 1230 2882 1923; baseline 0 0"><span class='ocrx_word' id='word_1_348' title='bbox 2876 1230 2882 1923; x_wconf 95' lang='lat' dir='ltr'><strong> </strong></span> 
     </span>
    </p>
   </div>
  </div>
 </body>
</html>
