2934 5050
345 272 475 342 190
1349 290 1691 340 nomuncA.
2635 9 2857 377 -Ὶ

546 458 645 540 ἂψ
712 460 1007 531 Ὀδυσεὺς
1057 462 1228 525 κατὰ
1275 464 1478 539 κρᾶτα
1528 457 1974 540 καλυψάμενος
2032 457 2173 544 (Od.
2226 466 2304 522 Θ.
2354 456 2484 536 92.)

434 561 616 631 Iliad.
663 584 728 630 Δ.
780 563 931 630 567.
981 561 1169 630 ἆσσον
1216 566 1388 631 ianr:
1437 560 1531 629 ὅτι
1573 564 1894 639 Ζηνόδοτος
1933 563 2172 646 γράφει
2219 558 2449 630 ἆσσον
2493 562 2692 627 ἰόντε.

344 671 450 734 οὐκ
498 666 589 736 ἔςι
637 668 699 734 δὲ
746 671 894 735 άλλ’
941 671 1081 737 άντὶ
1130 676 1237 736 τοῦ
1282 671 1353 735 ἱό
1369 693 1497 735 ντο
1516 695 1563 742 ς.
1618 678 1864 751 συγχεῖ
1901 668 1962 735 δὲ
2009 670 2113 734 καὶ
2159 669 2228 733 τὸ
2273 668 2418 741 διός.
2481 666 2698 731 Emen-

341 774 460 840 da:
509 774 646 839 άντὶ
694 780 802 839 τοῦ
847 774 1055 841 ίόντΑ.
1104 784 1347 857 συγχεῖ
1390 776 1451 839 δὲ
1500 775 1603 839 καὶ
1651 774 1721 838 τὸ
1767 773 2079 850 δυϊκόν,
2124 795 2274 839 cum
2313 772 2618 838 Bekkero.

432 877 644 943 Facile
705 885 964 964 apparet
1008 901 1226 946 omnes
1270 880 1384 945 has
1428 879 1733 945 Zenodoti
1777 881 2119 963 scripturas
2164 879 2430 943 vitiosas
2470 897 2604 942 esse
2643 882 2702 940 et

342 1003 666 1067 perversas
682 1029 699 1059 ‚
764 985 873 1049 sed
933 1005 1057 1049 non
1116 987 1242 1069 ipsi
1301 984 1617 1051 Zenodoto
1675 983 2114 1068 imputandas,
2177 983 2290 1049 sed
2332 982 2516 1047 libris
2559 1001 2706 1066 quos

342 1088 721 1171 sequebatur
735 1135 754 1165 ‚
818 1089 887 1152 id
943 1109 1190 1174 quoque
1250 1092 1406 1154 satis
1465 1109 1763 1174 apparere
1808 1090 2097 1154 arbitror.
2187 1088 2251 1154 N
2251 1107 2336 1153 on
2375 1086 2491 1152 ille
2533 1087 2706 1152 bonis

341 1190 721 1258 lectionibus
780 1194 985 1259 malas
1040 1194 1457 1278 anteponebat
1474 1241 1493 1270 ,
1554 1195 1664 1259 sed
1707 1215 1835 1260 non
1876 1194 2149 1259 habebat
2190 1191 2509 1258 meliores.
2599 1189 2705 1256 Be-

342 1295 724 1380 prehendere
789 1302 1005 1363 autem
1065 1297 1458 1363 Zenodotum
1518 1298 1688 1383 quod
1743 1298 1862 1364 illa
1902 1302 2158 1364 vetusta
2199 1296 2516 1363 librorum
2558 1296 2706 1361 vitis

341 1420 466 1465 non
526 1401 791 1467 sustulit
831 1403 1091 1487 perinde
1137 1407 1232 1468 est
1276 1422 1348 1468 ac
1390 1405 1448 1467 si
1493 1406 1637 1487 quis
1681 1403 1879 1469 vellet
1920 1401 2315 1468 Zenodotum
2356 1404 2708 1486 vituperare

342 1504 511 1589 quod
554 1526 680 1571 non
723 1512 886 1571 esset
933 1506 1355 1573 Aristarchus.
1426 1505 1649 1593 Itaque
1695 1508 2017 1582 Ζηνόδοτος
2064 1505 2299 1588 γράφει
2340 1505 2510 1572 nihil
2545 1503 2710 1571 aliud

342 1607 660 1696 significat
722 1630 916 1694 quam
969 1611 1059 1675 sio
1101 1612 1384 1694 emptum
1430 1633 1553 1675 esse
1595 1614 1664 1677 in
1708 1612 2009 1679 Zenodoti
2053 1612 2330 1678 editione
2373 1631 2456 1676 ex
2497 1609 2704 1684 libris.

342 1716 454 1798 qui
498 1712 615 1779 illa
672 1720 878 1781 aetate
936 1716 1386 1800 suppetebant,
1451 1719 1820 1801 composita.
1915 1716 2147 1782 Omnia
2188 1716 2345 1781 haec
2388 1715 2710 1779 emendavit

342 1818 749 1885 Aristarchus
811 1827 876 1886 et
935 1820 1119 1886 libris
1184 1819 1375 1906 longe
1439 1819 1733 1904 pluribus
1794 1827 1858 1886 et
1916 1820 2290 1886 melioribus
2350 1820 2610 1885 adiutus
2649 1824 2710 1883 et

343 1943 497 1987 usus
554 1922 669 1989 illa
733 1924 1098 1990 admirabili
1155 1925 1454 2008 ἀγχινοίᾳ
1477 1974 1496 1999 ,
1558 1923 1764 2008 qualis
1805 1929 2246 2009 praeterquam
2288 1923 2360 1989 in
2403 1939 2710 1990 nmmo

344 2030 413 2090 in
457 2026 636 2094 nullo
684 2026 810 2094 alio
853 2048 1165 2113 nmquam
1208 2028 1352 2093 fuit.

436 2130 512 2195 In
556 2150 682 2196 uno
741 2136 993 2197 tantum
1051 2131 1203 2197 libri
1243 2135 1441 2217 primi
1483 2133 1622 2199 loco
1665 2135 2068 2200 Aristarchus
2110 2131 2500 2199 Zenodoteae
2539 2130 2714 2197 leoti-

344 2237 481 2300 onis
528 2234 1033 2301 emendationem
1079 2238 1406 2324 ingeniose
1450 2244 1516 2303 et
1561 2243 1744 2304 acute
1783 2241 2067 2304 instituit
2099 2239 2311 2325 mag-is
2347 2257 2544 2322 quam
2579 2255 2714 2321 pet·

343 2339 519 2404 fecit.
615 2338 799 2405 Iliad.
842 2359 906 2405 Δ.
958 2338 1107 2406 129.

1565 2445 1623 2510 εἴ
1665 2446 1734 2513 κέ
1779 2446 1913 2512 ποθι
1962 2445 2112 2517 Ζεύς

797 2550 939 2631 δῶσι
989 2550 1167 2616 πόλιν
1212 2551 1429 2630 Τροίην
1474 2551 1785 2630 εὐτείχεον
1829 2551 2257 2629 ἐξαλαπάξαι.
2337 2575 2356 2583 ·

433 2654 605 2719 Audi
648 2655 1123 2719 Aristarchum:
1188 2657 1250 2736 (ἦ
1301 2654 1490 2729 διπλῆ
1537 2656 1994 2743 περιεςιγμένη)
2043 2652 2135 2722 ὅτι
2182 2654 2507 2730 Ζηνόδοτος
2554 2654 2714 2734 ypi-

341 2765 451 2840 φει
498 2760 828 2839 Τροίην,
894 2761 971 2832 ὥς
1034 2760 1134 2824 ἐπὶ
1196 2763 1306 2836 τὴν
1346 2764 1534 2825 Ἴλιον
1576 2762 1944 2839 βουλόμενος
1993 2761 2275 2839 γενέσθαι
2320 2762 2432 2834 την
2477 2761 2712 2841 ἀναφο-

341 2864 472 2943 ράν.
521 2864 852 2938 άπιθάνως.
919 2864 1141 2938 ἄδηλον
1202 2867 1330 2946 γάρ
1377 2862 1445 2939 ἦν
1490 2868 1542 2932 εἷ
1592 2867 1825 2931 ἑλοῦσιν
1868 2867 2082 2940 αὐτήν.
2134 2863 2260 2934 ἔςιν
2306 2861 2405 2932 οὖν
2453 2867 2482 2931 ὅ
2525 2864 2714 2940 λόγος

343 2992 474 3047 περι
537 2973 688 3047 μιᾶς
750 2969 984 3039 πόλεως
1043 2971 1161 3034 τῶν
1222 2971 1551 3049 περιοίκων.
1599 2970 1842 3043 ταύτας
1891 2971 2016 3053 γάρ
2064 2968 2295 3050 ἐπόρθει
2341 2968 2712 3049 Ἀχιλλεύς·

341 3073 428 3138 διο
491 3076 597 3139 καὶ
646 3075 706 3140 ἐν
753 3083 941 3140 TPIC
948 3084 973 3138 1
1036 3076 1398 3154 συλλαβαῖς
1445 3075 1960 3152 άναγινάσκεται.
2049 3074 2229 3141 Haec
2273 3075 2708 3149 Aristonicus,

341 3180 452 3261 qui
503 3177 680 3243 addit
724 3180 804 3245 ad
846 3201 941 3246 vs.
994 3178 1142 3244 164.
1507 3261 1512 3266 .

1592 3283 1815 3349 ὄππότ
1866 3282 2125 3364 Ἀχαιοί

792 3390 1009 3467 Τρώων
1056 3386 1387 3469 ἕκπέρσωσ’
1433 3387 1811 3466 εὐναιόμενον
1854 3389 2223 3468 πτολίεθρον.

342 3493 405 3578 (ἡ
450 3490 666 3576 διπλῆ)
730 3488 824 3558 ὅτι
876 3494 1138 3574 φανερὸν
1186 3494 1253 3557 ἐκ
1300 3492 1516 3559 τούτου
1561 3495 1639 3564 ὥς
1688 3492 1792 3558 καὶ
1841 3493 1901 3557 ἐν
1947 3500 2073 3564 τοῖς
2122 3488 2326 3556 ἐπάνω
2369 3491 2515 3573 περί
2555 3514 2705 3564 τινος

338 3602 458 3661 τῶν
505 3597 848 3677 περιχώρων
895 3598 983 3667 ἐς)
1033 3598 1267 3663 πόλεων
1314 3599 1342 3663 ὅ
1390 3596 1594 3674 λόγος.
1687 3597 2041 3663 Aristarchi
2083 3598 2538 3663 correctionem
2571 3615 2707 3683 pro-

340 3702 521 3767 bavit
582 3706 648 3766 et
706 3721 870 3766 novo
915 3708 1292 3788 argumento
1336 3701 1653 3767 stabilivit
1694 3700 2095 3767 Herodianus
2141 3700 2221 3766 ad
2264 3721 2360 3767 vs.
2411 3700 2564 3766 129.
2608 3700 2706 3766 his

340 3806 588 3871 verbis:
650 3806 979 3884 Τροΐηςτ
1042 3804 1224 3878 οὕτως
1273 3807 1642 3886 ’Λρίςαρχος
1704 3804 2290 3886 τρισυλλάβως
2347 3807 2456 3872 καὶ
2506 3804 2704 3871 ἐνθάδε

340 3909 447 3974 καὶ
496 3910 557 3973 ἑν
601 3919 679 3990 τῇ
728 3921 785 3975 Λ
835 3916 944 3982 τῆς
1001 3909 1369 3981 Ὀδυσσείας
1419 3911 1628 3995 (510.)

610 4012 736 4088 ἤτοι
786 4009 874 4078 ὅτ’
923 4015 1096 4095 άμφὶ
1145 4016 1324 4080 πόλιν
1372 4015 1663 4094 Τροΐην
1710 4013 2095 4096 φραζοίμεθα
2142 4012 2409 4092 βουλάς.

336 4117 442 4180 καὶ
514 4117 761 4193 ἐπείσθη
828 4119 996 4199 αὐτῷ
1047 4122 1081 4195 ἦ
1130 4118 1488 4199 παράδοσις.
1553 4117 1643 4186 ἔτι
1697 4119 1761 4183 δὲ
1808 4119 1913 4184 καὶ
1976 4118 2046 4183 τὸ
2102 4127 2215 4194 τῆς
2274 4118 2556 4201 χρήσεως
2595 4123 2700 4192 τῆς

338 4217 673 4299 Ὁμηρικῆς
721 4221 945 4300 ἰδίωμα
989 4222 1452 4305 παραφυλάξαι
1501 4220 1688 4294 οὕτως
1732 4224 1810 4292 ὥς
1852 4219 1944 4289 ὅτι
1985 4222 2157 4290 εἵπου
2191 4222 2367 4302 λέγει
2409 4225 2484 4290 τὸ
2516 4222 2702 4303 Τροία

336 4320 547 4407 (Τροίη
598 4322 754 4409 leg.)
803 4324 1196 4403 δισυλλάβως
1244 4328 1528 4393 οὐδέποτε
1576 4327 1849 4408 ἐπιφέρει
1892 4325 1963 4391 τὸ
2010 4326 2244 4400 πόλις
2291 4322 2448 4393 οἷον·
