<?xml version="1.0" encoding="UTF-8"?>
<!DOCTYPE html PUBLIC "-//W3C//DTD XHTML 1.0 Transitional//EN"
    "http://www.w3.org/TR/xhtml1/DTD/xhtml1-transitional.dtd">
<html xmlns="http://www.w3.org/1999/xhtml" xml:lang="en" lang="en">
 <head>
  <title>
</title>
<meta http-equiv="Content-Type" content="text/html;charset=utf-8" />
  <meta name='ocr-system' content='tesseract 3.04.00' />
  <meta name='ocr-capabilities' content='ocr_page ocr_carea ocr_par ocr_line ocrx_word'/>
</head>
<body>
  <div class='ocr_page' id='page_1' title='image "./mnemosynebiblio09servgoog/mnemosynebiblio09servgoog_0452.png"; bbox 0 0 2934 5050; ppageno 0'>
   <div class='ocr_carea' id='block_1_1' title="bbox 338 297 1854 359">
    <p class='ocr_par' dir='ltr' id='par_1_1' title="bbox 338 297 1854 359">
     <span class='ocr_line' id='line_1_1' title="bbox 338 297 1854 359; baseline -0.005 0"><span class='ocrx_word' id='word_1_1' title='bbox 338 297 467 359; x_wconf 80' lang='lat'><strong>596</strong></span> <span class='ocrx_word' id='word_1_2' title='bbox 1190 307 1581 353; x_wconf 55' lang='lat' dir='ltr'><strong>casinenssi</strong></span> <span class='ocrx_word' id='word_1_3' title='bbox 1625 307 1854 352; x_wconf 70' lang='grc' dir='ltr'><strong>ιΑτιηΑ.</strong></span> 
     </span>
    </p>
   </div>
   <div class='ocr_carea' id='block_1_2' title="bbox 326 472 2697 4224">
    <p class='ocr_par' dir='ltr' id='par_1_2' title="bbox 326 472 2680 963">
     <span class='ocr_line' id='line_1_2' title="bbox 327 472 2679 560; baseline -0.002 -17"><span class='ocrx_word' id='word_1_4' title='bbox 327 477 615 544; x_wconf 76' lang='lat' dir='ltr'><strong>»ciliae.”</strong></span> <span class='ocrx_word' id='word_1_5' title='bbox 726 474 969 541; x_wconf 75' lang='lat' dir='ltr'><strong>Felices</strong></span> <span class='ocrx_word' id='word_1_6' title='bbox 1037 473 1271 560; x_wconf 87' lang='lat' dir='ltr'><strong>quibus</strong></span> <span class='ocrx_word' id='word_1_7' title='bbox 1355 473 1507 541; x_wconf 86' lang='lat' dir='ltr'><strong>talia</strong></span> <span class='ocrx_word' id='word_1_8' title='bbox 1579 472 2041 560; x_wconf 86' lang='lat' dir='ltr'><strong>persuadeant,</strong></span> <span class='ocrx_word' id='word_1_9' title='bbox 2132 493 2337 559; x_wconf 83' lang='lat' dir='ltr'><strong>neque</strong></span> <span class='ocrx_word' id='word_1_10' title='bbox 2421 476 2679 541; x_wconf 77' lang='lat' dir='ltr'><strong>sentiant</strong></span> 
     </span>
     <span class='ocr_line' id='line_1_3' title="bbox 326 577 2679 666; baseline -0.002 -18"><span class='ocrx_word' id='word_1_11' title='bbox 326 580 569 666; x_wconf 82' lang='lat' dir='ltr'><strong>aliquid</strong></span> <span class='ocrx_word' id='word_1_12' title='bbox 634 581 944 646; x_wconf 89' lang='lat' dir='ltr'><strong>interesse</strong></span> <span class='ocrx_word' id='word_1_13' title='bbox 1010 580 1177 645; x_wconf 86' lang='lat' dir='ltr'><strong>inter</strong></span> <span class='ocrx_word' id='word_1_14' title='bbox 1220 598 1406 645; x_wconf 88' lang='lat' dir='ltr'><strong>usum</strong></span> <span class='ocrx_word' id='word_1_15' title='bbox 1453 577 1671 655; x_wconf 89' lang='lat' dir='ltr'><strong>verbi,</strong></span> <span class='ocrx_word' id='word_1_16' title='bbox 1714 577 1882 665; x_wconf 74' lang='lat' dir='ltr'><strong>quod</strong></span> <span class='ocrx_word' id='word_1_17' title='bbox 1949 587 2047 645; x_wconf 91' lang='lat' dir='ltr'><strong>est</strong></span> <span class='ocrx_word' id='word_1_18' title='bbox 2109 579 2369 658; x_wconf 75' lang='lat' dir='ltr'><strong>sedere,</strong></span> <span class='ocrx_word' id='word_1_19' title='bbox 2433 578 2565 644; x_wconf 92' lang='lat' dir='ltr'><strong>loco</strong></span> <span class='ocrx_word' id='word_1_20' title='bbox 2610 578 2679 644; x_wconf 89' lang='lat' dir='ltr'><strong>de</strong></span> 
     </span>
     <span class='ocr_line' id='line_1_4' title="bbox 330 682 2677 773; baseline -0.002 -20"><span class='ocrx_word' id='word_1_21' title='bbox 330 707 457 773; x_wconf 85' lang='lat' dir='ltr'><strong>quo</strong></span> <span class='ocrx_word' id='word_1_22' title='bbox 496 683 971 771; x_wconf 82' lang='lat' dir='ltr'><strong>disputabimus</strong></span> <span class='ocrx_word' id='word_1_23' title='bbox 1007 691 1073 750; x_wconf 90' lang='lat' dir='ltr'><strong>et</strong></span> <span class='ocrx_word' id='word_1_24' title='bbox 1113 683 1268 749; x_wconf 89' lang='lat' dir='ltr'><strong>locis</strong></span> <span class='ocrx_word' id='word_1_25' title='bbox 1304 684 1459 749; x_wconf 79' lang='lat' dir='ltr'><strong>illisi</strong></span> <span class='ocrx_word' id='word_1_26' title='bbox 1531 682 1746 750; x_wconf 88' lang='lat' dir='ltr'><strong>Sen&#39;sit</strong></span> <span class='ocrx_word' id='word_1_27' title='bbox 1802 682 2162 761; x_wconf 89' lang='lat' dir='ltr'><strong>Scholtius,</strong></span> <span class='ocrx_word' id='word_1_28' title='bbox 2215 684 2436 750; x_wconf 88' lang='lat' dir='ltr'><strong>miuus</strong></span> <span class='ocrx_word' id='word_1_29' title='bbox 2490 693 2677 750; x_wconf 87' lang='lat' dir='ltr'><strong>tamen</strong></span> 
     </span>
     <span class='ocr_line' id='line_1_5' title="bbox 328 787 2680 875; baseline -0.002 -17"><span class='ocrx_word' id='word_1_30' title='bbox 328 791 606 858; x_wconf 77' lang='lat' dir='ltr'><strong>feliciter</strong></span> <span class='ocrx_word' id='word_1_31' title='bbox 670 808 1025 875; x_wconf 89' lang='lat' dir='ltr'><strong>proponens</strong></span> <span class='ocrx_word' id='word_1_32' title='bbox 1093 799 1321 875; x_wconf 78' lang='lat' dir='ltr'><strong>crepat.</strong></span> <span class='ocrx_word' id='word_1_33' title='bbox 1416 787 1584 869; x_wconf 87' lang='lat' dir='ltr'><strong>Quid</strong></span> <span class='ocrx_word' id='word_1_34' title='bbox 1654 787 2090 874; x_wconf 87' lang='lat' dir='ltr'><strong>reponendum</strong></span> <span class='ocrx_word' id='word_1_35' title='bbox 2152 790 2272 864; x_wconf 88' lang='lat' dir='ltr'><strong>sit,</strong></span> <span class='ocrx_word' id='word_1_36' title='bbox 2336 808 2416 856; x_wconf 81' lang='lat' dir='ltr'><strong>ex</strong></span> <span class='ocrx_word' id='word_1_37' title='bbox 2479 789 2680 855; x_wconf 84' lang='lat' dir='ltr'><strong>intima</strong></span> 
     </span>
     <span class='ocr_line' id='line_1_6' title="bbox 331 893 1799 963; baseline -0.003 0"><span class='ocrx_word' id='word_1_38' title='bbox 331 896 614 963; x_wconf 83' lang='lat' dir='ltr'><strong>universi</strong></span> <span class='ocrx_word' id='word_1_39' title='bbox 665 893 786 960; x_wconf 87' lang='lat' dir='ltr'><strong>loci</strong></span> <span class='ocrx_word' id='word_1_40' title='bbox 836 893 1080 959; x_wconf 91' lang='lat' dir='ltr'><strong>ratione</strong></span> <span class='ocrx_word' id='word_1_41' title='bbox 1125 913 1354 960; x_wconf 86' lang='lat' dir='ltr'><strong>eruere</strong></span> <span class='ocrx_word' id='word_1_42' title='bbox 1400 893 1799 959; x_wconf 81' lang='lat' dir='ltr'><strong>conabimur.</strong></span> 
     </span>
    </p>

    <p class='ocr_par' dir='ltr' id='par_1_3' title="bbox 422 999 2250 1085">
     <span class='ocr_line' id='line_1_7' title="bbox 422 999 2250 1085; baseline -0.002 -19"><span class='ocrx_word' id='word_1_43' title='bbox 422 999 577 1067; x_wconf 89' lang='lat' dir='ltr'><strong>Inde</strong></span> <span class='ocrx_word' id='word_1_44' title='bbox 624 1018 661 1064; x_wconf 89' lang='lat' dir='ltr'><strong>a</strong></span> <span class='ocrx_word' id='word_1_45' title='bbox 706 1019 798 1064; x_wconf 82' lang='lat' dir='ltr'><strong>vs.</strong></span> <span class='ocrx_word' id='word_1_46' title='bbox 841 1003 928 1064; x_wconf 82' lang='lat'><strong>87</strong></span> <span class='ocrx_word' id='word_1_47' title='bbox 981 1007 1162 1085; x_wconf 88' lang='lat' dir='ltr'><strong>poeta</strong></span> <span class='ocrx_word' id='word_1_48' title='bbox 1212 999 1497 1084; x_wconf 82' lang='lat' dir='ltr'><strong>exagitat</strong></span> <span class='ocrx_word' id='word_1_49' title='bbox 1550 1000 1650 1064; x_wconf 86' lang='lat' dir='ltr'><strong>sui</strong></span> <span class='ocrx_word' id='word_1_50' title='bbox 1699 999 1841 1063; x_wconf 83' lang='lat' dir='ltr'><strong>aevi</strong></span> <span class='ocrx_word' id='word_1_51' title='bbox 1886 999 2250 1064; x_wconf 72' lang='lat' dir='ltr'><strong>avar-itiam:</strong></span> 
     </span>
    </p>

    <p class='ocr_par' dir='ltr' id='par_1_4' title="bbox 606 1101 2518 1818">
     <span class='ocr_line' id='line_1_8' title="bbox 1643 1101 2090 1190; baseline -0.002 -22"><span class='ocrx_word' id='word_1_52' title='bbox 1643 1101 1899 1189; x_wconf 86' lang='lat' dir='ltr'><strong>quando</strong></span> <span class='ocrx_word' id='word_1_53' title='bbox 1947 1101 2090 1190; x_wconf 88' lang='lat' dir='ltr'><strong>(ait)</strong></span> 
     </span>
     <span class='ocr_line' id='line_1_9' title="bbox 609 1207 2173 1295; baseline -0.002 -19"><span class='ocrx_word' id='word_1_54' title='bbox 609 1210 810 1276; x_wconf 90' lang='lat' dir='ltr'><strong>maior</strong></span> <span class='ocrx_word' id='word_1_55' title='bbox 854 1211 1153 1275; x_wconf 75' lang='lat' dir='ltr'><strong>avaritiae</strong></span> <span class='ocrx_word' id='word_1_56' title='bbox 1202 1209 1410 1295; x_wconf 87' lang='lat' dir='ltr'><strong>patuit</strong></span> <span class='ocrx_word' id='word_1_57' title='bbox 1456 1208 1679 1274; x_wconf 82' lang='lat' dir='ltr'><strong>sinus?</strong></span> <span class='ocrx_word' id='word_1_58' title='bbox 1732 1207 1870 1274; x_wconf 85' lang='lat' dir='ltr'><strong>alea</strong></span> <span class='ocrx_word' id='word_1_59' title='bbox 1916 1208 2173 1293; x_wconf 81' lang='lat' dir='ltr'><strong>quando</strong></span> 
     </span>
     <span class='ocr_line' id='line_1_10' title="bbox 606 1311 2518 1400; baseline 0.001 -22"><span class='ocrx_word' id='word_1_60' title='bbox 606 1315 721 1380; x_wconf 74' lang='lat' dir='ltr'><strong>lios</strong></span> <span class='ocrx_word' id='word_1_61' title='bbox 769 1314 1062 1379; x_wconf 78' lang='lat' dir='ltr'><strong>animos?</strong></span> <span class='ocrx_word' id='word_1_62' title='bbox 1112 1334 1318 1400; x_wconf 88' lang='lat' dir='ltr'><strong>neque</strong></span> <span class='ocrx_word' id='word_1_63' title='bbox 1365 1314 1537 1379; x_wconf 86' lang='lat' dir='ltr'><strong>enim</strong></span> <span class='ocrx_word' id='word_1_64' title='bbox 1590 1311 1817 1378; x_wconf 87' lang='lat' dir='ltr'><strong>loculis</strong></span> <span class='ocrx_word' id='word_1_65' title='bbox 1863 1313 2330 1399; x_wconf 64' lang='lat' dir='ltr'><strong>comitantibus</strong></span> <span class='ocrx_word' id='word_1_66' title='bbox 2381 1314 2518 1380; x_wconf 89' lang='lat' dir='ltr'><strong>itur</strong></span> 
     </span>
     <span class='ocr_line' id='line_1_11' title="bbox 609 1408 2227 1505; baseline 0.001 -22"><span class='ocrx_word' id='word_1_67' title='bbox 609 1417 685 1485; x_wconf 90' lang='lat' dir='ltr'><strong>ad</strong></span> <span class='ocrx_word' id='word_1_68' title='bbox 736 1437 958 1485; x_wconf 88' lang='lat' dir='ltr'><strong>casum</strong></span> <span class='ocrx_word' id='word_1_69' title='bbox 1012 1417 1299 1492; x_wconf 88' lang='lat' dir='ltr'><strong>tabulae,</strong></span> <span class='ocrx_word' id='word_1_70' title='bbox 1348 1408 1554 1505; x_wconf 76' lang='lat' dir='ltr'><strong>posita</strong></span> <span class='ocrx_word' id='word_1_71' title='bbox 1601 1417 1712 1482; x_wconf 86' lang='lat' dir='ltr'><strong>sed</strong></span> <span class='ocrx_word' id='word_1_72' title='bbox 1762 1417 2011 1484; x_wconf 80' lang='lat' dir='ltr'><strong>luditur</strong></span> <span class='ocrx_word' id='word_1_73' title='bbox 2056 1438 2227 1485; x_wconf 87' lang='lat' dir='ltr'><strong>arca.</strong></span> 
     </span>
     <span class='ocr_line' id='line_1_12' title="bbox 607 1521 2096 1609; baseline 0.001 -22"><span class='ocrx_word' id='word_1_74' title='bbox 607 1523 847 1609; x_wconf 87' lang='lat' dir='ltr'><strong>proelia</strong></span> <span class='ocrx_word' id='word_1_75' title='bbox 895 1533 1136 1609; x_wconf 86' lang='lat' dir='ltr'><strong>quanta</strong></span> <span class='ocrx_word' id='word_1_76' title='bbox 1183 1523 1314 1588; x_wconf 92' lang='lat' dir='ltr'><strong>illic</strong></span> <span class='ocrx_word' id='word_1_77' title='bbox 1359 1522 1803 1608; x_wconf 78' lang='lat' dir='ltr'><strong>dispensatore</strong></span> <span class='ocrx_word' id='word_1_78' title='bbox 1851 1521 2096 1588; x_wconf 80' lang='lat' dir='ltr'><strong>videbis</strong></span> 
     </span>
     <span class='ocr_line' id='line_1_13' title="bbox 607 1626 2251 1714; baseline 0.001 -21"><span class='ocrx_word' id='word_1_79' title='bbox 607 1629 960 1711; x_wconf 75' lang='lat' dir='ltr'><strong>armigero!</strong></span> <span class='ocrx_word' id='word_1_80' title='bbox 1010 1628 1364 1714; x_wconf 78' lang='lat' dir='ltr'><strong>simplexne</strong></span> <span class='ocrx_word' id='word_1_81' title='bbox 1410 1626 1593 1692; x_wconf 89' lang='lat' dir='ltr'><strong>furor</strong></span> <span class='ocrx_word' id='word_1_82' title='bbox 1640 1630 1936 1693; x_wconf 84' lang='lat' dir='ltr'><strong>sestertia</strong></span> <span class='ocrx_word' id='word_1_83' title='bbox 1990 1637 2251 1695; x_wconf 85' lang='lat' dir='ltr'><strong>eentum</strong></span> 
     </span>
     <span class='ocr_line' id='line_1_14' title="bbox 606 1731 2363 1818; baseline 0.002 -22"><span class='ocrx_word' id='word_1_84' title='bbox 606 1731 876 1818; x_wconf 87' lang='lat' dir='ltr'><strong>perdere</strong></span> <span class='ocrx_word' id='word_1_85' title='bbox 924 1743 982 1798; x_wconf 77' lang='lat' dir='ltr'><strong>ee</strong></span> <span class='ocrx_word' id='word_1_86' title='bbox 1028 1733 1305 1797; x_wconf 71' lang='lat' dir='ltr'><strong>horrenti</strong></span> <span class='ocrx_word' id='word_1_87' title='bbox 1348 1732 1623 1796; x_wconf 77' lang='lat' dir='ltr'><strong>tunicam</strong></span> <span class='ocrx_word' id='word_1_88' title='bbox 1667 1753 1791 1795; x_wconf 74' lang='lat' dir='ltr'><strong>non</strong></span> <span class='ocrx_word' id='word_1_89' title='bbox 1835 1732 2095 1798; x_wconf 83' lang='lat' dir='ltr'><strong>reddere</strong></span> <span class='ocrx_word' id='word_1_90' title='bbox 2138 1736 2363 1799; x_wconf 77' lang='lat' dir='ltr'><strong>servo?</strong></span> 
     </span>
    </p>

    <p class='ocr_par' dir='ltr' id='par_1_5' title="bbox 335 1835 2696 2740">
     <span class='ocr_line' id='line_1_15' title="bbox 427 1835 2691 1925; baseline 0 -23"><span class='ocrx_word' id='word_1_91' title='bbox 427 1837 711 1903; x_wconf 77' lang='lat' dir='ltr'><strong>Avaritia</strong></span> <span class='ocrx_word' id='word_1_92' title='bbox 782 1847 847 1902; x_wconf 91' lang='lat' dir='ltr'><strong>et</strong></span> <span class='ocrx_word' id='word_1_93' title='bbox 892 1857 1038 1923; x_wconf 90' lang='lat' dir='ltr'><strong>spes</strong></span> <span class='ocrx_word' id='word_1_94' title='bbox 1088 1837 1249 1903; x_wconf 89' lang='lat' dir='ltr'><strong>lucri</strong></span> <span class='ocrx_word' id='word_1_95' title='bbox 1301 1835 1593 1901; x_wconf 85' lang='lat' dir='ltr'><strong>homines</strong></span> <span class='ocrx_word' id='word_1_96' title='bbox 1638 1835 1888 1901; x_wconf 87' lang='lat' dir='ltr'><strong>inducit</strong></span> <span class='ocrx_word' id='word_1_97' title='bbox 1935 1846 2007 1901; x_wconf 86' lang='lat' dir='ltr'><strong>ut</strong></span> <span class='ocrx_word' id='word_1_98' title='bbox 2057 1838 2354 1921; x_wconf 84' lang='lat' dir='ltr'><strong>ingentes</strong></span> <span class='ocrx_word' id='word_1_99' title='bbox 2402 1838 2691 1925; x_wconf 78' lang='lat' dir='ltr'><strong>pecuniae</strong></span> 
     </span>
     <span class='ocr_line' id='line_1_16' title="bbox 339 1940 2693 2029; baseline -0 -21"><span class='ocrx_word' id='word_1_100' title='bbox 339 1961 628 2008; x_wconf 85' lang='lat' dir='ltr'><strong>summas</strong></span> <span class='ocrx_word' id='word_1_101' title='bbox 688 1943 976 2009; x_wconf 85' lang='lat' dir='ltr'><strong>incertae</strong></span> <span class='ocrx_word' id='word_1_102' title='bbox 1044 1940 1339 2007; x_wconf 78' lang='lat' dir='ltr'><strong>fortunae</strong></span> <span class='ocrx_word' id='word_1_103' title='bbox 1396 1941 1572 2006; x_wconf 86' lang='lat' dir='ltr'><strong>aleae</strong></span> <span class='ocrx_word' id='word_1_104' title='bbox 1629 1943 2075 2019; x_wconf 85' lang='lat' dir='ltr'><strong>committant,</strong></span> <span class='ocrx_word' id='word_1_105' title='bbox 2148 1962 2351 2029; x_wconf 87' lang='lat' dir='ltr'><strong>quum</strong></span> <span class='ocrx_word' id='word_1_106' title='bbox 2417 1943 2693 2029; x_wconf 79' lang='lat' dir='ltr'><strong>pauculis</strong></span> 
     </span>
     <span class='ocr_line' id='line_1_17' title="bbox 339 2044 2692 2134; baseline 0.001 -23"><span class='ocrx_word' id='word_1_107' title='bbox 339 2047 659 2123; x_wconf 88' lang='lat' dir='ltr'><strong>nummis,</strong></span> <span class='ocrx_word' id='word_1_108' title='bbox 703 2046 939 2132; x_wconf 86' lang='lat' dir='ltr'><strong>quibus</strong></span> <span class='ocrx_word' id='word_1_109' title='bbox 993 2046 1212 2113; x_wconf 85' lang='lat' dir='ltr'><strong>tunica</strong></span> <span class='ocrx_word' id='word_1_110' title='bbox 1253 2053 1512 2111; x_wconf 88' lang='lat' dir='ltr'><strong>ematur</strong></span> <span class='ocrx_word' id='word_1_111' title='bbox 1560 2044 1823 2130; x_wconf 79' lang='lat' dir='ltr'><strong>frigenti</strong></span> <span class='ocrx_word' id='word_1_112' title='bbox 1870 2065 2054 2112; x_wconf 83' lang='lat' dir='ltr'><strong>servo</strong></span> <span class='ocrx_word' id='word_1_113' title='bbox 2105 2046 2380 2131; x_wconf 85' lang='lat' dir='ltr'><strong>(bomini</strong></span> <span class='ocrx_word' id='word_1_114' title='bbox 2427 2047 2692 2134; x_wconf 81' lang='lat' dir='ltr'><strong>tamen),</strong></span> 
     </span>
     <span class='ocr_line' id='line_1_18' title="bbox 337 2149 2693 2235; baseline 0.001 -19"><span class='ocrx_word' id='word_1_115' title='bbox 337 2150 590 2217; x_wconf 83' lang='lat' dir='ltr'><strong>eosdem</strong></span> <span class='ocrx_word' id='word_1_116' title='bbox 642 2171 906 2235; x_wconf 84' lang='lat' dir='ltr'><strong>parcere</strong></span> <span class='ocrx_word' id='word_1_117' title='bbox 950 2151 1195 2219; x_wconf 78' lang='lat' dir='ltr'><strong>videas.</strong></span> <span class='ocrx_word' id='word_1_118' title='bbox 1292 2149 1420 2217; x_wconf 89' lang='lat' dir='ltr'><strong>Nec</strong></span> <span class='ocrx_word' id='word_1_119' title='bbox 1462 2149 1666 2215; x_wconf 91' lang='lat' dir='ltr'><strong>multo</strong></span> <span class='ocrx_word' id='word_1_120' title='bbox 1713 2149 1942 2218; x_wconf 89' lang='lat' dir='ltr'><strong>melius</strong></span> <span class='ocrx_word' id='word_1_121' title='bbox 1981 2159 2266 2218; x_wconf 84' lang='lat' dir='ltr'><strong>tractant</strong></span> <span class='ocrx_word' id='word_1_122' title='bbox 2307 2154 2484 2220; x_wconf 80' lang='lat' dir='ltr'><strong>cives</strong></span> <span class='ocrx_word' id='word_1_123' title='bbox 2522 2172 2693 2227; x_wconf 89' lang='lat' dir='ltr'><strong>suos,</strong></span> 
     </span>
     <span class='ocr_line' id='line_1_19' title="bbox 340 2253 2696 2342; baseline 0.002 -22"><span class='ocrx_word' id='word_1_124' title='bbox 340 2255 627 2320; x_wconf 89' lang='lat' dir='ltr'><strong>moribus</strong></span> <span class='ocrx_word' id='word_1_125' title='bbox 671 2254 856 2340; x_wconf 81' lang='lat' dir='ltr'><strong>longe</strong></span> <span class='ocrx_word' id='word_1_126' title='bbox 902 2255 1139 2322; x_wconf 84' lang='lat' dir='ltr'><strong>diversi</strong></span> <span class='ocrx_word' id='word_1_127' title='bbox 1186 2276 1223 2321; x_wconf 88' lang='lat' dir='ltr'><strong>a</strong></span> <span class='ocrx_word' id='word_1_128' title='bbox 1275 2253 1627 2320; x_wconf 86' lang='lat' dir='ltr'><strong>maioribus</strong></span> <span class='ocrx_word' id='word_1_129' title='bbox 1674 2257 1953 2333; x_wconf 89' lang='lat' dir='ltr'><strong>nostris,</strong></span> <span class='ocrx_word' id='word_1_130' title='bbox 2003 2257 2114 2340; x_wconf 83' lang='lat' dir='ltr'><strong>qui</strong></span> <span class='ocrx_word' id='word_1_131' title='bbox 2166 2276 2359 2342; x_wconf 85' lang='lat' dir='ltr'><strong>parce</strong></span> <span class='ocrx_word' id='word_1_132' title='bbox 2396 2267 2460 2324; x_wconf 91' lang='lat' dir='ltr'><strong>et</strong></span> <span class='ocrx_word' id='word_1_133' title='bbox 2502 2257 2696 2324; x_wconf 79' lang='lat' dir='ltr'><strong>sobrie</strong></span> 
     </span>
     <span class='ocr_line' id='line_1_20' title="bbox 340 2357 2694 2443; baseline 0.002 -20"><span class='ocrx_word' id='word_1_134' title='bbox 340 2359 464 2443; x_wconf 90' lang='lat' dir='ltr'><strong>ipsi</strong></span> <span class='ocrx_word' id='word_1_135' title='bbox 516 2359 800 2425; x_wconf 82' lang='lat' dir='ltr'><strong>viventes</strong></span> <span class='ocrx_word' id='word_1_136' title='bbox 848 2359 1113 2425; x_wconf 88' lang='lat' dir='ltr'><strong>clientes</strong></span> <span class='ocrx_word' id='word_1_137' title='bbox 1161 2379 1310 2425; x_wconf 88' lang='lat' dir='ltr'><strong>suos</strong></span> <span class='ocrx_word' id='word_1_138' title='bbox 1357 2357 1724 2424; x_wconf 79' lang='lat' dir='ltr'><strong>vocitabant</strong></span> <span class='ocrx_word' id='word_1_139' title='bbox 1763 2358 1842 2423; x_wconf 90' lang='lat' dir='ltr'><strong>ad</strong></span> <span class='ocrx_word' id='word_1_140' title='bbox 1882 2379 2168 2425; x_wconf 88' lang='lat' dir='ltr'><strong>coenam.</strong></span> <span class='ocrx_word' id='word_1_141' title='bbox 2243 2361 2446 2430; x_wconf 83' lang='lat' dir='ltr'><strong>Hodie</strong></span> <span class='ocrx_word' id='word_1_142' title='bbox 2483 2370 2694 2430; x_wconf 82' lang='lat' dir='ltr'><strong>contra</strong></span> 
     </span>
     <span class='ocr_line' id='line_1_21' title="bbox 339 2461 2692 2551; baseline 0.003 -23"><span class='ocrx_word' id='word_1_143' title='bbox 339 2471 472 2528; x_wconf 89' lang='lat' dir='ltr'><strong>est:</strong></span> <span class='ocrx_word' id='word_1_144' title='bbox 522 2462 646 2548; x_wconf 90' lang='lat' dir='ltr'><strong>ipsi</strong></span> <span class='ocrx_word' id='word_1_145' title='bbox 692 2461 1003 2549; x_wconf 88' lang='lat' dir='ltr'><strong>plurimas</strong></span> <span class='ocrx_word' id='word_1_146' title='bbox 1050 2462 1234 2530; x_wconf 88' lang='lat' dir='ltr'><strong>villas</strong></span> <span class='ocrx_word' id='word_1_147' title='bbox 1281 2462 1659 2541; x_wconf 87' lang='lat' dir='ltr'><strong>aedificant,</strong></span> <span class='ocrx_word' id='word_1_148' title='bbox 1712 2464 2197 2551; x_wconf 83' lang='lat' dir='ltr'><strong>lautissimeque</strong></span> <span class='ocrx_word' id='word_1_149' title='bbox 2242 2477 2551 2545; x_wconf 87' lang='lat' dir='ltr'><strong>coenant,</strong></span> <span class='ocrx_word' id='word_1_150' title='bbox 2595 2466 2692 2535; x_wconf 80' lang='lat' dir='ltr'><strong>sed</strong></span> 
     </span>
     <span class='ocr_line' id='line_1_22' title="bbox 337 2567 2695 2659; baseline 0.005 -25"><span class='ocrx_word' id='word_1_151' title='bbox 337 2567 495 2634; x_wconf 77' lang='lat' dir='ltr'><strong>soli:</strong></span> <span class='ocrx_word' id='word_1_152' title='bbox 546 2567 803 2634; x_wconf 88' lang='lat' dir='ltr'><strong>miseris</strong></span> <span class='ocrx_word' id='word_1_153' title='bbox 852 2567 1197 2634; x_wconf 86' lang='lat' dir='ltr'><strong>clientibus</strong></span> <span class='ocrx_word' id='word_1_154' title='bbox 1239 2567 1478 2634; x_wconf 85' lang='lat' dir='ltr'><strong>dantur</strong></span> <span class='ocrx_word' id='word_1_155' title='bbox 1526 2569 1841 2655; x_wconf 79' lang='lat' dir='ltr'><strong>sportulae</strong></span> <span class='ocrx_word' id='word_1_156' title='bbox 1888 2572 2146 2637; x_wconf 89' lang='lat' dir='ltr'><strong>nomine</strong></span> <span class='ocrx_word' id='word_1_157' title='bbox 2195 2572 2243 2636; x_wconf 89' lang='lat' dir='ltr'>C</span> <span class='ocrx_word' id='word_1_158' title='bbox 2282 2572 2695 2659; x_wconf 68' lang='lat' dir='ltr'><strong>quadrantes,</strong></span> 
     </span>
     <span class='ocr_line' id='line_1_23' title="bbox 335 2671 763 2740; baseline 0.005 -2"><span class='ocrx_word' id='word_1_159' title='bbox 335 2680 409 2738; x_wconf 92' lang='lat' dir='ltr'><strong>ut</strong></span> <span class='ocrx_word' id='word_1_160' title='bbox 457 2671 763 2740; x_wconf 88' lang='lat' dir='ltr'><strong>multum.</strong></span> 
     </span>
    </p>

    <p class='ocr_par' dir='ltr' id='par_1_6' title="bbox 517 2777 2297 3074">
     <span class='ocr_line' id='line_1_24' title="bbox 519 2777 2297 2866; baseline 0.002 -23"><span class='ocrx_word' id='word_1_161' title='bbox 519 2777 677 2858; x_wconf 89' lang='lat' dir='ltr'><strong>Quis</strong></span> <span class='ocrx_word' id='word_1_162' title='bbox 723 2779 986 2843; x_wconf 87' lang='lat' dir='ltr'><strong>totidem</strong></span> <span class='ocrx_word' id='word_1_163' title='bbox 1037 2780 1238 2844; x_wconf 82' lang='lat' dir='ltr'><strong>erexit</strong></span> <span class='ocrx_word' id='word_1_164' title='bbox 1291 2777 1509 2856; x_wconf 78' lang='lat' dir='ltr'><strong>villaS,</strong></span> <span class='ocrx_word' id='word_1_165' title='bbox 1559 2779 1706 2863; x_wconf 89' lang='lat' dir='ltr'><strong>quis</strong></span> <span class='ocrx_word' id='word_1_166' title='bbox 1755 2779 1993 2845; x_wconf 87' lang='lat' dir='ltr'><strong>fercula</strong></span> <span class='ocrx_word' id='word_1_167' title='bbox 2052 2790 2297 2866; x_wconf 85' lang='lat' dir='ltr'><strong>septem</strong></span> 
     </span>
     <span class='ocr_line' id='line_1_25' title="bbox 520 2881 2115 2973; baseline 0.002 -26"><span class='ocrx_word' id='word_1_168' title='bbox 520 2888 766 2973; x_wconf 76' lang='lat' dir='ltr'><strong>secreto</strong></span> <span class='ocrx_word' id='word_1_169' title='bbox 812 2883 1065 2948; x_wconf 90' lang='lat' dir='ltr'><strong>cenavit</strong></span> <span class='ocrx_word' id='word_1_170' title='bbox 1108 2881 1309 2947; x_wconf 80' lang='lat' dir='ltr'><strong>avus?</strong></span> <span class='ocrx_word' id='word_1_171' title='bbox 1363 2903 1532 2948; x_wconf 89' lang='lat' dir='ltr'><strong>nunc</strong></span> <span class='ocrx_word' id='word_1_172' title='bbox 1580 2885 1859 2969; x_wconf 76' lang='lat' dir='ltr'><strong>sportula</strong></span> <span class='ocrx_word' id='word_1_173' title='bbox 1906 2887 2115 2971; x_wconf 84' lang='lat' dir='ltr'><strong>primo</strong></span> 
     </span>
     <span class='ocr_line' id='line_1_26' title="bbox 517 2985 2195 3074; baseline 0.004 -24"><span class='ocrx_word' id='word_1_174' title='bbox 517 2985 740 3053; x_wconf 88' lang='lat' dir='ltr'><strong>limine</strong></span> <span class='ocrx_word' id='word_1_175' title='bbox 781 3007 979 3071; x_wconf 83' lang='lat' dir='ltr'><strong>parva</strong></span> <span class='ocrx_word' id='word_1_176' title='bbox 1026 3006 1252 3064; x_wconf 74' lang='lat' dir='ltr'><strong>seue-r,</strong></span> <span class='ocrx_word' id='word_1_177' title='bbox 1305 2987 1532 3053; x_wconf 87' lang='lat' dir='ltr'><strong>turbae</strong></span> <span class='ocrx_word' id='word_1_178' title='bbox 1578 2988 1876 3074; x_wconf 76' lang='lat' dir='ltr'><strong>rapienda</strong></span> <span class='ocrx_word' id='word_1_179' title='bbox 1919 2999 2195 3074; x_wconf 84' lang='lat' dir='ltr'><strong>togatae.</strong></span> 
     </span>
    </p>

    <p class='ocr_par' dir='ltr' id='par_1_7' title="bbox 337 3089 2694 3281">
     <span class='ocr_line' id='line_1_27' title="bbox 435 3089 2694 3182; baseline 0.002 -26"><span class='ocrx_word' id='word_1_180' title='bbox 435 3090 511 3156; x_wconf 90' lang='lat' dir='ltr'><strong>lJt</strong></span> <span class='ocrx_word' id='word_1_181' title='bbox 559 3092 782 3177; x_wconf 85' lang='lat' dir='ltr'><strong>paucis</strong></span> <span class='ocrx_word' id='word_1_182' title='bbox 838 3089 1201 3167; x_wconf 88' lang='lat' dir='ltr'><strong>absolvam,</strong></span> <span class='ocrx_word' id='word_1_183' title='bbox 1263 3093 1483 3175; x_wconf 82' lang='lat' dir='ltr'><strong>gravis</strong></span> <span class='ocrx_word' id='word_1_184' title='bbox 1533 3112 1635 3157; x_wconf 85' lang='lat' dir='ltr'><strong>me</strong></span> <span class='ocrx_word' id='word_1_185' title='bbox 1685 3103 1857 3159; x_wconf 89' lang='lat' dir='ltr'><strong>tenet</strong></span> <span class='ocrx_word' id='word_1_186' title='bbox 1920 3096 2205 3181; x_wconf 87' lang='lat' dir='ltr'><strong>suspicio</strong></span> <span class='ocrx_word' id='word_1_187' title='bbox 2267 3108 2518 3182; x_wconf 87' lang='lat' dir='ltr'><strong>poetam</strong></span> <span class='ocrx_word' id='word_1_188' title='bbox 2567 3118 2694 3165; x_wconf 75' lang='lat' dir='ltr'><strong>eum</strong></span> 
     </span>
     <span class='ocr_line' id='line_1_28' title="bbox 337 3194 1222 3281; baseline 0 -21"><span class='ocrx_word' id='word_1_189' title='bbox 337 3194 559 3261; x_wconf 84' lang='lat' dir='ltr'><strong>acerba</strong></span> <span class='ocrx_word' id='word_1_190' title='bbox 602 3196 805 3261; x_wconf 76' lang='lat' dir='ltr'><strong>ironia</strong></span> <span class='ocrx_word' id='word_1_191' title='bbox 850 3195 1222 3281; x_wconf 85' lang='lat' dir='ltr'><strong>scripsisse:</strong></span> 
     </span>
    </p>

    <p class='ocr_par' dir='ltr' id='par_1_8' title="bbox 420 3287 2500 3388">
     <span class='ocr_line' id='line_1_29' title="bbox 420 3287 2500 3388; baseline 0.006 -29"><span class='ocrx_word' id='word_1_192' title='bbox 420 3309 435 3316; x_wconf 60' lang='grc'><strong><em>“</em></strong></span> <span class='ocrx_word' id='word_1_193' title='bbox 1397 3287 1401 3291; x_wconf 48' lang='grc'><strong><em>’</em></strong></span> <span class='ocrx_word' id='word_1_194' title='bbox 1467 3321 1638 3366; x_wconf 90' lang='lat' dir='ltr'><strong>nunc</strong></span> <span class='ocrx_word' id='word_1_195' title='bbox 1686 3302 1971 3388; x_wconf 85' lang='lat' dir='ltr'><strong>sportula</strong></span> <span class='ocrx_word' id='word_1_196' title='bbox 2022 3304 2229 3388; x_wconf 87' lang='lat' dir='ltr'><strong>primo</strong></span> <span class='ocrx_word' id='word_1_197' title='bbox 2277 3306 2500 3373; x_wconf 87' lang='lat' dir='ltr'><strong>limine</strong></span> 
     </span>
    </p>

    <p class='ocr_par' dir='ltr' id='par_1_9' title="bbox 335 3423 2697 4224">
     <span class='ocr_line' id='line_1_30' title="bbox 518 3423 1129 3491; baseline 0 -20"><span class='ocrx_word' id='word_1_198' title='bbox 518 3423 712 3491; x_wconf 83' lang='lat' dir='ltr'><strong>parva</strong></span> <span class='ocrx_word' id='word_1_199' title='bbox 760 3424 944 3471; x_wconf 72' lang='lat' dir='ltr'><strong>naen·</strong></span> <span class='ocrx_word' id='word_1_200' title='bbox 991 3426 1129 3491; x_wconf 82' lang='lat' dir='ltr'><strong>sqq.</strong></span> 
     </span>
     <span class='ocr_line' id='line_1_31' title="bbox 336 3509 2697 3588; baseline 0.002 -14"><span class='ocrx_word' id='word_1_201' title='bbox 336 3511 378 3574; x_wconf 90' lang='lat' dir='ltr'><strong>i.</strong></span> <span class='ocrx_word' id='word_1_202' title='bbox 422 3528 478 3575; x_wconf 90' lang='lat' dir='ltr'><strong>e.</strong></span> <span class='ocrx_word' id='word_1_203' title='bbox 525 3509 748 3575; x_wconf 83' lang='lat' dir='ltr'><strong>decora</strong></span> <span class='ocrx_word' id='word_1_204' title='bbox 794 3510 1095 3585; x_wconf 69' lang='lat' dir='ltr'><strong>liabetur,</strong></span> <span class='ocrx_word' id='word_1_205' title='bbox 1161 3509 1263 3576; x_wconf 89' lang='lat' dir='ltr'><strong>his</strong></span> <span class='ocrx_word' id='word_1_206' title='bbox 1323 3510 1684 3588; x_wconf 88' lang='lat' dir='ltr'><strong>iudicibus,</strong></span> <span class='ocrx_word' id='word_1_207' title='bbox 1733 3510 1887 3578; x_wconf 84' lang='lat' dir='ltr'><strong>dum</strong></span> <span class='ocrx_word' id='word_1_208' title='bbox 1940 3512 2091 3581; x_wconf 90' lang='lat' dir='ltr'><strong>olim</strong></span> <span class='ocrx_word' id='word_1_209' title='bbox 2140 3509 2410 3580; x_wconf 83' lang='lat' dir='ltr'><strong>avorum</strong></span> <span class='ocrx_word' id='word_1_210' title='bbox 2458 3521 2697 3579; x_wconf 81' lang='lat' dir='ltr'><strong>nostm-</strong></span> 
     </span>
     <span class='ocr_line' id='line_1_32' title="bbox 338 3612 2694 3701; baseline 0.001 -22"><span class='ocrx_word' id='word_1_211' title='bbox 338 3633 482 3679; x_wconf 89' lang='lat' dir='ltr'><strong>rum</strong></span> <span class='ocrx_word' id='word_1_212' title='bbox 534 3612 843 3679; x_wconf 88' lang='lat' dir='ltr'><strong>memoria</strong></span> <span class='ocrx_word' id='word_1_213' title='bbox 905 3615 1155 3680; x_wconf 76' lang='lat' dir='ltr'><strong>decebat</strong></span> <span class='ocrx_word' id='word_1_214' title='bbox 1222 3618 1283 3681; x_wconf 91' lang='lat' dir='ltr'><strong>in</strong></span> <span class='ocrx_word' id='word_1_215' title='bbox 1351 3614 1545 3681; x_wconf 86' lang='lat' dir='ltr'><strong>rebus</strong></span> <span class='ocrx_word' id='word_1_216' title='bbox 1603 3616 1740 3683; x_wconf 90' lang='lat' dir='ltr'><strong>suis</strong></span> <span class='ocrx_word' id='word_1_217' title='bbox 1802 3635 2071 3701; x_wconf 89' lang='lat' dir='ltr'><strong>parcum</strong></span> <span class='ocrx_word' id='word_1_218' title='bbox 2135 3637 2316 3696; x_wconf 88' lang='lat' dir='ltr'><strong>esse,</strong></span> <span class='ocrx_word' id='word_1_219' title='bbox 2369 3618 2438 3685; x_wconf 86' lang='lat' dir='ltr'><strong>in</strong></span> <span class='ocrx_word' id='word_1_220' title='bbox 2480 3616 2694 3684; x_wconf 82' lang='lat' dir='ltr'><strong>alienis</strong></span> 
     </span>
     <span class='ocr_line' id='line_1_33' title="bbox 337 3718 2692 3805; baseline 0.002 -23"><span class='ocrx_word' id='word_1_221' title='bbox 337 3718 625 3801; x_wconf 80' lang='lat' dir='ltr'><strong>largum,</strong></span> <span class='ocrx_word' id='word_1_222' title='bbox 674 3725 740 3784; x_wconf 88' lang='lat' dir='ltr'><strong>et</strong></span> <span class='ocrx_word' id='word_1_223' title='bbox 788 3725 1116 3805; x_wconf 87' lang='lat' dir='ltr'><strong>tamquam</strong></span> <span class='ocrx_word' id='word_1_224' title='bbox 1167 3722 1267 3785; x_wconf 89' lang='lat' dir='ltr'><strong>sui</strong></span> <span class='ocrx_word' id='word_1_225' title='bbox 1317 3737 1503 3805; x_wconf 88' lang='lat' dir='ltr'><strong>pares</strong></span> <span class='ocrx_word' id='word_1_226' title='bbox 1542 3721 1715 3786; x_wconf 88' lang='lat' dir='ltr'><strong>cives</strong></span> <span class='ocrx_word' id='word_1_227' title='bbox 1752 3722 2081 3787; x_wconf 86' lang='lat' dir='ltr'><strong>tenuiores</strong></span> <span class='ocrx_word' id='word_1_228' title='bbox 2130 3719 2405 3788; x_wconf 84' lang='lat' dir='ltr'><strong>invitare</strong></span> <span class='ocrx_word' id='word_1_229' title='bbox 2444 3721 2520 3788; x_wconf 82' lang='lat' dir='ltr'><strong>ad</strong></span> <span class='ocrx_word' id='word_1_230' title='bbox 2557 3739 2692 3787; x_wconf 81' lang='lat' dir='ltr'><strong>coc·</strong></span> 
     </span>
     <span class='ocr_line' id='line_1_34' title="bbox 337 3819 2694 3911; baseline 0.001 -26"><span class='ocrx_word' id='word_1_231' title='bbox 337 3840 509 3886; x_wconf 87' lang='lat' dir='ltr'><strong>nam.</strong></span> <span class='ocrx_word' id='word_1_232' title='bbox 605 3819 868 3887; x_wconf 76' lang='lat' dir='ltr'><strong>Accedit</strong></span> <span class='ocrx_word' id='word_1_233' title='bbox 914 3825 1006 3888; x_wconf 88' lang='lat' dir='ltr'><strong>rei</strong></span> <span class='ocrx_word' id='word_1_234' title='bbox 1060 3820 1448 3907; x_wconf 57' lang='lat' dir='ltr'><strong>indignum,</strong></span> <span class='ocrx_word' id='word_1_235' title='bbox 1496 3833 1643 3909; x_wconf 89' lang='lat' dir='ltr'><strong>apte</strong></span> <span class='ocrx_word' id='word_1_236' title='bbox 1679 3844 1981 3911; x_wconf 85' lang='lat' dir='ltr'><strong>expressa</strong></span> <span class='ocrx_word' id='word_1_237' title='bbox 2028 3825 2452 3911; x_wconf 81' lang='lat' dir='ltr'><strong>sequentibus</strong></span> <span class='ocrx_word' id='word_1_238' title='bbox 2498 3823 2694 3891; x_wconf 82' lang='lat' dir='ltr'><strong>verbis</strong></span> 
     </span>
     <span class='ocr_line' id='line_1_35' title="bbox 335 3925 2688 4014; baseline 0.002 -26"><span class='ocrx_word' id='word_1_239' title='bbox 335 3925 551 3989; x_wconf 77' lang='lat' dir='ltr'><strong>turbae</strong></span> <span class='ocrx_word' id='word_1_240' title='bbox 641 3926 937 4011; x_wconf 72' lang='lat' dir='ltr'><strong>rapienda</strong></span> <span class='ocrx_word' id='word_1_241' title='bbox 1028 3936 1269 4013; x_wconf 75' lang='lat' dir='ltr'><strong>toqatae</strong></span> <span class='ocrx_word' id='word_1_242' title='bbox 1351 3936 1416 3994; x_wconf 84' lang='lat' dir='ltr'><strong>et</strong></span> <span class='ocrx_word' id='word_1_243' title='bbox 1487 3937 1620 3994; x_wconf 91' lang='lat' dir='ltr'><strong>tota</strong></span> <span class='ocrx_word' id='word_1_244' title='bbox 1680 3949 1845 4014; x_wconf 86' lang='lat' dir='ltr'><strong>quae</strong></span> <span class='ocrx_word' id='word_1_245' title='bbox 1906 3928 2327 4014; x_wconf 87' lang='lat' dir='ltr'><strong>subsequitur</strong></span> <span class='ocrx_word' id='word_1_246' title='bbox 2395 3929 2688 4005; x_wconf 83' lang='lat' dir='ltr'><strong>rationis,</strong></span> 
     </span>
     <span class='ocr_line' id='line_1_36' title="bbox 337 4026 2687 4120; baseline 0.002 -28"><span class='ocrx_word' id='word_1_247' title='bbox 337 4046 465 4114; x_wconf 79' lang='lat' dir='ltr'><strong>qua</strong></span> <span class='ocrx_word' id='word_1_248' title='bbox 513 4026 781 4094; x_wconf 87' lang='lat' dir='ltr'><strong>daretur</strong></span> <span class='ocrx_word' id='word_1_249' title='bbox 824 4030 1147 4116; x_wconf 86' lang='lat' dir='ltr'><strong>sportula,</strong></span> <span class='ocrx_word' id='word_1_250' title='bbox 1194 4029 1630 4118; x_wconf 86' lang='lat' dir='ltr'><strong>descriptione</strong></span> <span class='ocrx_word' id='word_1_251' title='bbox 1676 4033 1917 4120; x_wconf 88' lang='lat' dir='ltr'><strong>optime</strong></span> <span class='ocrx_word' id='word_1_252' title='bbox 1965 4032 2309 4100; x_wconf 86' lang='lat' dir='ltr'><strong>illustrata.</strong></span> <span class='ocrx_word' id='word_1_253' title='bbox 2385 4033 2517 4103; x_wconf 78' lang='lat' dir='ltr'><strong>Non</strong></span> <span class='ocrx_word' id='word_1_254' title='bbox 2557 4034 2687 4098; x_wconf 83' lang='lat' dir='ltr'><strong>sine</strong></span> 
     </span>
     <span class='ocr_line' id='line_1_37' title="bbox 336 4131 2684 4224; baseline 0.003 -28"><span class='ocrx_word' id='word_1_255' title='bbox 336 4131 541 4197; x_wconf 87' lang='lat' dir='ltr'><strong>ironia</strong></span> <span class='ocrx_word' id='word_1_256' title='bbox 602 4132 822 4199; x_wconf 81' lang='lat' dir='ltr'><strong>eodem</strong></span> <span class='ocrx_word' id='word_1_257' title='bbox 874 4134 1064 4199; x_wconf 84' lang='lat' dir='ltr'><strong>verbo</strong></span> <span class='ocrx_word' id='word_1_258' title='bbox 1127 4136 1335 4201; x_wconf 85' lang='lat' dir='ltr'><strong>utitur</strong></span> <span class='ocrx_word' id='word_1_259' title='bbox 1396 4136 1450 4202; x_wconf 90' lang='lat' dir='ltr'><strong>is</strong></span> <span class='ocrx_word' id='word_1_260' title='bbox 1499 4139 1609 4223; x_wconf 89' lang='lat' dir='ltr'><strong>qui</strong></span> <span class='ocrx_word' id='word_1_261' title='bbox 1671 4137 1808 4204; x_wconf 90' lang='lat' dir='ltr'><strong>Sat.</strong></span> <span class='ocrx_word' id='word_1_262' title='bbox 1867 4138 1972 4214; x_wconf 83' lang='lat' dir='ltr'><strong>lv,</strong></span> <span class='ocrx_word' id='word_1_263' title='bbox 2019 4141 2243 4224; x_wconf 83' lang='lat' dir='ltr'><strong>panxit</strong></span> <span class='ocrx_word' id='word_1_264' title='bbox 2289 4159 2387 4206; x_wconf 79' lang='lat' dir='ltr'><strong>vs.</strong></span> <span class='ocrx_word' id='word_1_265' title='bbox 2446 4145 2519 4206; x_wconf 79' lang='lat'><strong>15</strong></span> <span class='ocrx_word' id='word_1_266' title='bbox 2564 4156 2684 4224; x_wconf 81' lang='lat' dir='ltr'><strong>sq.:</strong></span> 
     </span>
    </p>
   </div>
   <div class='ocr_carea' id='block_1_3' title="bbox 650 4238 2343 4426">
    <p class='ocr_par' dir='ltr' id='par_1_10' title="bbox 650 4238 2343 4426">
     <span class='ocr_line' id='line_1_38' title="bbox 653 4238 2343 4327; baseline 0.004 -24"><span class='ocrx_word' id='word_1_267' title='bbox 653 4256 800 4303; x_wconf 86' lang='lat' dir='ltr'><strong>nam</strong></span> <span class='ocrx_word' id='word_1_268' title='bbox 848 4239 1010 4323; x_wconf 77' lang='lat' dir='ltr'><strong>quod</strong></span> <span class='ocrx_word' id='word_1_269' title='bbox 1055 4249 1232 4324; x_wconf 79' lang='lat' dir='ltr'><strong>turpe</strong></span> <span class='ocrx_word' id='word_1_270' title='bbox 1280 4238 1489 4316; x_wconf 47' lang='lat' dir='ltr'><strong>boni&amp;</strong></span> <span class='ocrx_word' id='word_1_271' title='bbox 1538 4242 1683 4307; x_wconf 82' lang='lat' dir='ltr'><strong>Tito</strong></span> <span class='ocrx_word' id='word_1_272' title='bbox 1730 4242 2044 4327; x_wconf 89' lang='lat' dir='ltr'><strong>Seioque‚&#39;</strong></span> <span class='ocrx_word' id='word_1_273' title='bbox 2091 4243 2343 4310; x_wconf 73' lang='lat' dir='ltr'><strong>decebat</strong></span> 
     </span>
     <span class='ocr_line' id='line_1_39' title="bbox 650 4340 1036 4426; baseline 0.008 -22"><span class='ocrx_word' id='word_1_274' title='bbox 650 4340 1036 4426; x_wconf 81' lang='lat' dir='ltr'><strong>Crispinum.</strong></span> 
     </span>
    </p>
   </div>
   <div class='ocr_carea' id='block_1_4' title="bbox 2847 1158 2860 4306">
    <p class='ocr_par' dir='ltr' id='par_1_11' title="bbox 2847 1158 2860 4306">
     <span class='ocr_line' id='line_1_40' title="bbox 2847 1158 2860 4306; baseline 0 0"><span class='ocrx_word' id='word_1_275' title='bbox 2847 1158 2860 4306; x_wconf 95' lang='lat' dir='ltr'><strong> </strong></span> 
     </span>
    </p>
   </div>
  </div>
 </body>
</html>
