2934 5050
443 295 570 358 402
1274 312 1674 360 comem-Anu
1721 314 1954 361 ιΑτιιεΑ.

440 483 507 544 et
558 479 839 567 ooniuyis
884 487 1080 566 atque
1120 482 1352 548 sororis
1379 516 1463 532 -
1484 482 1802 568 plorantes
1825 478 2229 567 -improba
2251 488 2430 544 notos
2451 475 2775 592 -reliqnit

440 588 508 649 et
548 601 643 652 va.
679 586 799 649 111
851 603 977 671 sq.:
1036 584 1156 652 hoc
1215 586 1434 672 pueris
1494 588 1893 674 patriaeque,
1959 585 2077 652 hoc
2127 582 2434 673 praetulit
2478 581 2580 651 illa
2621 580 2775 649 nerui

441 695 636 775 atque
685 687 841 754 viro.

537 790 749 874 Quare
796 800 1110 878 punctum
1161 795 1473 881 temporis
1521 814 1642 862 non
1695 794 1919 861 dubito
1965 791 2424 880 corrigendum
2472 810 2638 869 esse,
2680 807 2775 857 uua

441 894 689 964 abiecta
737 895 1038 963 literula:

711 999 878 1080 Quid
928 1003 1177 1088 privata
1225 1003 1413 1068 domu
1473 1003 1630 1088 quid
1676 1002 1904 1070 fecerit
1952 1002 2179 1089 Eppia,
2226 999 2464 1068 curas?

441 1104 532 1173 De
581 1103 784 1172 forma
833 1106 1042 1173 Dativi
1091 1108 1156 1172 in
1206 1120 1246 1171 n
1291 1105 1432 1174 vide
1466 1107 1724 1195 Zumpt.
1771 1113 1806 1194 ς
1848 1112 1970 1181 81,
2016 1106 2097 1173 ad
2137 1106 2498 1173 orationem
2535 1104 2616 1172 cs.
2649 1100 2780 1169 inira

441 1230 501 1276 v.
559 1213 680 1277 157
732 1229 848 1296 sq.:

1668 1315 1844 1383 hunc
1892 1314 2068 1381 dedit
2115 1314 2267 1381 olim

758 1418 1059 1485 barbarus
1107 1422 1387 1488 incestae
1432 1419 1610 1488 dedit
1655 1420 1830 1489 hunc
1877 1420 2161 1509 Ayrippa
2209 1423 2420 1486 sorori

439 1531 505 1593 et
556 1522 726 1601 VIII,
784 1527 946 1589 114:

1282 1631 1437 1718 quid
1486 1633 1770 1697 resinata
1813 1632 2117 1696 iuventus

850 1753 1170 1822 cruraque
1218 1738 1419 1802 totins
1462 1736 1698 1824 sacient
1742 1735 1856 1801 tibi
1903 1734 2062 1802 teria
2113 1736 2369 1822 gentis?

443 1838 489 1904 i.
538 1857 594 1905 e.
644 1837 797 1925 quid
840 1840 998 1906 mali
1041 1842 1279 1926 sacient
1324 1840 1440 1906 tibi
1484 1848 1637 1906 cett.

1281 1944 1416 2011 Sat.
1466 1944 1592 2022 Vl,
1662 1949 1782 2010 191
1840 1964 1980 2031 sqq.

622 2049 1062 2117 concumbunt
1108 2048 1389 2126 Graece,
1437 2050 1636 2115 dones
1682 2058 1896 2116 tamen
1949 2051 2072 2115 ista
2120 2047 2381 2136 puellis:

622 2163 782 2221 tune
824 2155 1059 2230 etiam,
1110 2175 1302 2241 quam
1352 2166 1575 2222 sextus
1622 2165 1685 2220 et
1735 2155 2214 2239 octogensimus
2256 2172 2477 2221 annus

622 2258 878 2347 pulsat,
920 2258 1134 2326 adhuc
1178 2259 1464 2326 Graece?
1517 2280 1641 2324 non
1689 2268 1789 2326 est
1831 2258 1939 2325 hic
1985 2278 2200 2324 sermo
2245 2257 2536 2344 pudicus

622 2365 687 2429 in
737 2363 985 2439 vetula,
1033 2365 1330 2450 quotiens
1376 2363 1692 2430 lascivum
1744 2365 2096 2430 intervenit
2148 2361 2303 2429 illud

622 2468 740 2552 ζωὴ
788 2470 893 2536 καὶ
940 2472 1164 2552 ψυχή,
1215 2468 1401 2537 modo
1447 2468 1569 2536 suh
1618 2466 1823 2536 indice
1865 2467 2111 2536 relictis

625 2576 827 2642 uteris
874 2575 938 2640 in
988 2574 1211 2648 turha;
1258 2574 1427 2661 quod
1476 2576 1649 2641 enim
1704 2594 1827 2641 non
1876 2576 2116 2642 excitet
2166 2576 2412 2659 inguen
2833 2637 2834 2660 χ

619 2698 741 2746 vox
790 2678 1018 2746 blanda
1062 2688 1130 2746 et
1178 2679 1500 2766 nequam?
1565 2680 1804 2765 digitos
1855 2679 2076 2756 habet,
2123 2689 2194 2744 ue
2244 2689 2472 2747 tamen
2523 2700 2736 2748 omnen
2831 2707 2832 2726 ¹

618 2784 940 2852 subsidant
988 2785 1252 2872 pinnae:
1303 2785 1484 2851 dicas
1533 2783 1688 2851 haec
1739 2783 1997 2851 mollius
2046 2784 2290 2851 Haemo
2829 2767 2830 2790 ¹

619 2910 1017 2979 quamquam
1065 2898 1131 2956 et
1179 2889 1635 2977 Carpophoro,
1687 2887 1884 2956 facies
1932 2898 2043 2955 tua
2087 2898 2427 2977 computat
2479 2911 2704 2958 annos.
2823 2899 2826 2982 J

536 2994 741 3062 Verba
790 2995 1014 3062 ultima
1062 2994 1276 3083 paullo
1317 2994 1550 3061 melius
1589 2997 1685 3060 sic
1731 2992 2186 3062 constituenda
2231 3013 2376 3061 esse
2427 2996 2822 3083 putaverim

1686 3108 1747 3164 et
1789 3107 2005 3165 tamen
2055 3118 2282 3166 omnes

616 3203 947 3271 subsidunt
991 3207 1267 3292 pinnae,
1315 3203 1497 3272 dicas
1545 3204 1703 3271 haec
1751 3203 2011 3270 mollius
2061 3204 2305 3270 Haemo

619 3327 1012 3396 quamquam
1060 3320 1127 3377 et
1170 3311 1596 3397 Carpophoro.
1693 3309 1917 3376 Facies
1964 3319 2076 3374 tua
2124 3319 2472 3396 computat
2521 3333 2740 3379 annos.

530 3413 897 3482 Sententia:
983 3435 1132 3481 nam
1215 3435 1335 3481 vox
1411 3414 1642 3482 blanda
1702 3427 1768 3481 et
1848 3435 2126 3501 nequam
2197 3414 2570 3500 digitorum
2639 3420 2656 3432 ‘

436 3521 723 3588 excitare
768 3519 934 3587 vaiet
986 3520 1176 3608 (valet
1223 3540 1337 3602 pro
1382 3520 1568 3586 habet
1617 3518 2054 3606 Heinrichius)
2109 3518 2207 3585 vel
2253 3518 2716 3606 languidissim

436 3645 686 3712 penem.
780 3624 1213 3691 Nihilominus
1272 3634 1344 3690 tu
1406 3645 1666 3711 operam
1739 3623 1982 3710 perdis:
2057 3624 2211 3690 lieet
2271 3626 2474 3693 toties
2523 3626 2683 3694 lasci

438 3728 598 3796 inud
660 3730 780 3812 ζωίι
831 3730 936 3796 καὶ
998 3733 1180 3809 ψυχή
1243 3730 1594 3795 interseras
1657 3729 1999 3817 (interserit
2063 3749 2178 3815 pro
2237 3730 2592 3798 intorva-it
2651 3729 2748 3797 fle

435 3834 629 3902 richii
675 3835 1045 3900 coniectura
1094 3834 1217 3920 est)
1271 3833 1462 3920 idque
1511 3835 1651 3920 ipso
1692 3834 1933 3900 Haemo
1971 3841 2036 3900 et
2075 3832 2498 3920 Carpophoro
2543 3835 2712 3904 molli

436 3949 653 4006 tamen
696 3939 1041 4006 subsidunt
1079 3941 1349 4006 amatori
1402 3948 1517 4005 tuo
1547 3958 1770 4004 omnoe
1809 3957 2094 4025 pennae,
2143 3939 2185 4002 i.
2227 3957 2285 4004 e-
2327 3940 2548 4008 iectat
2591 3945 2654 4010 ei

430 4056 827 4130 momen
864 4045 1165 4111 membro.
1213 4043 1354 4110 ΝοΙί
1404 4045 1669 4109 mirari:
1727 4063 1878 4109 nam
1926 4042 2122 4109 facioe
2162 4051 2274 4108 tna
2315 4045 2546 4130 prodit

434 4157 503 4214 et
548 4151 1055 4234 octogensimum
1104 4171 1231 4235 quo
1280 4149 1560 4235 pulsaris
1603 4168 1877 4215 annum.

1370 4254 1504 4320 Sat.
1559 4253 1682 4328 Vl,
1733 4256 1889 4319 268.

754 4377 1006 4442 semper
1054 4359 1239 4424 habet
1292 4360 1435 4424 lites
1484 4360 1854 4444 olleo-noque
1903 4361 2116 4444 iurgia
2167 4359 2398 4426 tectus.

2815 3207 2816 3240 ι

2812 3261 2814 3304 t
