2934 5050
901 303 1286 352 ruinonoetcn
1331 303 1405 350 ιτ
1447 304 1705 352 cumcs.
2374 286 2502 351 109

129 475 239 544 ἔςιν
279 474 732 555 Ἀλκιβιάδου,
798 475 861 540 έν
906 470 950 557 ᾧ
1010 480 1224 543 ταῦτα
1280 475 1693 556 γέγραπται,
1741 483 1805 541 et
1857 481 1997 561 post
2047 492 2278 561 pauca:
2326 473 2499 555 λαβέ

129 605 217 660 μοι
260 582 331 647 τὸ
377 584 698 665 ψήφισμα
752 583 962 649 τουτί.
1027 580 1203 661 λέγε.
1300 579 1494 647 Vides
1545 578 1888 647 Alcibiadis
1943 600 2084 647 esse
2134 579 2500 669 psephisma

132 687 303 756 idem.
376 688 806 778 Lysimachus
859 698 956 754 est
993 690 1372 770 Λυσίμαχος
1428 688 1761 769 Ἀρις-είδου
1801 690 2266 764 Ἀλωπεκῆθεν,
2307 685 2506 752 nobili

133 804 293 880 patre
342 803 578 872 natuS,
626 794 736 861 sed
788 795 922 882 ipse
964 803 1106 882 post
1139 792 1469 859 socordem
1514 803 1575 858 et
1616 791 1957 860 delicatam
2008 793 2504 861 adolescentiam

134 900 285 966 iners
331 911 397 967 et
448 904 611 988 reip.
662 899 936 967 inutilis,
1031 899 1312 966 Candide
1359 898 1603 965 fatetur
1656 900 1788 985 ipse
1838 899 2008 988 apud
2065 900 2388 967 Platonem
2441 900 2507 965 in

131 1004 381 1074 Lachete
454 1028 520 1094 p.
576 1011 723 1075 179.
790 1028 847 1073 c.
899 1009 1067 1086 ἡμῶν
1121 1007 1249 1089 γάρ
1311 1004 1596 1087 ἑκάτερος
1647 1006 2053 1094 (Λυσίμαχος
2104 1008 2134 1073 ὃ
2177 1006 2509 1089 Ἀριςείδου

130 1113 221 1178 καὶ
264 1115 603 1189 Μελησίας
663 1115 693 1179 ὁ
758 1113 1148 1200 Θουκυδίδου)
1218 1113 1353 1195 περὶ
1420 1117 1528 1179 τοῦ
1586 1113 1807 1179 ἑαυτοῦ
1855 1113 2087 1195 πατρὸς
2139 1113 2351 1179 πολλοὶ
2400 1112 2505 1179 καὶ

132 1219 285 1284 καλά
329 1218 495 1302 ἔργα
543 1218 681 1301 ἔχει
745 1220 958 1299 λέγειν
1018 1219 1163 1300 πρὸς
1217 1221 1359 1292 τοὺς
1406 1218 1751 1292 νεανίσκους
1799 1220 1903 1285 καὶ
1954 1215 2072 1285 ὅσα
2136 1220 2196 1285 ἐν
2259 1217 2510 1300 πολέμῳ

134 1325 488 1406 εἰργάσαντο
551 1326 660 1394 καὶ
720 1322 838 1392 ὅσα
902 1327 963 1391 ἐν
1020 1326 1248 1410 εἰρήνη,
1315 1325 1669 1396 διοικοῦντες
1735 1325 1821 1391 τά
1866 1349 1939 1391 τε
1983 1332 2102 1392 τῶν
2147 1323 2510 1406 συμμάχων

136 1430 226 1496 καὶ
267 1433 352 1497 τὰ
397 1434 597 1509 τῆσδε
630 1439 743 1507 τῆς
778 1430 1034 1504 πόλεως.
1069 1431 1437 1514 ἡμέτερα
1481 1432 1534 1497 δ’
1579 1433 1834 1497 αὐτῶν
1881 1431 2082 1512 ἔργα
2129 1432 2510 1513 οὐδέτερος

141 1533 164 1600 ἔ
173 1561 294 1619 χει
340 1538 665 1618 λέγειν·
713 1543 926 1605 ταῦτα
974 1538 1045 1612 δη
1095 1536 1608 1619 ὑπαισχυνόμεθά
1647 1562 1718 1604 τε
1766 1537 1985 1604 τούσδε
2018 1538 2125 1604 καὶ
2169 1538 2509 1617 αἰτιώμεθα

139 1644 256 1715 τοὺς
298 1644 587 1726 πατέρας
628 1646 796 1722 ἡμῶν
836 1641 928 1709 ὅτι
964 1648 1174 1723 ἡμᾶς
1219 1645 1360 1723 μὲν
1399 1643 1572 1710 εἴων
1616 1668 1657 1710 τ
1672 1647 1935 1726 ρυφοῖν
1976 1644 2183 1720 ἐπειδὴ
2219 1643 2511 1726 μειράκια

140 1750 456 1829 ἐγενόμεθα
477 1801 495 1826 ,
544 1751 631 1816 τά
680 1751 743 1817 δὲ
789 1757 908 1816 τῶν
955 1748 1166 1817 ἄλλων
1212 1748 1580 1833 πράγματα
1612 1747 1938 1832 ἔπραττον.
2016 1750 2137 1830 Qui
2182 1748 2340 1816 haec
2375 1758 2507 1815 tam

141 1854 384 1921 candide
414 1855 595 1923 ultro
616 1855 859 1922 fatetur
887 1876 1008 1921 non
1052 1865 1216 1931 erat,
1262 1865 1335 1922 ut
1377 1854 1834 1923 Demosthenes
1874 1854 2236 1942 praedicat,
2265 1851 2351 1929 εἷς
2391 1861 2511 1921 τῶν

141 1960 258 2027 τότε
296 1963 662 2046 χρησίμων,
710 1960 821 2028 sed
869 1961 1145 2044 ἄχρηςος
1187 1972 1269 2045 τῇ
1309 1964 1489 2028 πόλει
1531 1961 1590 2028 εἴ
1631 1985 1728 2037 τις
1767 1961 1872 2027 καὶ
1899 1958 2114 2034 ἄλλος.
2189 1958 2506 2041 Quamob-

145 2085 252 2133 rem
296 2070 509 2155 igitur
558 2067 667 2133 tali
733 2067 975 2133 homini
1048 2075 1178 2133 tam
1229 2066 1441 2188 ampla
1509 2069 1790 2156 praemia
1856 2066 2182 2133 Alcibiade
2245 2074 2509 2133 auctore

146 2172 365 2258 publice
414 2172 912 2242 decernuntur?
962 2171 1099 2241 Non
1153 2174 1312 2260 ipsi,
1361 2172 1470 2241 sed
1524 2175 1728 2302 patris
1792 2173 2139 2240 memoriae
2190 2172 2346 2240 haec
2400 2172 2509 2239 da-

149 2277 384 2360 hantnr,
434 2282 747 2370 quoniam

765 2388 1055 2456 tiu-tutem
1102 2391 1484 2458 incolumem
1532 2387 1806 2465 odimus,

599 2492 912 2561 sublatam
965 2518 1047 2563 ex
1094 2498 1291 2564 ocutis
1335 2496 1697 2586 quaerimus
1741 2493 1967 2563 invidi.

216 2599 343 2666 Jam
430 2619 591 2667 vero
667 2600 1003 2670 videamus
1079 2604 1247 2670 undc
1314 2611 1445 2669 tam
1522 2601 1869 2687 diligenter
1940 2597 2326 2665 Plutarchus
2398 2620 2510 2665 no·

151 2706 283 2773 verit
314 2703 405 2773 ὅτι
438 2711 473 2773 ὅ
506 2707 919 2786 Ἀλκιβιάδης
961 2708 1204 2792 ἔγραψε
1241 2710 1313 2775 τὸ
1353 2711 1664 2793 ψήφισμα
1696 2707 1768 2773 τὸ
1804 2706 2069 2788 περὶτοῦ
2093 2704 2506 2788 Λυσιμάχου.

153 2805 356 2899 Nempe
422 2812 599 2881 unde
661 2812 975 2881 didicerat
1033 2812 1127 2881 ὅτι
1186 2817 1289 2882 τὸν
1340 2812 1737 2894 Θεμιςοκλέα
1782 2811 2115 2895 ἐγράψατο
2160 2814 2514 2893 Λεωβώτης

158 2914 512 2998 Ἀλκμέωνος
569 2923 992 3003 Ἀγρυλῆθεν,
1069 2922 1150 2987 ab
1210 2920 1431 2988 eodem
1499 2919 1734 2986 sumsit
1794 2920 1866 2985 τὸ
1929 2923 2036 2984 τοῦ
2108 2918 2514 2999 Ἀλκιβιάδου

160 3023 455 3107 ψήφισμα.
557 3024 724 3093 Usus
774 3035 872 3093 est
921 3027 1166 3094 Crateri
1209 3038 1285 3111 τῇ
1324 3034 1439 3095 τῶν
1469 3025 1903 3110 ψηφισμάτων
1942 3034 2282 3108 συναγωγῇ
2311 3045 2517 3111 neque

161 3144 286 3213 opus
350 3151 496 3199 esse
560 3130 835 3199 credidit
914 3132 1263 3201 identidem
1336 3154 1529 3200 suum
1593 3140 1924 3199 auctorem
1991 3131 2347 3198 nominare.
2446 3130 2516 3197 In

160 3232 361 3304 talibus
410 3236 802 3305 Plutarchus
853 3260 1059 3327 neque
1107 3238 1382 3331 diligens
1430 3248 1530 3307 est
1581 3259 1788 3326 neque
1836 3240 2157 3305 curiosus.
2234 3236 2520 3304 Habebat

163 3334 367 3411 Crateri
445 3343 884 3426 ψηφισμάτων
965 3348 1390 3427 Συναγωγήν,
1481 3366 1683 3433 eaque
1766 3346 1827 3410 in
1911 3346 2063 3411 vitis
2149 3345 2517 3433 principum

167 3443 625 3518 Atheniensium
678 3449 953 3518 multum
1008 3451 1332 3518 utebatur.
1428 3451 1768 3534 Quantivis
1819 3450 2006 3535 pretii
2059 3450 2123 3515 in
2177 3469 2318 3517 eam
2381 3470 2515 3516 rem

165 3559 243 3615 est
284 3556 482 3641 ipsius
533 3555 863 3623 Plutarchi
914 3558 1357 3624 testimonium
1404 3559 1464 3623 in
1511 3558 1640 3622 vita
1690 3555 1908 3623 Niciae
1954 3576 2095 3642 cap.
2148 3562 2200 3622 1.
2252 3548 2326 3628 ἃς
2370 3559 2521 3634 γοῦν

169 3663 494 3739 Θουκυδίδης
544 3661 839 3742 ἐξήνεγκε
889 3662 1145 3745 πράξεις
1184 3664 1288 3730 καὶ
1339 3664 1585 3737 Φίλιςος
1607 3700 1696 3714 -
1720 3662 2070 3744 ἐπιδραμὼν
2116 3661 2403 3743 βραχέως
2437 3700 2523 3712 --

167 3763 236 3827 τὰ
273 3764 691 3852 διαφεύγοντα
739 3768 880 3843 τοὺς
928 3768 1197 3843 πολλοὺς
1221 3818 1237 3840 ,
1289 3771 1400 3851 ὑφ’
1446 3770 1655 3850 ἑτέρων
1704 3768 1755 3833 δ’
1802 3766 2087 3848 εἰρημένα
2134 3766 2438 3849 σποράδην
2486 3770 2521 3845 ἣ

171 3868 286 3948 πρὸς
328 3876 716 3955 ἀναθήμασιν
753 3875 788 3951 ἢ
831 3874 915 3963 (ἐν
964 3872 1140 3962 add.)
1176 3882 1716 3943 ΨΗΦιοΜΑειΝ
1754 3873 2053 3954 εὑρημένα
2100 3883 2521 3941 nAAAlolc

172 3980 517 4061 πεπείραμαι
565 3989 977 4060 συναγαγεῖν.
1074 3979 1339 4046 Minime
1377 3988 1593 4046 autem
1638 3979 2070 4045 necessarium
2116 4000 2256 4046 esse
2305 3980 2522 4045 existi-

176 4081 355 4151 mahat
397 4086 784 4163 identidem,
832 4087 887 4151 si
936 4083 1091 4172 quid
1139 4105 1217 4152 ex
1266 4087 1530 4152 Cratero
1577 4084 1974 4170 descriptum
2025 4103 2516 4151 commemoras·

176 4195 281 4265 set,
326 4189 514 4259 huius
556 4193 1011 4259 auctoritatem
1061 4209 1417 4279 apponere,
1488 4200 1556 4256 ut
1606 4191 1669 4255 in
1735 4187 2164 4255 Themistocle
2213 4210 2356 4276 cap.
2408 4194 2518 4256 25.

178 4289 199 4353 ὅ
235 4290 288 4359 δέ
328 4298 729 4380 γραψάμενος
778 4297 1097 4380 προδοσίας
1143 4295 1494 4376 Λεωβώτης
1546 4294 1617 4372 ἧν
1664 4294 2052 4375 Ἀλκμέωνος
2118 4297 2519 4376 Ἀγρυλῆθεν.

177 4391 527 4472 notissimus
574 4413 717 4473 erat
763 4402 928 4472 liber
974 4411 1039 4472 et
1080 4404 1145 4471 in
1187 4403 1477 4471 omnium
1523 4399 1930 4469 eruditorum
1976 4398 2294 4467 manibus.
2360 4399 2526 4467 Hinc
