2934 5050
299 259 386 324 86
1231 266 1309 314 An
1350 264 1754 315 mucrmnn.

394 441 530 529 Gap
577 444 689 506 41.
739 435 1111 518 πέμψαντες
1143 441 1320 520 σφῶν
1344 436 1548 503 αὐτῶν
1568 438 1711 511 τοὺς
1735 434 2268 513 ἐπιτηδειοτάτους
2306 436 2505 520 ε’λὴζ
2510 460 2541 503 ο
2558 458 2692 502 ντο

301 550 413 627 τὴν
473 546 835 620 Λακωνικὴν
894 543 1001 610 καὶ
1064 550 1300 611 πλεῖςα
1361 539 1686 621 ἔβλαπτον
1740 543 2044 628 ὁμόφωνοι
2087 540 2255 618 ὄντες
2274 593 2290 619 ‚
2334 542 2387 608 ol
2433 540 2498 608 δὲ
2544 551 2694 608 Λα·

303 651 671 734 κεδαιμόνιοι
718 651 983 725 άπαθεῑς
1027 646 1192 722 ὄντες
1244 649 1304 713 ἐν
1341 649 1428 731 τῷ
1474 648 1610 731 πρὶν
1653 648 1850 731 χρόνῳ
1904 646 2190 739 [λης-είας
2235 647 2371 737 καὶ]
2416 646 2692 714 τοιούτου

304 758 581 839 πολέμου
627 758 758 824 κτὲ.
856 753 1176 821 vocabula
1226 749 1472 819 inclusa
1525 752 1667 820 vide
1715 775 1796 821 ne
1842 756 1973 820 sint
2022 754 2420 840 interpretis·

399 863 560 951 Gap,
625 869 709 931 55
778 859 946 927 med.
1010 857 1070 933 ἔς
1128 884 1199 924 τε
1244 860 1329 925 τὰ
1376 859 1726 940 πολεμικὰ,
1773 859 1941 942 εἴπερ
1989 860 2180 938 ποτὲ,
2225 857 2558 940 μάλιςα
2605 857 2694 933 δὴ

304 970 665 1056 θκνηρότεροι
714 966 1012 1048 ἐγένοντο.
1075 964 1242 1031 Haec
1293 964 1485 1030 verba
1526 985 1650 1030 non
1692 967 1850 1032 satis
1890 964 2231 1051 intellego,
2282 965 2407 1031 nisi
2448 964 2696 1030 inserta

305 1087 449 1168 post.
492 1074 744 1158 μάλιςα
786 1073 856 1147 δη
908 1069 1129 1137 vocula
1175 1069 1344 1136 τότε.
1441 1069 1643 1136 Nemo
1688 1072 1859 1139 enim
1898 1070 2149 1152 μάλιςα
2196 1072 2307 1147 δὴ.
2379 1078 2493 1136 aut.
2540 1089 2694 1136 cum

306 1179 624 1262 πολεμικά
663 1188 777 1245 aut
815 1196 962 1243 cum
1006 1176 1364 1257 ὅκνηρότεροι
1403 1175 1681 1254 ἐγένοντο
1731 1177 1908 1262 iungi
1960 1197 2143 1265 posse
2191 1175 2561 1244 contendet.

399 1288 474 1354 ln
516 1293 804 1353 extremo
847 1283 1058 1367 capite
1097 1281 1510 1370 Thucydides
1550 1281 1705 1349 dare
1733 1292 2061 1370 potuerat:
2110 1287 2238 1350 πᾶν
2270 1280 2361 1350 ’ὅτι
2385 1283 2700 1360 κινησειαν

309 1392 487 1478 ᾤοντο
548 1387 1016 1472 ἁμαρτήσεσθαι
1081 1388 1182 1454 διὰ
1244 1388 1314 1455 τὸ
1375 1388 1522 1462 την
1585 1389 1903 1468 γνώμην
1961 1388 2477 1470 άνεχέγγυοι
2550 1399 2701 1474 (pro

306 1496 726 1584 άνεχὲγγυον)
778 1494 1153 1575 γεγενῆσθαι
1201 1492 1271 1559 ε’κ.
1317 1501 1428 1570 τῆς
1473 1495 1609 1577 πρὶν
1649 1495 1902 1570 άηθείας
1943 1498 2051 1563 τοῦ
2090 1503 2538 1578 κακοπραγεΐν.
2593 1492 2701 1560 Di-

312 1604 486 1671 citur
534 1602 706 1669 euim
756 1600 1068 1682 ἐχέγγυος
1115 1607 1244 1665 tam
1292 1598 1371 1666 de
1417 1600 1707 1686 personis
1753 1621 1946 1687 quam
1997 1600 2076 1668 de
2126 1600 2341 1668 rebus.
2395 1598 2494 1666 Cf.
2527 1599 2700 1666 Plut.

311 1712 490 1777 Aem.
554 1707 752 1774 Pauli.
799 1725 939 1792 cap.
986 1708 1069 1782 8,
1125 1703 1366 1770 Public.
1422 1710 1498 1783 3,
1549 1705 1739 1793 Soph.
1793 1705 1866 1773 Ο.
1919 1705 1994 1774 C.
2052 1711 2202 1774 285.
2260 1706 2377 1772 'lta
2426 1704 2689 1771 tametsi

313 1812 798 1883 rescribendum
826 1831 964 1878 esse
990 1830 1104 1898 pro
1128 1819 1307 1876 certo
1331 1810 1660 1878 affirmare
1710 1833 1833 1877 non
1882 1816 2136 1892 ausim,
2191 1823 2446 1899 rogatos
2472 1823 2698 1878 tamen

313 1921 503 1989 velim
572 1939 673 1986 me
731 1917 1104 2006 peritiores,
1169 1936 1382 1983 annon
1444 1929 1686 2005 pugnet
1739 1937 1851 2005 pro
1902 1909 2011 1983 itta'
2061 1916 2332 1984 lectione
2382 1917 2702 1983 omissum

314 2044 661 2115 pronomen
713 2025 914 2090 αὐτῶν
968 2019 1063 2088 vel
1117 2023 1347 2097 αὐτοῖς.

407 2132 559 2218 Cap.
602 2133 688 2197 156
740 2129 882 2194 init.
935 2136 1082 2200 Τοῖς
1126 2127 1181 2194 δ’
1223 2128 1560 2204 Ἀθηναίοις
1600 2127 1745 2196 τότε
1790 2131 1900 2208 την
1946 2127 2452 2212 παραθαλάσσιον
2495 2129 2702 2211 δηοῦσι

317 2235 405 2302 τὰ
447 2238 565 2315 μὲν
633 2236 847 2302 πολλοὶ
912 2232 1249 2314 ἡσύχασαν
1308 2236 1385 2308 ὥς
1451 2237 1591 2303 καθ’
1651 2235 1876 2312 ἑκάςην
1935 2236 2204 2321 Φρουρὰν
2263 2234 2543 2316 γίγνοιτό
2604 2258 2704 2307 τις

318 2339 661 2420 α’πόβασις,
709 2339 924 2415 πλήθει
978 2337 1105 2427 [τε]
1152 2336 1454 2413 ἐλάσσους
1503 2335 1713 2410 ἕκαςοι
1752 2341 2077 2422 ἡγούμενοι
2126 2338 2280 2409 εἶναι
2326 2340 2463 2407 καὶ
2512 2340 2574 2405 ἐν
2615 2340 2704 2422 τῷ

319 2446 588 2529 τοιούτῳ.
640 2443 845 2511 Verba
893 2443 986 2508 sic
1033 2443 1271 2531 scripta
1328 2442 1569 2510 nullam
1614 2465 1835 2513 sanam
1882 2448 2290 2515 admittentia
2319 2447 2707 2535 interpreta-

322 2553 563 2618 tionem
614 2549 918 2616 facillima
958 2558 1149 2615 erunt
1201 2547 1280 2615 ad
1331 2549 1875 2636 intellegendum,
1918 2557 1974 2622 si
2019 2562 2269 2621 mutato
2309 2572 2563 2619 mectuu
2594 2550 2712 2618 καί

327 2659 393 2724 in
441 2659 554 2735 ὥς,
601 2674 879 2744 quocum
947 2653 1250 2721 conlundi
1301 2655 1457 2721 solet
1509 2656 1574 2722 in
1624 2657 1987 2737 codicibus,
2051 2660 2362 2727 deleveris
2412 2655 2707 2722 voculam

321 2787 394 2829 τε
442 2771 585 2850 post
633 2761 895 2839 πλήθει,
960 2758 1097 2825 loco
1160 2760 1284 2826 iam
1345 2769 1653 2847 corrupto
1719 2764 2027 2832 insertam
2093 2786 2128 2830 a
2176 2774 2582 2839 correctore,
2634 2769 2710 2828 ut

327 2864 743 2955 responderet
797 2866 1091 2953 sequenti
1138 2866 1425 2953 copulae.
1474 2870 1601 2941 Ὠς
1625 2870 1686 2934 ἐν
1710 2872 1793 2953 τῷ
1827 2876 2074 2953 τοιούτῳ
2097 2869 2447 2954 significat:
2500 2878 2715 2956 utpote

323 2973 392 3038 in
441 2972 557 3038 Ιιοο
601 2992 814 3038 rerum
862 2981 1049 3038 statu.
1098 2967 1348 3059 Quippe
1402 2972 1837 3061 Peloponnesii
1887 2994 2141 3041 omnem
2196 2975 2500 3041 fiduciam
2540 2975 2711 3040 ami·

329 3086 574 3145 serant.
637 3075 733 3144 Cf.
795 3096 932 3161 cap.
999 3081 1107 3143 55.
1161 3075 1507 3144 Classenus
1561 3078 1766 3145 locum
1820 3080 1914 3145 sic
1965 3080 2466 3168 interpretatur,
2519 3081 2712 3168 quasi

329 3184 646 3270 scriptun}
695 3188 999 3248 exstaret:
1051 3182 1271 3258 πλήθει
1317 3207 1388 3249 τε
1435 3183 1736 3258 ἐλάσσους
1782 3180 1989 3256 ἔκαε-οι
2039 3186 2361 3266 ἧγούμενοι
2405 3183 2561 3254 εἶναι
2600 3188 2709 3254 καὶ

327 3287 549 3361 ὄντες
612 3287 672 3352 ἑν
732 3288 817 3370 τῷ
879 3285 1150 3371 τοιούτῳ.
1226 3285 1431 3369 Quam
1500 3293 2093 3378 interpretationem
2153 3291 2313 3358 mihi
2354 3303 2530 3360 certe
2581 3312 2708 3359 non

333 3391 648 3481 probavit.
700 3391 770 3458 Si
815 3400 1028 3459 tamen
1055 3413 1206 3459 vera
1231 3403 1364 3471 est,
1412 3395 1824 3463 inserendum
1854 3396 2082 3465 saltem
2109 3397 2233 3464 erit
2261 3398 2706 3485 participium.

420 3498 500 3564 Ga
511 3519 570 3583 p.
590 3501 676 3564 60
692 3506 855 3564 extr.
880 3498 1143 3580 τιμωρία
1168 3499 1295 3580 γὰρ
1318 3501 1426 3566 οὔκ
1451 3502 1714 3582 εὐτυχεῖ
1729 3501 1798 3568 δι
1816 3503 2007 3569 καίοι
2026 3528 2078 3581 ς,
2100 3500 2140 3569 ὅ
2146 3527 2223 3569 τι
2248 3503 2355 3569 καὶ
2380 3503 2712 3580 άδικεῒται,

331 3604 450 3671 οὐδ’
497 3605 685 3684 ἰσχὺς
729 3603 1033 3684 βέβαιον,
1083 3603 1290 3671 διότι
1340 3605 1445 3671 καὶ
1496 3605 1733 3674 εὔελπι.
1808 3607 2174 3675 Badhamus
2220 3609 2481 3676 Adhore.
2520 3631 2582 3696 p.
2630 3615 2713 3678 18

332 3730 448 3797 pro
513 3710 848 3782 δικαίως
918 3704 1035 3775 ὅτι
1100 3713 1384 3796 reposuit
1447 3711 1699 3790 διότι,
1761 3713 1871 3779 sed
1937 3713 2253 3782 refellitur
2310 3713 2446 3782 loco
2507 3716 2714 3784 Cassii

334 3814 554 3883 Dionis
579 3813 773 3881 thv
801 3819 914 3880 27:
941 3814 1082 3882 οὔτε
1104 3816 1174 3882 τὸ
1209 3819 1756 3897 πλεονεκτούμενον
1791 3818 1851 3884 ἕν
1875 3843 1993 3886 τινι
2016 3820 2317 3894 πάντως
2355 3824 2714 3905 εὖτυχεῒ,

329 3917 449 3987 ὅτι
500 3920 634 3987 καὶ
682 3921 1143 3998 α’δικεῒται,
1191 3923 1332 3989 οὔτε
1392 3924 1462 3989 τὸ
1511 3925 1762 4003 δυνάμει
1811 3930 2081 4008 προῦχον
2126 3927 2448 4001 πάντως
2493 3952 2717 4012 κατορ·

330 4027 457 4105 θοῒ,
521 4025 732 4093 διότι
793 4025 899 4092 καὶ
966 4027 1231 4110 προήκει.
1331 4028 1508 4096 Unde
1579 4050 1692 4118 pro
1755 4030 2139 4111 δικαίως,
2200 4030 2366 4119 quod
2433 4033 2718 4119 permire

330 4130 576 4199 dictum
649 4140 784 4212 est,
857 4136 1250 4200 correxerim
1317 4134 1682 4215 πάντως,
1747 4157 1939 4224 quem
2006 4137 2086 4204 ad
2134 4136 2393 4204 modum
2449 4137 2714 4206 Dionem

331 4235 563 4323 legisse
626 4236 947 4325 probabile
1010 4238 1078 4306 lit
1126 4257 1203 4306 ex
1251 4237 1376 4307 alio
1424 4262 1680 4329 quoquc
1733 4241 1909 4321 loco,
1971 4243 2083 4331 qui
2131 4251 2230 4311 est
2278 4244 2344 4310 in
2391 4245 2719 4331 excerptis
