2934 5050
363 275 495 340 352
1375 293 1718 342 nonium.

633 468 790 533 ὥστε
836 491 938 545 μοι
986 463 1375 531 άθανάτΟΙΕ
1419 464 1784 530 ἰνδάλλεται
1834 460 2243 543 εἰσοράασθαι.

362 581 574 662 spreta
632 595 782 641 vera
841 576 1153 658 scriptura
1211 571 1292 636 ab
1337 570 1760 654 Aristophane
1803 573 2054 653 reperta
2094 566 2479 633 ἀθάνατος.
2554 570 2763 637 Meni

361 680 536 746 labes
593 685 737 766 post
798 680 1108 744 amissum
1171 675 1479 753 δίγαμμα
1541 677 1809 739 vitiosas
1868 677 2212 758 scripturas
2256 673 2569 757 pariebat.
2642 675 2763 741 Le-

361 788 599 873 gebant
645 791 862 849 tamen
900 803 1117 849 omnes
1155 781 1338 845 Iliad.
1381 789 1462 843 Ψ.
1501 778 1654 843 460.
1696 777 1889 850 ἄλλος
1931 778 1983 842 δ’
2024 778 2314 857 ἡνίοχος
2354 778 2756 846 ἰνδάλλεται.

362 891 515 957 Sine
560 911 749 957 causa
788 889 1134 955 haerebant
1176 906 1451 971 namque
1497 884 1656 950 olim
1701 883 1943 948 fuerat:

633 993 748 1064 ὥτε
795 1018 899 1071 μοι
940 991 1245 1062 άθάνατος
1291 989 1682 1057 εινδάλλεται
1728 986 2119 1068 εἰσοράασθαι
2142 1038 2157 1051 .

361 1107 465 1166 et:
513 1098 706 1171 ἄλλος
752 1099 805 1165 δ’
849 1100 1091 1179 ἡνίοχος
1136 1095 1560 1169 νινδάλλεται,
1609 1101 1675 1159 et
1717 1092 1946 1178 Odyss.
1993 1117 2053 1158 τ.
2104 1093 2264 1160 224.

632 1205 808 1270 άλλὰ
854 1204 961 1270 καὶ
1009 1199 1083 1275 ὦς
1131 1201 1298 1282 εερέω
1344 1198 1420 1272 ὥς
1466 1223 1569 1277 μοι
1617 1198 2007 1265 εινδάλλεται
2056 1194 2231 1278 ἦτορ.

360 1317 427 1377 et
470 1310 654 1377 Hiad.
700 1320 769 1375 P.
817 1309 970 1374 213.
1016 1307 1259 1373 Hector

634 1414 724 1493 βῆ
770 1417 847 1496 ῥα
892 1414 1070 1492 μέγα
1116 1410 1378 1493 ειάχων,
1427 1408 1779 1476 εινδάλλετο
1828 1408 1894 1502 δέ
1941 1415 2122 1492 σφισι
2169 1414 2327 1475 πᾶσι

639 1517 895 1598 τεύχεσι
941 1515 1345 1595 λαμπόμενος
1392 1514 1765 1593 μεγαθύμου
1813 1516 2151 1589 Πηλεΐωνος
2176 1566 2190 1580 .

361 1625 476 1689 ubi
514 1628 778 1710 antiqua
815 1628 1128 1709 scriptura
1166 1629 1302 1688 erat
1337 1620 1739 1700 λαμπόμενος
1765 1620 2129 1695 Πηληιάδεω
2154 1624 2457 1703 ’Azenia
2476 1671 2496 1696 ‚
2521 1622 2753 1690 deinde

360 1728 630 1815 vulg-ata
675 1735 774 1795 est
815 1735 1099 1814 recepta,
1147 1728 1255 1792 sed
1292 1733 1519 1792 neutra
1553 1725 1918 1791 Aristarcho
1956 1726 2375 1810 probabatur,
2418 1730 2535 1812 qui
2570 1735 2753 1794 ratus

361 1834 714 1900 νινδάλλετο
776 1856 909 1899 esse
966 1833 1140 1898 idem
1198 1832 1368 1918 quod
1428 1829 1596 1911 ἐῴκει
1620 1881 1637 1908 ,
1704 1831 1904 1907 ὁμοῖος
1958 1828 2029 1905 ἦν
2093 1829 2193 1918 (ut
2234 1834 2306 1896 in
2350 1831 2751 1899 άθανάτΟΙΟ

360 1936 778 2019 εινδάλλεται)
843 1939 1150 2025 genitivis
1207 1937 1458 2002 dativos
1519 1938 1853 2020 supposuit
1901 1936 2250 2001 εινδάλλετο
2278 1975 2366 1985 —-
2388 1939 2753 2018 μεγαθύμῳ

362 2045 682 2119 Πηλεΐωνι.
752 2043 947 2109 Recte
1006 2062 1114 2107 me
1173 2041 1385 2106 iudice
1429 2046 1496 2105 et
1540 2040 1982 2126 Aristophanis
2025 2043 2342 2127 scriptura
2384 2041 2751 2109 ἀθάνατος

361 2147 751 2215 νινδάλλεται
813 2152 1064 2234 recepta
1116 2153 1245 2224 est,
1310 2151 1375 2211 et
1436 2147 1838 2214 Aristarchea
1880 2147 2233 2228 μεγαθύμῳ
2281 2151 2579 2220 Πηλεΐωνι
2622 2170 2755 2214 nou

357 2261 456 2319 est
498 2260 766 2338 recepta.

1449 2497 1645 2571 XIV.

924 2701 1010 2757 01
1060 2697 2163 2756 METAXAPAKTHPICANTGC.

447 2887 629 2956 Libri
672 2894 914 2954 veteres
932 2934 949 2965 ,
996 2888 1164 2952 unde
1207 2886 1563 2953 Zenodotus
1606 2888 1854 2971 primus
1898 2889 2189 2951 omnium
2237 2907 2425 2952 suam
2467 2886 2747 2954 Homeri

355 2991 652 3074 διόρθωσιν
718 2994 1152 3069 concinnavit,
1225 2994 1464 3057 exarati
1534 2994 1714 3056 erant
1779 2989 2153 3069 γράμμασιν
2226 2990 2542 3063 Ἀττικοῖς
2598 2997 2746 3061 sive

353 3100 686 3179 ἀρχαϊκοῖς
703 3145 721 3175 ,
784 3095 1079 3182 qualibus
1137 3097 1554 3161 Athenienses
1598 3101 1743 3160 ante
1788 3095 2125 3161 Euclidem
2171 3099 2239 3160 in
2284 3100 2463 3162 omni
2505 3119 2746 3184 genere

358 3202 889 3268 documentorum
926 3202 1294 3266 utebantur
1309 3249 1326 3277 ,
1390 3220 1672 3285 quaeque
1729 3205 1874 3285 post
1931 3206 2254 3286 receptam
2298 3201 2743 3268 litteraturam

355 3306 637 3372 Ionicam
682 3308 719 3380 ἦ
766 3306 1021 3371 παλαιοὶ
1065 3306 1482 3386 γραμματική
1529 3311 1643 3370 aut
1689 3307 1726 3378 ἧ
1773 3305 2017 3385 άρχαιά
2062 3310 2485 3386 γραμματική
2524 3308 2743 3394 appel·

350 3411 473 3477 lari
515 3411 798 3477 solebant
1023 3418 1041 3435 ·

445 3516 796 3582 zenodotus
857 3520 1063 3604 igitur
1123 3538 1323 3601 quum
1383 3518 1472 3581 τά
1531 3516 1801 3581 Ἀττικά
1845 3513 2211 3596 γράμματα
2256 3520 2745 3584 transscriberet

352 3623 439 3696 εἰς
508 3622 594 3686 τά
662 3621 935 3699 Ἰωνικά,
1013 3623 1207 3707 (quod
1263 3621 1911 3702 μεταχαρακτηρίζειν
1973 3622 2241 3701 dicitur,
2306 3623 2376 3688 id
2436 3630 2535 3689 est
2591 3625 2742 3695 τοὺς

353 3726 676 3797 Ἀττικοὺς
735 3733 853 3791 τῶν
913 3726 1310 3807 γραμμάτων
1371 3735 1780 3807 χαρακτῆρας
1843 3729 1927 3797 εἰς
1991 3728 2130 3799 τοὺς
2192 3729 2489 3801 Ἰωνικοὺς
2534 3752 2746 3805 μετε-

353 3831 653 3917 γράφειν)
717 3832 975 3897 videtur
1032 3835 1100 3896 in
1159 3853 1234 3897 ea
1291 3854 1360 3897 re
1421 3831 1754 3897 nonnullos
1815 3834 2207 3897 commisisse
2251 3853 2525 3911 errores,
2576 3853 2745 3920 quos

352 3940 592 4023 partim
636 3938 1086 4021 Aristophanes
1132 3937 1543 4022 deprehendit
1562 3985 1578 4015 ,
1628 3936 1786 4002 alios
1828 3937 2234 4001 Aristarchus
2248 3985 2265 4012 ,
2305 3937 2471 4004 alios
2505 3936 2745 4005 Critian

352 4049 495 4129 post
538 4042 998 4107 Aristarchum.
1062 4040 1442 4126 Supererant
1481 4047 1545 4108 et
1582 4043 1711 4108 alia
1747 4042 2057 4127 quaedam
2095 4041 2331 4106 menda
2365 4044 2519 4108 hinc
2556 4051 2737 4123 ortt,

350 4167 511 4230 quae
555 4146 886 4211 Bekkerus
934 4147 1229 4211 abstersit
1272 4168 1386 4212 nec
1435 4148 1661 4212 desunt
1706 4148 1833 4212 alia
1867 4147 2174 4213 nonnulla
2208 4152 2463 4214 nostras
2500 4152 2745 4216 aet-ath

348 4247 607 4314 Criticis
653 4252 886 4336 quique
929 4257 1072 4335 post
1114 4254 1370 4316 venturi
1413 4258 1563 4318 sunt
1609 4252 2045 4340 abstergenda.
2116 4251 2189 4316 In
2229 4251 2460 4339 Odyss.
2500 4278 2567 4319 α.
2594 4254 2743 4320 254

349 4353 665 4417 ferebatur
706 4359 892 4420 vetus
936 4358 1245 4439 scriptura
1288 4356 1475 4421 haec:
1516 4418 1520 4425 ,
2782 4386 2793 4393 ·
