<?xml version="1.0" encoding="UTF-8"?>
<!DOCTYPE html PUBLIC "-//W3C//DTD XHTML 1.0 Transitional//EN"
    "http://www.w3.org/TR/xhtml1/DTD/xhtml1-transitional.dtd">
<html xmlns="http://www.w3.org/1999/xhtml" xml:lang="en" lang="en">
 <head>
  <title>
</title>
<meta http-equiv="Content-Type" content="text/html;charset=utf-8" />
  <meta name='ocr-system' content='tesseract 3.04.00' />
  <meta name='ocr-capabilities' content='ocr_page ocr_carea ocr_par ocr_line ocrx_word'/>
</head>
<body>
  <div class='ocr_page' id='page_1' title='image "./mnemosynebiblio09servgoog/mnemosynebiblio09servgoog_0760.png"; bbox 0 0 2934 5050; ppageno 0'>
   <div class='ocr_carea' id='block_1_1' title="bbox 361 288 1745 357">
    <p class='ocr_par' dir='ltr' id='par_1_1' title="bbox 361 288 1745 357">
     <span class='ocr_line' id='line_1_1' title="bbox 361 288 1745 357; baseline 0 0"><span class='ocrx_word' id='word_1_1' title='bbox 361 288 495 357; x_wconf 73' lang='lat'><strong>202</strong></span> <span class='ocrx_word' id='word_1_2' title='bbox 1402 296 1745 357; x_wconf 54' lang='lat' dir='ltr'><strong>nomos.</strong></span> 
     </span>
    </p>
   </div>
   <div class='ocr_carea' id='block_1_2' title="bbox 357 477 2738 884">
    <p class='ocr_par' dir='ltr' id='par_1_2' title="bbox 357 477 2738 884">
     <span class='ocr_line' id='line_1_2' title="bbox 360 477 2738 570; baseline 0.001 -25"><span class='ocrx_word' id='word_1_3' title='bbox 360 479 626 545; x_wconf 88' lang='lat' dir='ltr'><strong>crimine</strong></span> <span class='ocrx_word' id='word_1_4' title='bbox 669 484 969 547; x_wconf 87' lang='lat' dir='ltr'><strong>tenentur</strong></span> <span class='ocrx_word' id='word_1_5' title='bbox 985 527 1002 558; x_wconf 92' lang='lat'>‚</span> <span class='ocrx_word' id='word_1_6' title='bbox 1053 478 1421 566; x_wconf 79' lang='lat' dir='ltr'>similesque</span> <span class='ocrx_word' id='word_1_7' title='bbox 1468 487 1619 546; x_wconf 84' lang='lat' dir='ltr'><strong>sunt</strong></span> <span class='ocrx_word' id='word_1_8' title='bbox 1661 481 2011 570; x_wconf 87' lang='lat' dir='ltr'><strong>philologis</strong></span> <span class='ocrx_word' id='word_1_9' title='bbox 2056 479 2442 569; x_wconf 89' lang='lat' dir='ltr'><strong>quibusdam</strong></span> <span class='ocrx_word' id='word_1_10' title='bbox 2490 481 2561 545; x_wconf 91' lang='lat' dir='ltr'><strong>in</strong></span> <span class='ocrx_word' id='word_1_11' title='bbox 2599 477 2738 547; x_wconf 69' lang='lat' dir='ltr'><strong>Gal-</strong></span> 
     </span>
     <span class='ocr_line' id='line_1_3' title="bbox 357 575 2738 676; baseline 0 -25"><span class='ocrx_word' id='word_1_12' title='bbox 357 575 450 651; x_wconf 85' lang='lat' dir='ltr'><strong>lia</strong></span> <span class='ocrx_word' id='word_1_13' title='bbox 508 584 939 652; x_wconf 77' lang='lat' dir='ltr'><strong>festivissimis</strong></span> <span class='ocrx_word' id='word_1_14' title='bbox 999 585 1135 652; x_wconf 90' lang='lat' dir='ltr'><strong>illis</strong></span> <span class='ocrx_word' id='word_1_15' title='bbox 1193 586 1454 671; x_wconf 88' lang='lat' dir='ltr'><strong>quidem</strong></span> <span class='ocrx_word' id='word_1_16' title='bbox 1509 592 1574 652; x_wconf 89' lang='lat' dir='ltr'><strong>et</strong></span> <span class='ocrx_word' id='word_1_17' title='bbox 1634 587 2130 676; x_wconf 78' lang='lat' dir='ltr'><strong>elegantissimis</strong></span> <span class='ocrx_word' id='word_1_18' title='bbox 2189 589 2352 655; x_wconf 81' lang='lat' dir='ltr'><strong>viris</strong></span> <span class='ocrx_word' id='word_1_19' title='bbox 2411 587 2524 653; x_wconf 86' lang='lat' dir='ltr'><strong>sed</strong></span> <span class='ocrx_word' id='word_1_20' title='bbox 2589 586 2738 651; x_wconf 66' lang='grc' dir='ltr'><strong><em>οὐδὲν</em></strong></span> 
     </span>
     <span class='ocr_line' id='line_1_4' title="bbox 361 691 2738 782; baseline 0.001 -28"><span class='ocrx_word' id='word_1_21' title='bbox 361 691 642 756; x_wconf 78' lang='grc' dir='ltr'><strong><em>ἐπαΐουσι</em></strong></span> <span class='ocrx_word' id='word_1_22' title='bbox 703 697 820 756; x_wconf 82' lang='grc' dir='ltr'><strong>τῶν</strong></span> <span class='ocrx_word' id='word_1_23' title='bbox 881 692 1166 758; x_wconf 79' lang='grc' dir='ltr'><strong><em>τοιούτων</em></strong></span> <span class='ocrx_word' id='word_1_24' title='bbox 1213 692 1390 773; x_wconf 83' lang='grc' dir='ltr'><strong><em>πέρι,</em></strong></span> <span class='ocrx_word' id='word_1_25' title='bbox 1457 695 1568 778; x_wconf 88' lang='lat' dir='ltr'><strong>qui</strong></span> <span class='ocrx_word' id='word_1_26' title='bbox 1615 692 1948 782; x_wconf 84' lang='lat' dir='ltr'><strong>digamma</strong></span> <span class='ocrx_word' id='word_1_27' title='bbox 1992 714 2105 779; x_wconf 87' lang='lat' dir='ltr'><strong>per</strong></span> <span class='ocrx_word' id='word_1_28' title='bbox 2145 691 2366 758; x_wconf 86' lang='lat' dir='ltr'><strong>lusum</strong></span> <span class='ocrx_word' id='word_1_29' title='bbox 2412 696 2738 778; x_wconf 82' lang='lat' dir='ltr'><strong>iocumque</strong></span> 
     </span>
     <span class='ocr_line' id='line_1_5' title="bbox 358 794 2736 884; baseline 0 -22"><span class='ocrx_word' id='word_1_30' title='bbox 358 815 474 882; x_wconf 93' lang='lat' dir='ltr'><strong>pro</strong></span> <span class='ocrx_word' id='word_1_31' title='bbox 520 794 778 863; x_wconf 89' lang='lat' dir='ltr'><strong>Aeolico</strong></span> <span class='ocrx_word' id='word_1_32' title='bbox 825 797 1253 863; x_wconf 62' lang='lat' dir='ltr'><strong>Britannicum</strong></span> <span class='ocrx_word' id='word_1_33' title='bbox 1296 796 1776 884; x_wconf 85' lang='lat' dir='ltr'><strong>appellitabant.</strong></span> <span class='ocrx_word' id='word_1_34' title='bbox 1846 799 2135 866; x_wconf 80' lang='lat' dir='ltr'><strong>Fuerunt</strong></span> <span class='ocrx_word' id='word_1_35' title='bbox 2178 797 2292 864; x_wconf 86' lang='lat' dir='ltr'><strong>alii</strong></span> <span class='ocrx_word' id='word_1_36' title='bbox 2337 799 2451 884; x_wconf 88' lang='lat' dir='ltr'><strong>qui</strong></span> <span class='ocrx_word' id='word_1_37' title='bbox 2495 801 2568 863; x_wconf 83' lang='lat' dir='ltr'><strong>in</strong></span> <span class='ocrx_word' id='word_1_38' title='bbox 2609 817 2736 864; x_wconf 85' lang='lat' dir='ltr'><strong>con-</strong></span> 
     </span>
    </p>
   </div>
   <div class='ocr_carea' id='block_1_3' title="bbox 360 903 2752 992">
    <p class='ocr_par' dir='ltr' id='par_1_3' title="bbox 360 903 2752 992">
     <span class='ocr_line' id='line_1_6' title="bbox 360 903 2752 992; baseline 0.001 -25"><span class='ocrx_word' id='word_1_39' title='bbox 360 903 632 967; x_wconf 87' lang='lat' dir='ltr'><strong>trarium</strong></span> <span class='ocrx_word' id='word_1_40' title='bbox 694 921 968 969; x_wconf 86' lang='lat' dir='ltr'><strong>errorem</strong></span> <span class='ocrx_word' id='word_1_41' title='bbox 1033 925 1099 970; x_wconf 91' lang='lat' dir='ltr'><strong>se</strong></span> <span class='ocrx_word' id='word_1_42' title='bbox 1160 903 1530 969; x_wconf 81' lang='lat' dir='ltr'><strong>inducerent</strong></span> <span class='ocrx_word' id='word_1_43' title='bbox 1593 910 1658 970; x_wconf 89' lang='lat' dir='ltr'><strong>et</strong></span> <span class='ocrx_word' id='word_1_44' title='bbox 1722 905 1853 971; x_wconf 86' lang='lat' dir='ltr'><strong>fere</strong></span> <span class='ocrx_word' id='word_1_45' title='bbox 1908 906 2148 992; x_wconf 86' lang='lat' dir='ltr'><strong>ubique</strong></span> <span class='ocrx_word' id='word_1_46' title='bbox 2206 903 2338 970; x_wconf 83' lang='lat' dir='ltr'><strong>levi</strong></span> <span class='ocrx_word' id='word_1_47' title='bbox 2395 906 2752 990; x_wconf 68' lang='lat' dir='ltr'><strong>suspicione</strong></span> 
     </span>
    </p>
   </div>
   <div class='ocr_carea' id='block_1_4' title="bbox 358 1006 2734 4351">
    <p class='ocr_par' dir='ltr' id='par_1_4' title="bbox 360 1006 2734 1823">
     <span class='ocr_line' id='line_1_7' title="bbox 361 1006 2734 1096; baseline 0.001 -24"><span class='ocrx_word' id='word_1_48' title='bbox 361 1006 540 1073; x_wconf 91' lang='lat' dir='ltr'><strong>ducti</strong></span> <span class='ocrx_word' id='word_1_49' title='bbox 585 1007 917 1096; x_wconf 76' lang='lat' dir='ltr'><strong>digamma</strong></span> <span class='ocrx_word' id='word_1_50' title='bbox 960 1009 1345 1075; x_wconf 79' lang='lat' dir='ltr'><strong>infarcirent.</strong></span> <span class='ocrx_word' id='word_1_51' title='bbox 1414 1008 1746 1077; x_wconf 87' lang='lat' dir='ltr'><strong>Bekkerus</strong></span> <span class='ocrx_word' id='word_1_52' title='bbox 1792 1016 1868 1077; x_wconf 89' lang='lat' dir='ltr'><strong>ut</strong></span> <span class='ocrx_word' id='word_1_53' title='bbox 1911 1017 2047 1079; x_wconf 89' lang='lat' dir='ltr'><strong>erat</strong></span> <span class='ocrx_word' id='word_1_54' title='bbox 2091 1014 2157 1076; x_wconf 92' lang='lat' dir='ltr'><strong>in</strong></span> <span class='ocrx_word' id='word_1_55' title='bbox 2204 1010 2380 1076; x_wconf 78' lang='lat' dir='ltr'><strong>omni</strong></span> <span class='ocrx_word' id='word_1_56' title='bbox 2420 1030 2490 1075; x_wconf 87' lang='lat' dir='ltr'><strong>re</strong></span> <span class='ocrx_word' id='word_1_57' title='bbox 2529 1016 2734 1075; x_wconf 81' lang='lat' dir='ltr'><strong>cautus</strong></span> 
     </span>
     <span class='ocr_line' id='line_1_8' title="bbox 361 1113 2732 1200; baseline 0 -22"><span class='ocrx_word' id='word_1_58' title='bbox 361 1117 427 1177; x_wconf 89' lang='lat' dir='ltr'><strong>et</strong></span> <span class='ocrx_word' id='word_1_59' title='bbox 458 1114 685 1179; x_wconf 78' lang='lat' dir='ltr'><strong>anxius</strong></span> <span class='ocrx_word' id='word_1_60' title='bbox 721 1113 1004 1180; x_wconf 90' lang='lat' dir='ltr'><strong>mediam</strong></span> <span class='ocrx_word' id='word_1_61' title='bbox 1046 1114 1393 1200; x_wconf 87' lang='lat' dir='ltr'><strong>quamdam</strong></span> <span class='ocrx_word' id='word_1_62' title='bbox 1429 1117 1609 1181; x_wconf 75' lang='lat' dir='ltr'><strong>viam</strong></span> <span class='ocrx_word' id='word_1_63' title='bbox 1649 1119 1861 1182; x_wconf 89' lang='lat' dir='ltr'><strong>tenuit</strong></span> <span class='ocrx_word' id='word_1_64' title='bbox 1876 1165 1893 1196; x_wconf 86' lang='lat'><em>,</em></span> <span class='ocrx_word' id='word_1_65' title='bbox 1941 1119 2038 1182; x_wconf 87' lang='lat' dir='ltr'><strong>ita</strong></span> <span class='ocrx_word' id='word_1_66' title='bbox 2074 1122 2290 1181; x_wconf 83' lang='lat' dir='ltr'><strong>tamen</strong></span> <span class='ocrx_word' id='word_1_67' title='bbox 2330 1120 2409 1180; x_wconf 89' lang='lat' dir='ltr'><strong>ut</strong></span> <span class='ocrx_word' id='word_1_68' title='bbox 2431 1117 2502 1180; x_wconf 90' lang='lat' dir='ltr'><strong>in</strong></span> <span class='ocrx_word' id='word_1_69' title='bbox 2523 1114 2732 1181; x_wconf 84' lang='lat' dir='ltr'><strong>multis</strong></span> 
     </span>
     <span class='ocr_line' id='line_1_9' title="bbox 362 1220 2730 1306; baseline 0.001 -23"><span class='ocrx_word' id='word_1_70' title='bbox 362 1220 698 1297; x_wconf 81' lang='lat' dir='ltr'><strong>erraverit,</strong></span> <span class='ocrx_word' id='word_1_71' title='bbox 760 1239 1248 1304; x_wconf 74' lang='lat' dir='ltr'><strong>nonnumquam</strong></span> <span class='ocrx_word' id='word_1_72' title='bbox 1306 1221 1417 1286; x_wconf 91' lang='lat' dir='ltr'><strong>sed</strong></span> <span class='ocrx_word' id='word_1_73' title='bbox 1477 1240 1731 1306; x_wconf 89' lang='lat' dir='ltr'><strong>perraro</strong></span> <span class='ocrx_word' id='word_1_74' title='bbox 1777 1227 1995 1288; x_wconf 89' lang='lat' dir='ltr'><strong>tamen</strong></span> <span class='ocrx_word' id='word_1_75' title='bbox 2040 1223 2110 1288; x_wconf 82' lang='grc' dir='ltr'><strong>τὸ</strong></span> <span class='ocrx_word' id='word_1_76' title='bbox 2157 1220 2468 1298; x_wconf 75' lang='grc' dir='ltr'><strong><em>δίγαμμα</em></strong></span> <span class='ocrx_word' id='word_1_77' title='bbox 2514 1223 2730 1306; x_wconf 87' lang='lat' dir='ltr'><strong>impor-</strong></span> 
     </span>
     <span class='ocr_line' id='line_1_10' title="bbox 360 1323 2726 1415; baseline 0.001 -26"><span class='ocrx_word' id='word_1_78' title='bbox 360 1327 517 1389; x_wconf 88' lang='lat' dir='ltr'><strong>tune</strong></span> <span class='ocrx_word' id='word_1_79' title='bbox 586 1326 868 1390; x_wconf 90' lang='lat' dir='ltr'><strong>inserens</strong></span> <span class='ocrx_word' id='word_1_80' title='bbox 891 1372 909 1402; x_wconf 88' lang='lat'><em>,</em></span> <span class='ocrx_word' id='word_1_81' title='bbox 986 1323 1180 1413; x_wconf 90' lang='lat' dir='ltr'><strong>longe</strong></span> <span class='ocrx_word' id='word_1_82' title='bbox 1247 1328 1498 1412; x_wconf 87' lang='lat' dir='ltr'><strong>saepius</strong></span> <span class='ocrx_word' id='word_1_83' title='bbox 1562 1330 1988 1394; x_wconf 86' lang='lat' dir='ltr'><strong>necessarium</strong></span> <span class='ocrx_word' id='word_1_84' title='bbox 2051 1325 2390 1415; x_wconf 79' lang='lat' dir='ltr'><strong>negligens</strong></span> <span class='ocrx_word' id='word_1_85' title='bbox 2413 1373 2432 1404; x_wconf 93' lang='lat'><strong>,</strong></span> <span class='ocrx_word' id='word_1_86' title='bbox 2503 1333 2616 1392; x_wconf 88' lang='lat' dir='ltr'><strong>aut</strong></span> <span class='ocrx_word' id='word_1_87' title='bbox 2669 1327 2726 1390; x_wconf 88' lang='lat' dir='ltr'><strong>in</strong></span> 
     </span>
     <span class='ocr_line' id='line_1_11' title="bbox 365 1429 2730 1519; baseline 0 -24"><span class='ocrx_word' id='word_1_88' title='bbox 365 1429 778 1497; x_wconf 80' lang='lat' dir='ltr'><strong>emendandis</strong></span> <span class='ocrx_word' id='word_1_89' title='bbox 822 1429 981 1497; x_wconf 91' lang='lat' dir='ltr'><strong>locis</strong></span> <span class='ocrx_word' id='word_1_90' title='bbox 1020 1431 1136 1496; x_wconf 87' lang='lat' dir='ltr'><strong>ubi</strong></span> <span class='ocrx_word' id='word_1_91' title='bbox 1171 1430 1512 1497; x_wconf 89' lang='lat' dir='ltr'><strong>hominum</strong></span> <span class='ocrx_word' id='word_1_92' title='bbox 1549 1433 1833 1500; x_wconf 86' lang='lat' dir='ltr'><strong>socordia</strong></span> <span class='ocrx_word' id='word_1_93' title='bbox 1869 1435 2135 1519; x_wconf 87' lang='lat' dir='ltr'><strong>antiqua</strong></span> <span class='ocrx_word' id='word_1_94' title='bbox 2164 1430 2428 1498; x_wconf 82' lang='lat' dir='ltr'><strong>literula</strong></span> <span class='ocrx_word' id='word_1_95' title='bbox 2460 1433 2730 1517; x_wconf 84' lang='lat' dir='ltr'><strong>periisset</strong></span> 
     </span>
     <span class='ocr_line' id='line_1_12' title="bbox 360 1534 2729 1623; baseline 0.001 -23"><span class='ocrx_word' id='word_1_96' title='bbox 360 1554 591 1621; x_wconf 86' lang='lat' dir='ltr'><strong>parum</strong></span> <span class='ocrx_word' id='word_1_97' title='bbox 637 1534 793 1602; x_wconf 82' lang='lat' dir='ltr'><strong>felix</strong></span> <span class='ocrx_word' id='word_1_98' title='bbox 841 1541 955 1602; x_wconf 89' lang='lat' dir='ltr'><strong>aut</strong></span> <span class='ocrx_word' id='word_1_99' title='bbox 996 1536 1398 1603; x_wconf 80' lang='lat' dir='ltr'><strong>festinantior</strong></span> <span class='ocrx_word' id='word_1_100' title='bbox 1439 1536 1658 1623; x_wconf 93' lang='lat' dir='ltr'><strong>paullo</strong></span> <span class='ocrx_word' id='word_1_101' title='bbox 1705 1544 1771 1603; x_wconf 89' lang='lat' dir='ltr'><strong>et</strong></span> <span class='ocrx_word' id='word_1_102' title='bbox 1816 1537 2354 1606; x_wconf 78' lang='lat' dir='ltr'><strong>inconsideratior.</strong></span> <span class='ocrx_word' id='word_1_103' title='bbox 2437 1536 2537 1602; x_wconf 81' lang='lat' dir='ltr'><strong>Ex</strong></span> <span class='ocrx_word' id='word_1_104' title='bbox 2577 1537 2729 1602; x_wconf 82' lang='lat' dir='ltr'><strong>hisce</strong></span> 
     </span>
     <span class='ocr_line' id='line_1_13' title="bbox 363 1641 2728 1731; baseline 0 -24"><span class='ocrx_word' id='word_1_105' title='bbox 363 1660 648 1707; x_wconf 87' lang='lat' dir='ltr'><strong>errorum</strong></span> <span class='ocrx_word' id='word_1_106' title='bbox 705 1642 1047 1731; x_wconf 88' lang='lat' dir='ltr'><strong>generibus</strong></span> <span class='ocrx_word' id='word_1_107' title='bbox 1091 1641 1398 1709; x_wconf 84' lang='lat' dir='ltr'><strong>nonnulla</strong></span> <span class='ocrx_word' id='word_1_108' title='bbox 1442 1643 1713 1709; x_wconf 89' lang='lat' dir='ltr'><strong>subinde</strong></span> <span class='ocrx_word' id='word_1_109' title='bbox 1756 1644 2051 1731; x_wconf 86' lang='lat' dir='ltr'><strong>exempla</strong></span> <span class='ocrx_word' id='word_1_110' title='bbox 2091 1646 2311 1731; x_wconf 88' lang='lat' dir='ltr'><strong>paucis</strong></span> <span class='ocrx_word' id='word_1_111' title='bbox 2371 1642 2728 1731; x_wconf 81' lang='lat' dir='ltr'><strong>redarguere</strong></span> 
     </span>
     <span class='ocr_line' id='line_1_14' title="bbox 361 1749 1807 1823; baseline -0.001 -11"><span class='ocrx_word' id='word_1_112' title='bbox 361 1749 565 1814; x_wconf 79' lang='lat' dir='ltr'><strong>iuvat.</strong></span> <span class='ocrx_word' id='word_1_113' title='bbox 1801 1814 1807 1823; x_wconf 62' lang='grc'>,</span> 
     </span>
    </p>

    <p class='ocr_par' dir='ltr' id='par_1_5' title="bbox 360 1851 2727 2152">
     <span class='ocr_line' id='line_1_15' title="bbox 453 1851 2727 1933; baseline -0 -15"><span class='ocrx_word' id='word_1_114' title='bbox 453 1851 714 1919; x_wconf 83' lang='lat' dir='ltr'><strong>Faciam</strong></span> <span class='ocrx_word' id='word_1_115' title='bbox 759 1855 1024 1919; x_wconf 88' lang='lat' dir='ltr'><strong>initium</strong></span> <span class='ocrx_word' id='word_1_116' title='bbox 1084 1855 1164 1920; x_wconf 89' lang='lat' dir='ltr'><strong>ab</strong></span> <span class='ocrx_word' id='word_1_117' title='bbox 1209 1876 1282 1922; x_wconf 90' lang='lat' dir='ltr'><strong>eo</strong></span> <span class='ocrx_word' id='word_1_118' title='bbox 1326 1855 1465 1922; x_wconf 93' lang='lat' dir='ltr'><strong>loco</strong></span> <span class='ocrx_word' id='word_1_119' title='bbox 1482 1902 1501 1933; x_wconf 90' lang='lat'>‚</span> <span class='ocrx_word' id='word_1_120' title='bbox 1548 1856 1663 1920; x_wconf 90' lang='lat' dir='ltr'><strong>ubi</strong></span> <span class='ocrx_word' id='word_1_121' title='bbox 1706 1858 2132 1922; x_wconf 88' lang='lat' dir='ltr'><strong>necessarium</strong></span> <span class='ocrx_word' id='word_1_122' title='bbox 2177 1860 2243 1922; x_wconf 89' lang='lat' dir='ltr'><strong>et</strong></span> <span class='ocrx_word' id='word_1_123' title='bbox 2287 1857 2632 1921; x_wconf 85' lang='lat' dir='ltr'><strong>sententiae</strong></span> <span class='ocrx_word' id='word_1_124' title='bbox 2671 1857 2727 1917; x_wconf 78' lang='lat' dir='ltr'><strong>et</strong></span> 
     </span>
     <span class='ocr_line' id='line_1_16' title="bbox 360 1958 2724 2048; baseline -0.001 -24"><span class='ocrx_word' id='word_1_125' title='bbox 360 1964 566 2025; x_wconf 89' lang='lat' dir='ltr'><strong>metro</strong></span> <span class='ocrx_word' id='word_1_126' title='bbox 613 1958 917 2039; x_wconf 77' lang='grc' dir='ltr'><strong><em>δίγαμμα</em></strong></span> <span class='ocrx_word' id='word_1_127' title='bbox 965 1959 1135 2047; x_wconf 86' lang='lat' dir='ltr'><strong>apud</strong></span> <span class='ocrx_word' id='word_1_128' title='bbox 1182 1962 1460 2048; x_wconf 87' lang='lat' dir='ltr'><strong>reliquos</strong></span> <span class='ocrx_word' id='word_1_129' title='bbox 1507 1980 1729 2028; x_wconf 90' lang='lat' dir='ltr'><strong>omnes</strong></span> <span class='ocrx_word' id='word_1_130' title='bbox 1776 1964 2086 2028; x_wconf 83' lang='lat' dir='ltr'><strong>amissum</strong></span> <span class='ocrx_word' id='word_1_131' title='bbox 2110 1981 2148 2027; x_wconf 95' lang='lat' dir='ltr'><strong>a</strong></span> <span class='ocrx_word' id='word_1_132' title='bbox 2167 1961 2465 2028; x_wconf 81' lang='lat' dir='ltr'><strong>Bekkero</strong></span> <span class='ocrx_word' id='word_1_133' title='bbox 2502 1978 2724 2048; x_wconf 86' lang='lat' dir='ltr'><strong>quoquc</strong></span> 
     </span>
     <span class='ocr_line' id='line_1_17' title="bbox 360 2063 896 2152; baseline 0.006 -24"><span class='ocrx_word' id='word_1_134' title='bbox 360 2063 731 2152; x_wconf 84' lang='lat' dir='ltr'><strong>neglectum</strong></span> <span class='ocrx_word' id='word_1_135' title='bbox 779 2071 896 2131; x_wconf 89' lang='lat' dir='ltr'><strong>est.</strong></span> 
     </span>
    </p>

    <p class='ocr_par' dir='ltr' id='par_1_6' title="bbox 361 2169 2728 2681">
     <span class='ocr_line' id='line_1_18' title="bbox 451 2169 2725 2259; baseline 0 -23"><span class='ocrx_word' id='word_1_136' title='bbox 451 2169 839 2237; x_wconf 90' lang='lat' dir='ltr'><strong>Pronomina</strong></span> <span class='ocrx_word' id='word_1_137' title='bbox 896 2174 1098 2237; x_wconf 88' lang='lat' dir='ltr'><strong>trium</strong></span> <span class='ocrx_word' id='word_1_138' title='bbox 1150 2192 1563 2259; x_wconf 89' lang='lat' dir='ltr'><strong>personarum</strong></span> <span class='ocrx_word' id='word_1_139' title='bbox 1607 2172 1846 2239; x_wconf 90' lang='lat' dir='ltr'><strong>habent</strong></span> <span class='ocrx_word' id='word_1_140' title='bbox 1889 2175 2331 2241; x_wconf 83' lang='lat' dir='ltr'><strong>accusativum</strong></span> <span class='ocrx_word' id='word_1_141' title='bbox 2376 2170 2725 2238; x_wconf 76' lang='lat' dir='ltr'><strong>encliticam</strong></span> 
     </span>
     <span class='ocr_line' id='line_1_19' title="bbox 361 2277 2725 2365; baseline 0 -24"><span class='ocrx_word' id='word_1_142' title='bbox 361 2298 443 2353; x_wconf 80' lang='grc' dir='ltr'><strong>με</strong></span> <span class='ocrx_word' id='word_1_143' title='bbox 468 2325 486 2354; x_wconf 88' lang='grc'><strong>,</strong></span> <span class='ocrx_word' id='word_1_144' title='bbox 534 2300 602 2342; x_wconf 73' lang='grc' dir='ltr'><strong>σε</strong></span> <span class='ocrx_word' id='word_1_145' title='bbox 651 2282 718 2343; x_wconf 89' lang='lat' dir='ltr'><strong>et</strong></span> <span class='ocrx_word' id='word_1_146' title='bbox 760 2285 868 2346; x_wconf 73' lang='grc' dir='ltr'><strong>Ῥε.</strong></span> <span class='ocrx_word' id='word_1_147' title='bbox 962 2277 1141 2345; x_wconf 83' lang='lat' dir='ltr'><strong>Elisa</strong></span> <span class='ocrx_word' id='word_1_148' title='bbox 1182 2278 1392 2347; x_wconf 81' lang='lat' dir='ltr'><strong>vocali</strong></span> <span class='ocrx_word' id='word_1_149' title='bbox 1436 2285 1723 2365; x_wconf 90' lang='lat' dir='ltr'><strong>superest</strong></span> <span class='ocrx_word' id='word_1_150' title='bbox 1767 2282 1840 2358; x_wconf 78' lang='grc' dir='ltr'><strong>μ’</strong></span> <span class='ocrx_word' id='word_1_151' title='bbox 1885 2286 1952 2346; x_wconf 89' lang='lat' dir='ltr'><strong>et</strong></span> <span class='ocrx_word' id='word_1_152' title='bbox 1997 2286 2090 2345; x_wconf 82' lang='grc' dir='ltr'><strong>σ’;</strong></span> <span class='ocrx_word' id='word_1_153' title='bbox 2137 2281 2208 2344; x_wconf 90' lang='lat' dir='ltr'><strong>in</strong></span> <span class='ocrx_word' id='word_1_154' title='bbox 2252 2281 2450 2344; x_wconf 88' lang='lat' dir='ltr'><strong>tertia</strong></span> <span class='ocrx_word' id='word_1_155' title='bbox 2491 2281 2725 2350; x_wconf 71' lang='lat' dir='ltr'><strong>autem,</strong></span> 
     </span>
     <span class='ocr_line' id='line_1_20' title="bbox 362 2384 2726 2471; baseline -0 -24"><span class='ocrx_word' id='word_1_156' title='bbox 362 2384 513 2466; x_wconf 85' lang='lat' dir='ltr'><strong>quia</strong></span> <span class='ocrx_word' id='word_1_157' title='bbox 540 2390 595 2448; x_wconf 73' lang='grc' dir='ltr'><strong><em>Ρ</em></strong></span> <span class='ocrx_word' id='word_1_158' title='bbox 628 2402 753 2448; x_wconf 92' lang='lat' dir='ltr'><strong>non</strong></span> <span class='ocrx_word' id='word_1_159' title='bbox 798 2385 1098 2451; x_wconf 83' lang='lat' dir='ltr'><strong>scribitur</strong></span> <span class='ocrx_word' id='word_1_160' title='bbox 1113 2433 1130 2464; x_wconf 86' lang='lat'><em>,</em></span> <span class='ocrx_word' id='word_1_161' title='bbox 1178 2387 1571 2471; x_wconf 88' lang='lat' dir='ltr'><strong>pronominis</strong></span> <span class='ocrx_word' id='word_1_162' title='bbox 1614 2406 1730 2451; x_wconf 88' lang='lat' dir='ltr'><strong>nec</strong></span> <span class='ocrx_word' id='word_1_163' title='bbox 1773 2385 1923 2452; x_wconf 80' lang='lat' dir='ltr'><strong>vola</strong></span> <span class='ocrx_word' id='word_1_164' title='bbox 1967 2405 2084 2450; x_wconf 91' lang='lat' dir='ltr'><strong>nec</strong></span> <span class='ocrx_word' id='word_1_165' title='bbox 2130 2385 2488 2471; x_wconf 81' lang='lat' dir='ltr'><strong>vestigium</strong></span> <span class='ocrx_word' id='word_1_166' title='bbox 2537 2400 2726 2469; x_wconf 84' lang='lat' dir='ltr'><strong>super-</strong></span> 
     </span>
     <span class='ocr_line' id='line_1_21' title="bbox 361 2486 2728 2579; baseline 0 -27"><span class='ocrx_word' id='word_1_167' title='bbox 361 2491 475 2553; x_wconf 91' lang='lat' dir='ltr'><strong>est.</strong></span> <span class='ocrx_word' id='word_1_168' title='bbox 545 2486 665 2555; x_wconf 88' lang='lat' dir='ltr'><strong>Vel</strong></span> <span class='ocrx_word' id='word_1_169' title='bbox 724 2490 815 2555; x_wconf 87' lang='lat' dir='ltr'><strong>sic</strong></span> <span class='ocrx_word' id='word_1_170' title='bbox 872 2493 1090 2556; x_wconf 90' lang='lat' dir='ltr'><strong>tamen</strong></span> <span class='ocrx_word' id='word_1_171' title='bbox 1134 2492 1204 2557; x_wconf 90' lang='lat' dir='ltr'><strong>in</strong></span> <span class='ocrx_word' id='word_1_172' title='bbox 1248 2493 1455 2558; x_wconf 83' lang='lat' dir='ltr'><strong>vitam</strong></span> <span class='ocrx_word' id='word_1_173' title='bbox 1501 2511 1573 2557; x_wconf 82' lang='lat' dir='ltr'><strong>ac</strong></span> <span class='ocrx_word' id='word_1_174' title='bbox 1615 2491 1828 2559; x_wconf 89' lang='lat' dir='ltr'><strong>lucem</strong></span> <span class='ocrx_word' id='word_1_175' title='bbox 1873 2492 2109 2579; x_wconf 86' lang='lat' dir='ltr'><strong>poterit</strong></span> <span class='ocrx_word' id='word_1_176' title='bbox 2155 2491 2441 2556; x_wconf 80' lang='lat' dir='ltr'><strong>revocari</strong></span> <span class='ocrx_word' id='word_1_177' title='bbox 2460 2538 2478 2568; x_wconf 88' lang='lat'><em>,</em></span> <span class='ocrx_word' id='word_1_178' title='bbox 2525 2493 2600 2554; x_wconf 91' lang='lat' dir='ltr'><strong>ut</strong></span> <span class='ocrx_word' id='word_1_179' title='bbox 2643 2487 2728 2554; x_wconf 88' lang='lat' dir='ltr'><strong>lu·</strong></span> 
     </span>
     <span class='ocr_line' id='line_1_22' title="bbox 362 2591 1422 2681; baseline 0.004 -24"><span class='ocrx_word' id='word_1_180' title='bbox 362 2591 614 2660; x_wconf 83' lang='lat' dir='ltr'><strong>culento</strong></span> <span class='ocrx_word' id='word_1_181' title='bbox 660 2595 952 2681; x_wconf 87' lang='lat' dir='ltr'><strong>exemplo</strong></span> <span class='ocrx_word' id='word_1_182' title='bbox 998 2596 1422 2662; x_wconf 87' lang='lat' dir='ltr'><strong>ostendemus.</strong></span> 
     </span>
    </p>

    <p class='ocr_par' dir='ltr' id='par_1_7' title="bbox 359 2697 2729 3103">
     <span class='ocr_line' id='line_1_23' title="bbox 450 2697 2729 2789; baseline 0 -25"><span class='ocrx_word' id='word_1_183' title='bbox 450 2697 667 2765; x_wconf 87' lang='lat' dir='ltr'><strong>Habet</strong></span> <span class='ocrx_word' id='word_1_184' title='bbox 724 2700 844 2766; x_wconf 91' lang='lat' dir='ltr'><strong>hoc</strong></span> <span class='ocrx_word' id='word_1_185' title='bbox 900 2699 1162 2789; x_wconf 84' lang='lat' dir='ltr'><strong>linguae</strong></span> <span class='ocrx_word' id='word_1_186' title='bbox 1222 2702 1457 2788; x_wconf 84' lang='lat' dir='ltr'><strong>Epicae</strong></span> <span class='ocrx_word' id='word_1_187' title='bbox 1502 2702 1884 2789; x_wconf 86' lang='lat' dir='ltr'><strong>simplicitas</strong></span> <span class='ocrx_word' id='word_1_188' title='bbox 1927 2708 2007 2768; x_wconf 90' lang='lat' dir='ltr'><strong>ut</strong></span> <span class='ocrx_word' id='word_1_189' title='bbox 2050 2722 2211 2788; x_wconf 88' lang='lat' dir='ltr'><strong>quae</strong></span> <span class='ocrx_word' id='word_1_190' title='bbox 2258 2703 2405 2786; x_wconf 87' lang='lat' dir='ltr'><strong>quis</strong></span> <span class='ocrx_word' id='word_1_191' title='bbox 2448 2698 2729 2765; x_wconf 70' lang='lat' dir='ltr'><strong>mandata</strong></span> 
     </span>
     <span class='ocr_line' id='line_1_24' title="bbox 361 2804 2726 2895; baseline 0 -25"><span class='ocrx_word' id='word_1_192' title='bbox 361 2805 443 2871; x_wconf 86' lang='lat' dir='ltr'><strong>ad</strong></span> <span class='ocrx_word' id='word_1_193' title='bbox 488 2804 770 2892; x_wconf 86' lang='lat' dir='ltr'><strong>aliquem</strong></span> <span class='ocrx_word' id='word_1_194' title='bbox 819 2806 1063 2872; x_wconf 88' lang='lat' dir='ltr'><strong>dederit</strong></span> <span class='ocrx_word' id='word_1_195' title='bbox 1100 2807 1469 2893; x_wconf 86' lang='lat' dir='ltr'><strong>perferenda</strong></span> <span class='ocrx_word' id='word_1_196' title='bbox 1486 2856 1503 2887; x_wconf 86' lang='lat'><em>,</em></span> <span class='ocrx_word' id='word_1_197' title='bbox 1552 2829 1626 2874; x_wconf 86' lang='lat' dir='ltr'><strong>ea</strong></span> <span class='ocrx_word' id='word_1_198' title='bbox 1660 2809 1872 2874; x_wconf 70' lang='lat' dir='ltr'><strong>iisdem</strong></span> <span class='ocrx_word' id='word_1_199' title='bbox 1909 2810 2122 2876; x_wconf 84' lang='lat' dir='ltr'><strong>verbis</strong></span> <span class='ocrx_word' id='word_1_200' title='bbox 2158 2809 2450 2895; x_wconf 89' lang='lat' dir='ltr'><strong>repetitis</strong></span> <span class='ocrx_word' id='word_1_201' title='bbox 2481 2807 2560 2873; x_wconf 87' lang='lat' dir='ltr'><strong>ad</strong></span> <span class='ocrx_word' id='word_1_202' title='bbox 2593 2825 2726 2871; x_wconf 90' lang='lat' dir='ltr'><strong>eum</strong></span> 
     </span>
     <span class='ocr_line' id='line_1_25' title="bbox 359 2911 2724 3000; baseline -0.001 -24"><span class='ocrx_word' id='word_1_203' title='bbox 359 2911 755 2996; x_wconf 86' lang='lat' dir='ltr'><strong>perferantur</strong></span> <span class='ocrx_word' id='word_1_204' title='bbox 813 2915 1004 2978; x_wconf 87' lang='lat' dir='ltr'><strong>tertia</strong></span> <span class='ocrx_word' id='word_1_205' title='bbox 1064 2917 1321 2979; x_wconf 85' lang='lat' dir='ltr'><strong>tantum</strong></span> <span class='ocrx_word' id='word_1_206' title='bbox 1361 2932 1629 3000; x_wconf 89' lang='lat' dir='ltr'><strong>persona</strong></span> <span class='ocrx_word' id='word_1_207' title='bbox 1671 2916 1742 2980; x_wconf 91' lang='lat' dir='ltr'><strong>in</strong></span> <span class='ocrx_word' id='word_1_208' title='bbox 1778 2915 2122 2982; x_wconf 89' lang='lat' dir='ltr'><strong>secundam</strong></span> <span class='ocrx_word' id='word_1_209' title='bbox 2166 2918 2439 2979; x_wconf 88' lang='lat' dir='ltr'><strong>mutata.</strong></span> <span class='ocrx_word' id='word_1_210' title='bbox 2531 2911 2724 2977; x_wconf 71' lang='lat' dir='ltr'><strong>Pauca</strong></span> 
     </span>
     <span class='ocr_line' id='line_1_26' title="bbox 360 3016 1621 3103; baseline 0.002 -21"><span class='ocrx_word' id='word_1_211' title='bbox 360 3016 654 3103; x_wconf 84' lang='lat' dir='ltr'><strong>exempla</strong></span> <span class='ocrx_word' id='word_1_212' title='bbox 694 3016 851 3082; x_wconf 89' lang='lat' dir='ltr'><strong>haec</strong></span> <span class='ocrx_word' id='word_1_213' title='bbox 897 3018 1066 3084; x_wconf 79' lang='lat' dir='ltr'><strong>vide.</strong></span> <span class='ocrx_word' id='word_1_214' title='bbox 1161 3016 1345 3084; x_wconf 76' lang='lat' dir='ltr'><strong>Iliad.</strong></span> <span class='ocrx_word' id='word_1_215' title='bbox 1393 3029 1460 3083; x_wconf 87' lang='grc' dir='ltr'><strong>Β.</strong></span> <span class='ocrx_word' id='word_1_216' title='bbox 1516 3018 1621 3085; x_wconf 90' lang='grc'><strong>11.</strong></span> 
     </span>
    </p>

    <p class='ocr_par' dir='ltr' id='par_1_8' title="bbox 677 3121 2267 3209">
     <span class='ocr_line' id='line_1_27' title="bbox 677 3121 2267 3209; baseline 0.002 -23"><span class='ocrx_word' id='word_1_217' title='bbox 677 3121 938 3203; x_wconf 70' lang='grc' dir='ltr'><strong><em>θωρῆξαί</em></strong></span> <span class='ocrx_word' id='word_1_218' title='bbox 983 3124 1056 3189; x_wconf 74' lang='grc' dir='ltr'>Ἐ</span> <span class='ocrx_word' id='word_1_219' title='bbox 1102 3124 1311 3190; x_wconf 80' lang='grc' dir='ltr'><strong><em>κέλευε</em></strong></span> <span class='ocrx_word' id='word_1_220' title='bbox 1361 3122 1515 3207; x_wconf 71' lang='grc' dir='ltr'><strong>κάρη</strong></span> <span class='ocrx_word' id='word_1_221' title='bbox 1562 3125 1911 3204; x_wconf 80' lang='grc' dir='ltr'><strong><em>κομόωντας</em></strong></span> <span class='ocrx_word' id='word_1_222' title='bbox 1963 3124 2267 3209; x_wconf 80' lang='grc' dir='ltr'><strong><em>’Λχαιούς</em></strong></span> 
     </span>
    </p>

    <p class='ocr_par' dir='ltr' id='par_1_9' title="bbox 360 3228 2377 3401">
     <span class='ocr_line' id='line_1_28' title="bbox 675 3228 2377 3312; baseline 0.001 -19"><span class='ocrx_word' id='word_1_223' title='bbox 675 3228 1016 3309; x_wconf 61' lang='grc' dir='ltr'><strong><em>πασσυδίῃ·</em></strong></span> <span class='ocrx_word' id='word_1_224' title='bbox 1065 3234 1166 3294; x_wconf 80' lang='grc' dir='ltr'><strong>νῦν</strong></span> <span class='ocrx_word' id='word_1_225' title='bbox 1215 3229 1343 3312; x_wconf 71' lang='grc' dir='ltr'><strong>γάρ</strong></span> <span class='ocrx_word' id='word_1_226' title='bbox 1391 3254 1495 3295; x_wconf 82' lang='grc' dir='ltr'><strong>κεν</strong></span> <span class='ocrx_word' id='word_1_227' title='bbox 1540 3228 1707 3297; x_wconf 75' lang='grc' dir='ltr'><strong>ἕλΟῙ</strong></span> <span class='ocrx_word' id='word_1_228' title='bbox 1756 3231 1935 3299; x_wconf 81' lang='grc' dir='ltr'><strong><em>πόλιν</em></strong></span> <span class='ocrx_word' id='word_1_229' title='bbox 1981 3230 2377 3312; x_wconf 69' lang='grc' dir='ltr'><strong><em>εὐρυάγυιαν.</em></strong></span> 
     </span>
     <span class='ocr_line' id='line_1_29' title="bbox 360 3331 976 3401; baseline -0.002 -1"><span class='ocrx_word' id='word_1_230' title='bbox 360 3340 426 3400; x_wconf 90' lang='lat' dir='ltr'><strong>et</strong></span> <span class='ocrx_word' id='word_1_231' title='bbox 470 3355 565 3401; x_wconf 79' lang='lat' dir='ltr'><strong>vs.</strong></span> <span class='ocrx_word' id='word_1_232' title='bbox 615 3331 704 3399; x_wconf 83' lang='lat'><strong>28</strong></span> <span class='ocrx_word' id='word_1_233' title='bbox 750 3338 816 3400; x_wconf 91' lang='lat' dir='ltr'><strong>et</strong></span> <span class='ocrx_word' id='word_1_234' title='bbox 863 3332 976 3399; x_wconf 82' lang='lat'><strong>65.</strong></span> 
     </span>
    </p>

    <p class='ocr_par' dir='ltr' id='par_1_10' title="bbox 681 3438 2304 3524">
     <span class='ocr_line' id='line_1_30' title="bbox 681 3438 2304 3524; baseline 0.003 -21"><span class='ocrx_word' id='word_1_235' title='bbox 681 3438 940 3519; x_wconf 73' lang='grc' dir='ltr'><strong><em>θωρῆξαί</em></strong></span> <span class='ocrx_word' id='word_1_236' title='bbox 988 3443 1055 3506; x_wconf 86' lang='lat' dir='ltr'><strong>C’</strong></span> <span class='ocrx_word' id='word_1_237' title='bbox 1100 3440 1345 3506; x_wconf 79' lang='grc' dir='ltr'><strong><em>ἐκέλευε</em></strong></span> <span class='ocrx_word' id='word_1_238' title='bbox 1393 3442 1545 3523; x_wconf 68' lang='grc' dir='ltr'><strong>κάρη</strong></span> <span class='ocrx_word' id='word_1_239' title='bbox 1595 3445 1945 3522; x_wconf 73' lang='grc' dir='ltr'><strong><em>κομόωντας</em></strong></span> <span class='ocrx_word' id='word_1_240' title='bbox 1994 3444 2304 3524; x_wconf 81' lang='grc' dir='ltr'><strong><em>Ἀχαιούς</em></strong></span> 
     </span>
    </p>

    <p class='ocr_par' dir='ltr' id='par_1_11' title="bbox 678 3546 2426 3630">
     <span class='ocr_line' id='line_1_31' title="bbox 678 3546 2426 3630; baseline 0.003 -21"><span class='ocrx_word' id='word_1_241' title='bbox 678 3546 1019 3626; x_wconf 61' lang='grc' dir='ltr'><strong><em>πασσυδίῃ·</em></strong></span> <span class='ocrx_word' id='word_1_242' title='bbox 1070 3552 1173 3612; x_wconf 86' lang='grc' dir='ltr'><strong>νῦν</strong></span> <span class='ocrx_word' id='word_1_243' title='bbox 1218 3546 1345 3630; x_wconf 71' lang='grc' dir='ltr'><strong>γάρ</strong></span> <span class='ocrx_word' id='word_1_244' title='bbox 1392 3572 1497 3615; x_wconf 76' lang='grc' dir='ltr'><strong>κεν</strong></span> <span class='ocrx_word' id='word_1_245' title='bbox 1540 3547 1759 3615; x_wconf 53' lang='lat' dir='ltr'><strong>{amc</strong></span> <span class='ocrx_word' id='word_1_246' title='bbox 1806 3547 1984 3615; x_wconf 81' lang='grc' dir='ltr'><strong><em>πόλιν</em></strong></span> <span class='ocrx_word' id='word_1_247' title='bbox 2031 3546 2426 3628; x_wconf 71' lang='grc' dir='ltr'><strong><em>εὐρυάγυιαν.</em></strong></span> 
     </span>
    </p>

    <p class='ocr_par' dir='ltr' id='par_1_12' title="bbox 448 3649 971 3718">
     <span class='ocr_line' id='line_1_32' title="bbox 448 3649 971 3718; baseline 0.002 -2"><span class='ocrx_word' id='word_1_248' title='bbox 448 3649 632 3717; x_wconf 77' lang='lat' dir='ltr'><strong>mad.</strong></span> <span class='ocrx_word' id='word_1_249' title='bbox 682 3660 764 3718; x_wconf 81' lang='grc' dir='ltr'><strong>Θ.</strong></span> <span class='ocrx_word' id='word_1_250' title='bbox 818 3650 971 3717; x_wconf 85' lang='grc'><strong>402.</strong></span> 
     </span>
    </p>

    <p class='ocr_par' dir='ltr' id='par_1_13' title="bbox 630 3757 2312 3843">
     <span class='ocr_line' id='line_1_33' title="bbox 630 3757 2312 3843; baseline 0.004 -22"><span class='ocrx_word' id='word_1_251' title='bbox 630 3757 869 3834; x_wconf 73' lang='grc' dir='ltr'><strong><em>γυιώσω</em></strong></span> <span class='ocrx_word' id='word_1_252' title='bbox 918 3757 1036 3837; x_wconf 81' lang='grc' dir='ltr'><strong>μέν</strong></span> <span class='ocrx_word' id='word_1_253' title='bbox 1081 3761 1280 3841; x_wconf 76' lang='grc' dir='ltr'><strong><em>σφωϊν</em></strong></span> <span class='ocrx_word' id='word_1_254' title='bbox 1328 3761 1440 3842; x_wconf 82' lang='grc' dir='ltr'><strong>ὑφ’</strong></span> <span class='ocrx_word' id='word_1_255' title='bbox 1487 3758 1760 3843; x_wconf 74' lang='grc' dir='ltr'><strong><em>ἅρμασιν</em></strong></span> <span class='ocrx_word' id='word_1_256' title='bbox 1809 3760 2002 3835; x_wconf 75' lang='grc' dir='ltr'><strong><em>ὠκέας</em></strong></span> <span class='ocrx_word' id='word_1_257' title='bbox 2051 3758 2277 3835; x_wconf 68' lang='grc' dir='ltr'><strong><em>ἵππους</em></strong></span> <span class='ocrx_word' id='word_1_258' title='bbox 2297 3811 2312 3838; x_wconf 88' lang='grc'><em>,</em></span> 
     </span>
    </p>

    <p class='ocr_par' dir='ltr' id='par_1_14' title="bbox 358 3861 2434 4036">
     <span class='ocr_line' id='line_1_34' title="bbox 630 3861 2434 3949; baseline 0.002 -23"><span class='ocrx_word' id='word_1_259' title='bbox 630 3861 832 3936; x_wconf 76' lang='grc' dir='ltr'><strong><em>αὐτὰς</em></strong></span> <span class='ocrx_word' id='word_1_260' title='bbox 877 3862 929 3928; x_wconf 77' lang='grc' dir='ltr'><strong>δ’</strong></span> <span class='ocrx_word' id='word_1_261' title='bbox 976 3863 1045 3929; x_wconf 74' lang='grc' dir='ltr'><strong>ἐκ</strong></span> <span class='ocrx_word' id='word_1_262' title='bbox 1090 3864 1303 3947; x_wconf 78' lang='grc' dir='ltr'><strong><em>δίφρου</em></strong></span> <span class='ocrx_word' id='word_1_263' title='bbox 1347 3864 1568 3943; x_wconf 83' lang='grc' dir='ltr'><strong><em>βαλέω</em></strong></span> <span class='ocrx_word' id='word_1_264' title='bbox 1618 3867 1790 3933; x_wconf 72' lang='grc' dir='ltr'><strong><em>κατα</em></strong></span> <span class='ocrx_word' id='word_1_265' title='bbox 1840 3865 1895 3931; x_wconf 82' lang='grc' dir='ltr'><strong>θ’</strong></span> <span class='ocrx_word' id='word_1_266' title='bbox 1946 3863 2212 3949; x_wconf 73' lang='grc' dir='ltr'><strong><em>ἅρματα</em></strong></span> <span class='ocrx_word' id='word_1_267' title='bbox 2258 3863 2434 3943; x_wconf 61' lang='grc' dir='ltr'><strong><em>τάξω.</em></strong></span> 
     </span>
     <span class='ocr_line' id='line_1_35' title="bbox 358 3965 767 4036; baseline -0.002 -1"><span class='ocrx_word' id='word_1_268' title='bbox 358 3974 423 4035; x_wconf 91' lang='lat' dir='ltr'><strong>et</strong></span> <span class='ocrx_word' id='word_1_269' title='bbox 466 3990 562 4036; x_wconf 80' lang='lat' dir='ltr'><strong>vs.</strong></span> <span class='ocrx_word' id='word_1_270' title='bbox 612 3965 767 4034; x_wconf 89' lang='lat'><strong>416.</strong></span> 
     </span>
    </p>

    <p class='ocr_par' dir='ltr' id='par_1_15' title="bbox 630 4074 2349 4160">
     <span class='ocr_line' id='line_1_36' title="bbox 630 4074 2349 4160; baseline 0.005 -23"><span class='ocrx_word' id='word_1_271' title='bbox 630 4074 913 4153; x_wconf 66' lang='grc' dir='ltr'><strong><em>γυιώσειν</em></strong></span> <span class='ocrx_word' id='word_1_272' title='bbox 958 4076 1074 4153; x_wconf 67' lang='grc' dir='ltr'><strong>μὲν</strong></span> <span class='ocrx_word' id='word_1_273' title='bbox 1117 4079 1321 4159; x_wconf 73' lang='grc' dir='ltr'><strong><em>σφῶϊν</em></strong></span> <span class='ocrx_word' id='word_1_274' title='bbox 1368 4077 1479 4160; x_wconf 81' lang='grc' dir='ltr'><strong>ὑφ’</strong></span> <span class='ocrx_word' id='word_1_275' title='bbox 1527 4075 1799 4160; x_wconf 74' lang='grc' dir='ltr'><strong><em>ἅρμασιν</em></strong></span> <span class='ocrx_word' id='word_1_276' title='bbox 1849 4079 2042 4152; x_wconf 77' lang='grc' dir='ltr'><strong><em>ὠκέας</em></strong></span> <span class='ocrx_word' id='word_1_277' title='bbox 2087 4074 2349 4156; x_wconf 79' lang='grc' dir='ltr'><strong><em>ἵππους,</em></strong></span> 
     </span>
    </p>

    <p class='ocr_par' dir='ltr' id='par_1_16' title="bbox 630 4178 2497 4266">
     <span class='ocr_line' id='line_1_37' title="bbox 630 4178 2497 4266; baseline 0.001 -21"><span class='ocrx_word' id='word_1_278' title='bbox 630 4179 834 4254; x_wconf 76' lang='grc' dir='ltr'><strong><em>αὐτὰς</em></strong></span> <span class='ocrx_word' id='word_1_279' title='bbox 881 4178 934 4244; x_wconf 72' lang='grc' dir='ltr'><strong>δ’</strong></span> <span class='ocrx_word' id='word_1_280' title='bbox 981 4181 1052 4246; x_wconf 70' lang='grc' dir='ltr'><strong>ἐκ</strong></span> <span class='ocrx_word' id='word_1_281' title='bbox 1097 4180 1310 4266; x_wconf 72' lang='grc' dir='ltr'><strong><em>δίφρου</em></strong></span> <span class='ocrx_word' id='word_1_282' title='bbox 1348 4182 1609 4263; x_wconf 79' lang='grc' dir='ltr'><strong><em>βαλέειν</em></strong></span> <span class='ocrx_word' id='word_1_283' title='bbox 1651 4183 1819 4251; x_wconf 68' lang='grc' dir='ltr'><strong><em>κατά</em></strong></span> <span class='ocrx_word' id='word_1_284' title='bbox 1871 4186 1922 4249; x_wconf 80' lang='grc' dir='ltr'><strong>θ’</strong></span> <span class='ocrx_word' id='word_1_285' title='bbox 1968 4181 2235 4266; x_wconf 70' lang='grc' dir='ltr'><strong><em>ἅρματα</em></strong></span> <span class='ocrx_word' id='word_1_286' title='bbox 2281 4181 2497 4261; x_wconf 68' lang='grc' dir='ltr'><strong><em>ιὀὶξειν.</em></strong></span> 
     </span>
    </p>

    <p class='ocr_par' dir='ltr' id='par_1_17' title="bbox 450 4277 964 4351">
     <span class='ocr_line' id='line_1_38' title="bbox 450 4277 964 4351; baseline -0.002 -1"><span class='ocrx_word' id='word_1_287' title='bbox 450 4277 633 4351; x_wconf 72' lang='lat' dir='ltr'><strong>Iliad.</strong></span> <span class='ocrx_word' id='word_1_288' title='bbox 680 4294 759 4349; x_wconf 92' lang='lat'><strong>0.</strong></span> <span class='ocrx_word' id='word_1_289' title='bbox 814 4283 964 4350; x_wconf 89' lang='lat'><strong>160.</strong></span> 
     </span>
    </p>
   </div>
   <div class='ocr_carea' id='block_1_5' title="bbox 631 4390 2400 4476">
    <p class='ocr_par' dir='ltr' id='par_1_18' title="bbox 631 4390 2400 4476">
     <span class='ocr_line' id='line_1_39' title="bbox 631 4390 2400 4476; baseline 0.007 -25"><span class='ocrx_word' id='word_1_290' title='bbox 631 4390 1028 4464; x_wconf 71' lang='grc' dir='ltr'><strong><em>παυσάμενόν</em></strong></span> <span class='ocrx_word' id='word_1_291' title='bbox 1077 4415 1180 4468; x_wconf 78' lang='grc' dir='ltr'><strong>μιν</strong></span> <span class='ocrx_word' id='word_1_292' title='bbox 1228 4393 1457 4474; x_wconf 76' lang='grc' dir='ltr'><strong><em>ἄνωχθι</em></strong></span> <span class='ocrx_word' id='word_1_293' title='bbox 1508 4398 1734 4476; x_wconf 72' lang='grc' dir='ltr'><strong><em>μάχης</em></strong></span> <span class='ocrx_word' id='word_1_294' title='bbox 1784 4399 1883 4472; x_wconf 74' lang='grc' dir='ltr'><strong>ἠδὲ</strong></span> <span class='ocrx_word' id='word_1_295' title='bbox 1933 4398 2265 4476; x_wconf 76' lang='grc' dir='ltr'><strong><em>πτολέμοιο</em></strong></span> <span class='ocrx_word' id='word_1_296' title='bbox 2327 4438 2400 4446; x_wconf 89' lang='grc'>-</span> 
     </span>
    </p>
   </div>
   <div class='ocr_carea' id='block_1_6' title="bbox 2801 9 2841 339">
    <p class='ocr_par' dir='ltr' id='par_1_19' title="bbox 2801 9 2842 891">
     <span class='ocr_line' id='line_1_40' title="bbox 2801 9 2841 339; baseline 0 552"><span class='ocrx_word' id='word_1_297' title='bbox 2801 9 2841 339; x_wconf 69' lang='grc'>’</span> 
     </span>
    </p>
   </div>
  </div>
 </body>
</html>
