2934 5050
1039 310 1423 359 Ριιιιοιοειωι
1472 312 1544 358 m·
1590 312 1842 360 cttthcA.
2551 303 2634 364 35

240 500 316 548 re
366 482 625 568 copiose
671 480 970 569 exposuit
1012 480 1417 548 Aristonicus
1460 482 1524 547 in
1571 483 1984 551 annotatione
2031 480 2110 549 ad
2161 481 2389 574 odyss,
2430 496 2499 552 r.
2554 491 2630 553 71

239 607 376 675 quo
426 586 714 664 Scholia,
766 587 930 654 nihil
989 591 1454 675 praestantius,
1503 588 1663 655 nihil
1714 589 2109 657 luculentius
2157 612 2234 658 ex
2287 592 2637 660 Aristonici

242 694 520 774 σημείοις
555 692 953 780 descriptum
1000 695 1167 772 vidi,
1218 714 1342 760 non
1395 696 1458 761 in
1502 695 1762 763 brevius
1811 695 2024 763 ieiune
2071 705 2475 765 contractum
2526 697 2637 766 sed

243 799 571 878 αὖτολεξεὶ
635 800 941 887 pleraque
1002 821 1078 867 ex
1147 800 1510 868 Aristarchi
1583 802 2069 869 commentariis
2131 814 2365 869 sumta.
2464 806 2640 886 Quae

243 907 483 972 eximia
532 908 863 973 annotatio
926 908 1078 994 quia
1148 928 1272 973 una
1324 919 1505 994 parte
1553 907 1800 974 laborat
1849 909 2128 997 priorem
2196 910 2338 975 eius
2384 919 2633 999 partem

241 1011 640 1080 describam:
689 1014 829 1087 τοὺς
871 1017 1015 1092 μετ’
1062 1015 1250 1081 αὐτὸν
1298 1024 1459 1096 τρεῖς
1499 1016 1717 1095 ςίχους
1760 1012 1788 1080 ὃ
1828 1015 1942 1094 μὲν
1980 1015 2389 1099 ’Λριςοφοένης
2430 1017 2638 1097 ἐνθάδε

240 1124 610 1198 σημειοῦται
657 1129 785 1193 τοῖς
832 1121 1204 1202 οέςερίσκοις,
1253 1116 1355 1186 ὅτε
1400 1122 1464 1187 δὲ
1509 1123 1623 1187 ὑπὸ
1665 1126 1772 1187 τοῦ
1811 1123 2147 1195 Κύκλωπος
2193 1121 2488 1202 λέγονται
2529 1122 2635 1189 καὶ

238 1225 606 1303 ὀβελίσκους
655 1236 786 1300 τοῖς
836 1228 1174 1307 οἶςερίσκοις
1223 1229 1629 1307 παρατίθησιν
1674 1231 1752 1302 ὥς
1793 1230 2064 1294 ἐντεῦθεν
2102 1229 2638 1308 μετενηνεγμένων

239 1338 363 1397 τῶν
409 1335 645 1414 ςίχων.
695 1334 873 1399 πόθεν
918 1335 1044 1414 γὰρ
1098 1336 1184 1414 τῷ
1249 1334 1542 1400 Κύκλωπι
1589 1340 1787 1416 λῃςῶν
1849 1333 2038 1399 ἔννοια
2088 1332 2123 1417 ᾖ
2182 1335 2635 1419 ςωμυλλομένῳ

241 1437 450 1521 φάναι
513 1436 617 1504 »οἵ
664 1441 726 1505 τ’
783 1441 1090 1506 ἀλόωνται
1136 1441 1365 1522 ψυχὰς
1411 1440 1774 1522 παρθέμενοι
1824 1441 2012 1506 κακὸν
2059 1440 2469 1506 ἀλλοδαποῖσι
2515 1440 2634 1525 Φέ·

194 1539 201 1543 ’
239 1546 529 1627 ροντες;”
593 1547 621 1611 ὃ
680 1547 742 1612 δὲ
788 1546 1159 1628 ’Λρίςαρχος
1205 1547 1554 1629 οἰκειότερον
1600 1547 1825 1620 αὐτοὺς
1868 1547 2181 1627 τετάχθαι
2230 1547 2292 1611 ε’ν
2333 1547 2417 1627 τῷ
2464 1546 2633 1632 λόγῳ

239 1656 354 1717 τοῦ
412 1651 753 1726 Κύκλωπός
816 1657 1035 1735 φησιν·
1103 1652 1235 1719 οὐδὲ
1298 1654 1425 1734 γὰρ
1489 1658 1589 1719 νῦν
1637 1655 1688 1719 οἱ
1736 1652 1870 1733 περὶ
1917 1652 2308 1736 Τηλέμαχον
2352 1653 2633 1735 aaz-pendae

235 1781 302 1824 τι
354 1758 793 1842 ἐμφαίνουσιν.
847 1759 1120 1824 δοτέον
1168 1759 1288 1838 δέ,
1338 1761 1538 1842 Φησὶ,
1605 1761 1707 1842 τῷ
1751 1768 2044 1842 ποιητῇ
2093 1758 2194 1825 τὰ
2241 1764 2626 1827 τοιαῦτα.

236 1863 353 1929 καὶ
397 1865 524 1946 γὰρ
568 1870 715 1931 ναῦν
763 1867 949 1931 αὐτὸν
990 1865 1265 1945 παράγει
1314 1865 1522 1931 εἰδότα

605 1971 782 2036 ἄλλοί
829 1995 932 2051 μοι
978 1970 1110 2055 εἴφ’
1154 1970 1273 2052 ὅπη
1311 1969 1500 2054 ἔσχες
1547 1974 1644 2038 ἰὼν
1692 1968 1953 2050 εὐεργέα
2001 1978 2149 2047 νῆα.

232 2077 349 2142 καὶ
409 2076 680 2152 συνίησιν
740 2078 1026 2143 Ἑλλάδα
1086 2080 1312 2160 φωνήν.
1416 2077 1721 2144 Videmus
1764 2096 1841 2143 ex
1894 2074 1994 2141 his
2048 2076 2329 2162 primum
2381 2075 2623 2144 Aristo-

231 2180 514 2268 phanem
579 2181 804 2249 iisdem
862 2183 1133 2262 σημείοις
1179 2182 1417 2269 quihus
1459 2182 1907 2251 Aristarchum
1955 2201 2140 2248 usum
2193 2202 2333 2248 esse
2379 2183 2623 2262 ὀβελοῖς

230 2287 373 2351 sive
429 2287 778 2365 ὀβελίσκοις
836 2299 900 2353 et
945 2289 1304 2370 οὶςερίσκοις.
1401 2288 1794 2356 Zenodotum
1847 2308 1920 2355 ea
1971 2289 2251 2375 primum
2304 2291 2622 2377 reperisse

228 2393 566 2479 suspicor,
617 2391 787 2460 unde
838 2394 1369 2480 Aristophanem,
1417 2394 1647 2462 deinde
1687 2404 1751 2461 et
1794 2394 2241 2461 Aristarchum
2271 2396 2619 2474 sumsisse,

230 2509 308 2565 ut
357 2499 598 2566 diserte
652 2499 1089 2567 Aristonicum
1142 2501 1512 2568 audivimus
1561 2500 1918 2567 dicentem:
1967 2502 2069 2567 τὸν
2110 2501 2174 2567 δὲ
2212 2500 2431 2581 ὃβελὸν
2471 2500 2618 2569 ἔλα-

226 2606 349 2685 βεν
416 2609 488 2673 ἐκ
549 2616 660 2683 τῆς
723 2608 1048 2684 Ζηνοδότου
1107 2610 1479 2689 διορθώσεως.
1576 2606 1815 2673 Deinde
1879 2627 1999 2672 non
2067 2610 2226 2672 satis
2284 2607 2616 2675 commode

228 2712 389 2779 haec
453 2711 661 2779 divisa
724 2722 909 2780 sunt:
974 2716 1107 2781 οὐδὲ
1167 2716 1296 2796 γὰρ
1361 2721 1462 2780 νῦν
1509 2716 1561 2781 οἱ
1608 2714 1740 2795 περ)
1788 2712 2181 2793 Τηλέμαχον
2227 2713 2507 2796 amandu
2550 2740 2612 2781 τι

226 2820 673 2901 ἐμφαίνουσιν,
719 2830 781 2886 et
830 2820 1028 2887 δοτέον
1074 2820 1137 2886 δὲ
1180 2822 1265 2903 τῷ
1313 2830 1533 2904 ποιητῇ
1578 2821 1663 2886 τὰ
1710 2825 1996 2886 τοιαῦτα.
2094 2818 2219 2886 Sed
2267 2839 2341 2885 ea
2386 2818 2612 2898 verba,

226 2945 395 3012 quae
452 2946 685 2991 sanum
745 2935 808 2992 et
864 2925 1153 2992 sobrium
1207 2926 1568 2992 Aristarchi
1623 2924 1936 2992 iudicium
1987 2935 2271 3010 arguunt
2322 2925 2386 2989 in
2442 2923 2614 2990 nulla

227 3052 296 3098 re
346 3032 611 3098 modum
662 3031 1074 3113 excedentis,
1139 3033 1337 3099 δοτέον
1381 3034 1467 3114 τῷ
1514 3041 1733 3115 ποιητῇ
1781 3033 1868 3097 τὰ
1914 3039 2219 3113 τοιαῦτα,
2284 3033 2615 3103 referenda

225 3146 384 3204 sunt
472 3138 550 3204 ad
630 3137 1082 3224 Aristophanis
1152 3138 1589 3205 dubitationes
1658 3138 1835 3204 πόθεν
1899 3141 1986 3222 τῷ
2056 3141 2350 3207 Κύκλωπι
2419 3149 2617 3225 ληςῶν

226 3243 450 3319 ἔννοια;
514 3247 648 3311 κτὲ.
749 3244 984 3310 Eodem
1044 3247 1216 3323 iure,
1279 3246 1526 3331 inquit,
1581 3245 1835 3309 mireris
1885 3266 2028 3310 eum
2075 3245 2286 3311 navim
2332 3266 2510 3313 nosse
2558 3256 2617 3312 et

234 3351 465 3418 Graece
526 3351 923 3438 inlelliyere:
966 3351 1172 3416 danda
1220 3361 1363 3416 sunl
1409 3350 1564 3415 talia
1605 3359 1838 3436 poetae.
1936 3352 2245 3417 Extrema
2295 3370 2444 3437 pars
2495 3350 2613 3418 loci

231 3478 353 3522 non
410 3466 511 3524 est
561 3458 837 3544 integra.
941 3457 1350 3524 Demonstrat
1399 3455 1815 3522 Aristarchus
1864 3455 2247 3545 praedonem
2297 3476 2436 3523 esse
2488 3477 2611 3523 uon

229 3560 570 3630 honestum
634 3561 745 3630 sed
808 3562 1170 3649 improbum
1224 3561 1476 3628 facinus
1529 3561 1852 3627 veteribus
1899 3564 2106 3629 visum
2158 3582 2233 3627 ex
2283 3562 2442 3649 ipsis
2489 3562 2617 3628 Ho-

231 3671 390 3736 meri
451 3670 690 3736 verhis.
789 3668 948 3736 Nam
1012 3669 1337 3734 contraria
1402 3675 1590 3744 sunt,
1657 3668 1904 3754 inquit,
1970 3667 2005 3744 ἦ
2064 3691 2126 3733 τι
2185 3668 2354 3733 κατὰ
2404 3665 2618 3751 πρῆξιν

228 3784 290 3841 et
327 3777 683 3861 μαψιδίως.
733 3774 844 3841 sed
887 3776 1214 3841 omittitur
1254 3773 1419 3861 quod
1462 3774 1917 3859 gravissimum
1948 3781 2084 3850 est,
2137 3794 2366 3861 nempe
2392 3773 2618 3857 ψυχας

231 3884 591 3963 παρθέμενοι
654 3881 718 3946 id
781 3889 880 3947 est
941 3882 1059 3954 τοὶς
1124 3879 1349 3962 ψυχας
1416 3880 1935 3959 παραβαλόμενοι
2000 3882 2133 3944 sive
2180 3880 2617 3951 κινδυνεύοντες

232 3989 358 4070 περὶ
421 3997 537 4065 τῆς
601 3995 862 4069 ψυχῆς,
927 3985 1095 4073 quod
1160 3985 1238 4052 de
1301 3987 1382 4052 iis
1433 3986 1710 4062 dicitur,
1772 3987 1880 4071 qui
1932 3988 2102 4073 capti
2154 3993 2267 4051 aut
2313 3984 2609 4071 deprensi

233 4094 468 4160 matum
527 4092 783 4160 facinus
828 4093 1134 4179 capitibus
1181 4093 1311 4160 suis
1357 4094 1643 4170 luebant,
1694 4102 1766 4158 ut
1816 4095 1879 4159 in
1934 4091 2386 4179 Aristophanis
2431 4090 2614 4159 Pluto

232 4217 320 4266 vs,
366 4203 535 4266 523.

1233 4305 1327 4379 τίς
1378 4304 1505 4386 γὰρ
1553 4309 1833 4370 πλουτῶν
1878 4305 2149 4381 ἐθελήσει

428 4409 780 4479 κινδυνεύων
824 4409 962 4492 περὶ
1011 4416 1119 4483 τῆς
1163 4415 1377 4491 ψυχῆς
1422 4418 1536 4485 τῆς
1585 4411 1774 4476 αὑτοῦ
1821 4413 1998 4475 τοῦτο
2042 4415 2336 4485 ποιῆσαις

2294 4517 2323 4558 a
