2934 5050
1107 302 1164 347 m
1212 302 1613 349 neciononuu.
2419 287 2544 351 169

256 462 622 532 Absurdum
688 470 786 529 est
850 461 1019 550 quod
1067 461 1308 549 legitur
1357 483 1416 548 p.
1446 467 1598 530 403.
1655 467 1736 529 12
1784 462 2070 543 πολέμων
2115 465 2228 545 μὲν
2277 464 2385 531 καὶ
2430 468 2542 532 αἱ·

173 569 420 653 μάτων
465 571 733 647 ἀθλητὴν
778 570 1298 649 ανανταγῶνιςον.
1372 570 1537 635 Vera
1584 567 1771 636 lectio
1815 589 1936 635 nou
1966 569 2247 637 difficilis
2275 573 2541 638 inventu

175 687 293 769 est:
342 674 756 742 scribendum
805 685 900 742 est
951 675 1055 742 καὶ
1105 682 1389 758 μαχῶν
1436 683 1502 742 et
1549 674 1920 742 observabis
1966 678 2370 764 corruptelae
2416 680 2544 744 ori-

176 782 378 870 ginem
432 780 864 848 manifestam.
930 782 1253 869 Denique,
1298 802 1444 847 nam
1477 780 1625 848 finis
1665 782 1824 848 mihi
1852 781 2200 870 aliquando
2225 803 2542 871 quaeren-

175 888 285 955 dus
328 895 468 965 est,
519 886 713 954 verba
753 889 894 969 δρᾶν
930 896 994 954 et
1019 887 1207 969 δρᾶν,
1234 887 1403 974 quod
1430 889 1806 975 saepissime
1844 887 2086 955 sactum
2114 898 2243 968 est,
2278 889 2545 957 confusa

174 1002 315 1062 sunt
362 1015 427 1082 p.
456 998 611 1061 410.
665 998 692 1059 1
747 994 1108 1071 ἐσείσθησαν
1153 996 1298 1075 πρὸς
1343 1000 1431 1060 τὰ
1467 992 1819 1075 γιγνόμενα
1861 995 2268 1077 σύμπαντες,
2308 996 2396 1063 τα
2433 999 2548 1077 μὲν

171 1102 414 1185 ῥήματα
461 1102 514 1167 οἱ
555 1098 888 1178 συνιέντες,
933 1101 1019 1166 τὰ
1058 1100 1390 1183 ὁρώμενα
1431 1101 1495 1167 δὲ
1532 1102 1583 1166 οἱ
1626 1101 1842 1167 πολλοὶ
1884 1102 2342 1184 θαυμάζοντες.·
2388 1102 2548 1185 Quis

176 1207 427 1295 negabit
449 1208 540 1274 τὰ
571 1207 923 1290 δρώμενα
960 1226 1181 1273 verum
1223 1205 1404 1273 esse?
1455 1205 1696 1273 Eodem
1729 1205 1917 1273 modo
1945 1228 2004 1294 p.
2027 1212 2181 1276 244.
2212 1213 2296 1276 46
2335 1214 2549 1276 ταῦτα

176 1310 313 1381 εἶναι
358 1315 571 1382 ἐκεῖνα
616 1313 705 1379 τὰ
751 1317 854 1379 νῦν
890 1312 1193 1396 δρώμενα,
1237 1332 1571 1399 perperam
1614 1311 1853 1399 legitur
1893 1314 2165 1397 δρώμενα
2212 1315 2277 1380 in
2319 1314 2550 1382 Codice

182 1417 670 1486 vindobonensi.
778 1418 917 1485 Alia
986 1417 1279 1505 exempla
1352 1438 1559 1506 nuper
1631 1419 2074 1486 Weckleinius
2113 1453 2121 1460 ·
2157 1419 2415 1506 collegit
2487 1422 2551 1486 in

182 1525 381 1594 ltuseo
432 1525 748 1594 Rhenano
802 1523 1235 1592 v01.·xxv11.
1287 1545 1348 1612 p.
1391 1529 1544 1592 480.
1644 1524 1852 1592 Unum
1902 1525 2267 1613 exemplum
2317 1525 2550 1594 addam

183 1650 250 1699 ex
306 1632 619 1723 Dionysio
698 1629 1247 1697 Halicarnassensi
1312 1631 1426 1697 111.
1517 1634 1635 1708 19,
1704 1630 1813 1697 ubi
1877 1630 2272 1699 describitur
2336 1652 2552 1719 pugna

185 1737 609 1808 Curiatiorum
657 1746 724 1805 et
773 1737 1216 1803 Horatiorum:
1264 1734 1698 1803 audiebantur
1725 1741 1927 1820 φωναὶ
1967 1746 2286 1820 συνεχεῖς,
2336 1740 2405 1804 αἱ
2441 1739 2556 1818 μὲν

184 1849 310 1928 πρὸς
353 1846 444 1913 τὰ
505 1842 783 1928 δρώμενα
844 1867 930 1908 τε
1009 1843 1143 1908 καὶ
1206 1843 1568 1923 δρώμενα
1631 1844 1739 1926 ὑφ’
1802 1843 2135 1928 ἑκατέρων,
2184 1846 2251 1910 αἱ
2300 1844 2362 1910 δὲ
2410 1844 2556 1925 πρὸς

186 1952 259 2019 τὰ
298 1949 624 2032 μέλλοντά
671 1973 744 2015 τε
786 1949 894 2016 καὶ
943 1948 1439 2028 ὑποπτευόμενα.
1542 1948 1822 2036 Apparet
1864 1950 2149 2016 insiticia
2186 1969 2325 2017 esse
2366 1950 2557 2016 verba

184 2082 259 2124 τε
299 2058 437 2125 καὶ
491 2056 886 2140 δρώμενα,
951 2053 1060 2124 sed
1126 2053 1484 2124 absurdum
1548 2075 1804 2142 quoque
1866 2063 1967 2121 est
2028 2054 2195 2144 quod
2247 2056 2559 2122 continuo

188 2166 505 2252 sequitur:
558 2160 629 2239 ἦν
685 2163 879 2230 πλείω
939 2161 1028 2228 τα
1083 2159 1459 2245 εἰκαζόμενα
1504 2186 1579 2227 τε
1624 2161 1730 2227 καὶ
1780 2159 2141 2243 δρώμενα
2185 2169 2303 2229 τῶν
2348 2186 2556 2243 γιγνο-

186 2270 391 2349 μένων·
445 2289 601 2340 nam
669 2269 1026 2357 requiritur
1084 2265 1446 2350 δρώμενα
1514 2285 1630 2335 nec
1692 2267 2033 2354 quisquam
2082 2266 2426 2336 contendet
2472 2271 2560 2336 τὰ

190 2376 446 2459 δρώμενα
500 2384 678 2443 recte
719 2376 948 2463 opponi
993 2394 1175 2461 posse
1211 2382 1337 2449 τοῖς
1375 2371 1789 2454 γιγνομένοις.
1884 2372 2150 2441 Scilicet
2195 2374 2358 2461 sigla
2397 2373 2561 2441 fece·

194 2492 323 2552 runt
389 2493 467 2552 ut
534 2489 845 2571 perpetuo
914 2478 1468 2548 contunderentur
1529 2489 1677 2556 ΑΡ,
1745 2488 1880 2558 ΕΡ,
1946 2489 2051 2547 ΟΡ
2115 2489 2181 2548 et
2236 2491 2367 2549 ΔΡ.
2463 2480 2560 2549 Ex

192 2609 403 2678 magna
483 2589 670 2676 copia
739 2586 1178 2674 exemplorum
1205 2636 1223 2666 ,
1311 2607 1476 2675 quae
1525 2585 1684 2654 mibi
1734 2588 1796 2652 in
1850 2596 2151 2675 promptu
2222 2596 2360 2667 est,
2436 2586 2565 2654 duo

190 2694 568 2765 adscribam.
632 2693 899 2780 Legitur
945 2691 1111 2780 apud
1154 2692 1647 2761 Demosthenem
1690 2692 1836 2759 adv.
1891 2692 2214 2761 Cononem
2260 2715 2299 2781 p
2362 2698 2561 2761 1269:

191 2803 373 2871 ἀκούω
421 2803 556 2885 γὰρ
605 2800 881 2883 Βάκχιόν
937 2825 1008 2865 τε
1067 2823 1242 2878 τινα,
1289 2796 1353 2874 ὃς
1401 2803 1577 2882 παρ’
1627 2799 1809 2879 ὑμῖν
1855 2800 2127 2867 ἀπέθανε
2174 2800 2280 2866 καὶ
2326 2802 2564 2880 'Apica-

192 2908 404 2991 κοίτην
465 2908 578 2976 τὸν
650 2909 791 2981 τοὺς
861 2906 1226 2990 ὀφθαλμοὺς
1285 2904 1721 2989 διεφθαρμένον
1790 2905 1896 2971 καὶ
1958 2906 2260 2983 τοιούτους
2332 2906 2566 2988 ἐτέρους

191 3014 584 3098 Τριβαλλοὺς
628 3013 979 3092 ἐπωνυμίαν
1026 3012 1218 3093 ἔχειν.
1312 3009 1412 3078 Nil
1474 3011 1824 3100 quidquam
1878 3010 1982 3079 hic
2032 3012 2359 3100 significat
2420 3018 2568 3097 παρ’

195 3119 327 3200 ὑμῖν
355 3130 421 3189 et
461 3118 714 3187 arridet
751 3138 906 3185 sane
941 3117 1301 3201 πέρυσιν.
1375 3116 1664 3184 Alterum
1708 3117 2072 3205 exemplum
2116 3119 2374 3186 invenio
2398 3116 2571 3206 apud

202 3222 577 3317 Aeschylum
629 3226 695 3291 in
741 3222 1131 3311 Gboephoris
1180 3243 1273 3289 vs,
1321 3227 1478 3289 529.
1571 3223 1807 3290 Narrat
1863 3224 2116 3292 Chorus
2160 3223 2373 3293 Oresti
2423 3225 2573 3315 cly-

199 3337 646 3403 nemnestram
696 3331 763 3397 in
812 3331 1061 3397 somnio
1109 3329 1230 3396 sibi
1279 3330 1482 3396 visam
1539 3349 1682 3397 esse
1725 3332 2049 3418 peperisse
2096 3330 2439 3399 draconem
2506 3339 2572 3398 et

641 3439 705 3504 ἕν
751 3438 1162 3520 σπαργάνοισι
1210 3435 1428 3510 παιδὸς
1475 3436 1811 3519 ὁρμίσαι
1859 3438 2053 3514 δίκην.

202 3541 412 3612 Nescio
457 3542 780 3633 quomodo
826 3544 1107 3611 Porsono
1159 3542 1407 3629 placere
1457 3544 1737 3628 potuerit
1786 3545 1984 3625 ὁρμὴ·
2008 3568 2166 3610 σαι.
2252 3541 2567 3630 Equidem

208 3650 507 3737 praefero:
557 3648 973 3734 ἁρμόσαι,
1025 3650 1221 3716 sicuti
1270 3649 1339 3715 in
1389 3648 1618 3737 Eurip.
1670 3648 1916 3736 Hippoi.
1969 3670 2058 3717 vs.
2091 3652 2295 3716 1189:

642 3757 871 3829 αὐταῖς
918 3755 980 3821 ἑν
1025 3754 1400 3839 ἆρβύλαισιν
1446 3753 1663 3838 οὶρμό
1675 3779 1825 3831 σας
1867 3754 2077 3834 πόδα,

79 3934 89 3947 ,
208 3867 267 3927 et
304 3861 371 3929 in
421 3860 646 3933 Oreste
690 3881 781 3928 vs.
824 3864 999 3927 233:

644 3962 686 4043 ἦ
723 3966 879 4034 κάπὶ
917 3965 1116 4047 γαίας
1163 3964 1209 4031 α’
1222 3989 1253 4048 ρ
1270 3966 1366 4046 μό
1379 3989 1514 4036 σαι
1556 3967 1752 4041 πόδας
1799 3966 2031 4042 θέλειςς

211 4078 271 4139 et
309 4072 376 4142 in
426 4072 691 4143 Bacchis
737 4092 836 4139 vs.
887 4076 1057 4142 2312
2019 4132 2024 4138 .

647 4179 755 4247 καὶ
802 4183 979 4261 σφοῖς
1025 4178 1298 4260 σιδηραῖς
1345 4177 1706 4261 ἁρμόσας
1749 4179 1811 4245 ἐν
1850 4177 2122 4261 ἄρκυσιν.

218 4280 464 4372 Reliqua
518 4288 584 4355 in
656 4283 991 4354 Heliodoro
1043 4294 1387 4372 corrupta,
1454 4304 1619 4373 quae
1680 4294 2169 4360 suntnumero
2232 4303 2386 4350 sane
2450 4303 2574 4349 uon

219 4389 474 4476 exiguo,
525 4391 893 4481 propediem
940 4389 1344 4460 examinabo.

349 4510 828 4594 Amsoetodami,
880 4510 946 4580 d.
1002 4516 1086 4579 24
1134 4532 1219 4579 m.
1267 4511 1420 4580 Nov.
1481 4515 1669 4580 1872.
