2934 5050
943 336 1029 386 An
1076 334 1389 386 rma-oms
1437 332 1744 385 sonuum,
2411 316 2541 385 133

190 507 398 573 falsum
455 515 519 574 et
585 511 771 575 inane
833 516 949 575 est.
1044 510 1349 595 Sequitur
1410 516 1627 576 autem
1686 530 1764 574 ex
1815 509 1917 574 his
1961 512 2378 595 participium
2427 512 2535 576 λέ-

188 637 379 691 γοντες
416 634 538 680 11011
582 636 717 681 esse
748 637 788 682 a
816 615 1082 683 Platone
1127 618 1439 703 scriptum
1485 615 1595 682 sed
1641 636 1680 681 a
1713 614 1910 682 sciolo
1952 617 2342 701 adscriptum
2361 666 2379 697 ,
2422 621 2536 704 qui

186 740 297 785 non
334 717 725 787 intellexerat
768 723 1208 810 coniungenda
1251 744 1385 788 esse
1430 722 1602 786 κατὰ
1646 726 1860 787 τοῦτον
1894 759 1980 771 -
2012 725 2090 793 ὡς
2137 722 2207 787 τὸ
2245 722 2372 790 ἴσον
2411 726 2531 806 χρὴ

187 823 334 905 ἔχειν
379 826 503 892 κτὲ.
549 833 625 891 ut
669 827 840 913 apud
883 828 1375 914 Aristophanem
1420 830 1683 892 Acharn.

568 933 748 999 ἐτίθει
793 932 1011 1010 νόμους
1053 933 1252 1014 ὥσπερ
1298 932 1522 1000 σκόλια
1566 933 2044 1014 γεγραμμένους

344 1101 357 1110 ,
565 1042 711 1103 ὨΟ
757 1047 919 1104 XPH
966 1040 1309 1119 Μεγαρέας
1357 1041 1490 1108 κτὲ.

264 1139 391 1207 Iam
448 1144 743 1230 expedita
787 1150 937 1211 sunt
981 1150 1047 1211 et
1089 1145 1282 1232 plana
1325 1149 1544 1213 omnia
1589 1146 2136 1223 καταδουλούμεθα
2183 1146 2325 1217 τοὺς
2370 1146 2530 1224 βελ-

186 1248 370 1320 τίςους
418 1252 584 1325 ἡμῶν
635 1252 837 1316 αὐτῶν
881 1250 1268 1324 πλάττοντες
1317 1251 1495 1329 νόμον
1541 1256 1621 1323 ὥς
1667 1253 1736 1317 τὸ
1784 1251 1912 1315 ἴσον
1958 1256 2079 1333 χρη
2128 1250 2297 1332 ἔχειν
2343 1254 2471 1318 κτέ.

262 1352 674 1441 Inspiciamus
733 1377 901 1422 nunc
962 1378 1038 1423 ea
1098 1378 1259 1443 quae
1317 1360 1617 1424 continuo
1676 1363 2060 1443 sequuntur:
2134 1358 2240 1423 ἐὰν
2294 1358 2357 1422 δέ
2413 1382 2491 1437 γε
2519 1409 2534 1430 ,

182 1454 339 1536 οἶμαι
360 1510 376 1537 ,
424 1461 616 1541 Φύσιν
663 1462 875 1535 ἱκανὴν
920 1462 1175 1542 γένηται
1225 1461 1386 1543 ἔχων
1433 1465 1581 1544 ἀνὴρ
1618 1464 1833 1528 πάντα
1871 1468 2083 1528 ταῦτα
2119 1463 2537 1542 οὶποσεισαμε·

184 1587 265 1638 νος
308 1569 407 1631 καὶ
456 1565 780 1647 διαρρήξας
837 1569 943 1634 καὶ
994 1568 1319 1650 διαφυγὼν
1365 1572 1832 1645 καταπατήσας
1880 1569 1964 1634 τὰ
2015 1568 2290 1649 ἡμέτερα
2331 1570 2541 1650 γραμ-

182 1694 348 1747 ματα
392 1672 496 1738 καὶ
548 1675 1082 1752 μαγγανεύματα
1127 1676 1232 1740 καὶ
1273 1677 1515 1755 ἐπῳδὰς
1562 1677 1671 1741 καί
1708 1675 1924 1753 νόμους
1967 1677 2109 1748 τοὺς
2146 1677 2319 1757 παρὰ
2356 1677 2543 1759 Φύσιν

182 1774 459 1851 ἅπαντας
509 1780 835 1851 ἐπαναςάς
881 1780 1160 1860 ἀνεφάνη
1208 1781 1512 1858 δεσπότης
1562 1781 1872 1863 ἡμέτερος.
1965 1782 2192 1847 Editor
2236 1782 2546 1849 ambabus

182 1885 457 1950 manibus
519 1885 932 1971 amplectitur
975 1885 1380 1954 Valckenarii
1426 1890 1857 1955 coniecturam
1899 1887 2383 1966 ΠΕΡΙοίμματα
2427 1908 2541 1973 pro

182 1988 548 2068 ΓΡάμματα
616 1992 1082 2057 substituentis.
1193 1994 1338 2060 Non
1404 1997 1724 2060 assentior.
1836 1994 1986 2074 Περί
1989 2017 2185 2069 αμμα
2253 2014 2379 2059 non
2449 1999 2545 2059 est

182 2093 530 2164 Platonicae
574 2099 803 2163 aetatis
839 2098 1264 2176 vocabulum,
1315 2100 1633 2179 περίαπτα
1678 2106 1823 2165 tum
1870 2121 2092 2167 omnes
2137 2099 2432 2164 dicebant
2480 2106 2545 2164 et

180 2221 251 2266 ne
289 2200 389 2267 his
423 2201 689 2288 quidem
727 2202 1084 2281 περιαπτοις
1124 2203 1476 2290 quidquam
1514 2226 1683 2272 nunc
1719 2205 1847 2272 loci
1885 2211 2000 2272 est.
2073 2202 2549 2272 Commemorat

184 2302 465 2374 Callicles
494 2308 898 2393 praestem-2,
948 2309 1425 2390 incantamenta,
1476 2312 1905 2390 delenimenta,
1954 2312 2186 2398 quibus
2229 2314 2306 2375 ut
2349 2309 2550 2376 bellu—

182 2431 349 2479 arum
406 2414 630 2481 feritas
690 2416 783 2480 sic
840 2413 1221 2481 ferociorum
1281 2416 1621 2482 hominum
1681 2420 1945 2505 spiritus
1989 2419 2443 2504 mitigarentur
2487 2423 2552 2482 et

184 2516 608 2608 &angerentur
623 2568 641 2599 ,
688 2523 879 2607 atque
928 2522 998 2587 in
1043 2521 1145 2588 his
1189 2522 1421 2603 ἑπῳδαί
1465 2529 1532 2590 et
1576 2534 1860 2603 γοητεῖαι
1907 2530 1973 2592 et
2017 2521 2547 2603 μαγγανεύματα

182 2631 317 2690 sunt
360 2634 425 2693 et
471 2628 856 2706 κηλήματα,
904 2632 981 2693 ut
1026 2631 1096 2693 in
1138 2630 1505 2716 Mydemo
1549 2651 1698 2720 pag.
1749 2630 1903 2697 290.
1951 2650 2015 2696 A.
2067 2633 2102 2707 ἦ
2150 2630 2268 2694 τῶν
2311 2628 2548 2709 ἐπῳδῶν

182 2728 359 2812 τέχνη
422 2730 619 2816 ἔχεων
688 2757 761 2799 τε
831 2734 937 2799 καὶ
1004 2735 1402 2815 Φαλαγγίων
1467 2737 1574 2803 καὶ
1638 2736 1933 2817 σκορπίων
1995 2737 2101 2801 καὶ
2161 2740 2281 2799 τῶν
2339 2732 2547 2798 ἄλλων

183 2836 368 2917 θηρίων
415 2864 487 2904 τε
534 2839 642 2905 καὶ
697 2838 877 2905 νόσων
941 2839 1198 2913 κήλησίς
1262 2842 1405 2911 ἐςιν.
1500 2841 1627 2908 Sed
1669 2842 1889 2907 nullus
1932 2844 2001 2906 in
2047 2861 2121 2907 ea
2162 2862 2230 2906 re
2275 2847 2392 2905 τῶν
2437 2865 2546 2905 πε-

180 2941 433 3019 ριάπτειν
475 2966 635 3011 usus
678 2950 805 3011 est:
853 2948 1215 3012 sunt‘enim
1257 2949 1578 3026 περίαπτα
1615 2949 1876 3012 amuleta
1911 2948 2152 3012 morbis
2190 2951 2303 3012 aut
2339 2966 2549 3012 arcen-

180 3047 269 3113 dis
310 3055 422 3115 aut
465 3049 858 3136 depellendis
874 3099 892 3128 ‚
941 3057 1018 3117 ut
1060 3054 1129 3117 in
1173 3056 1555 3121 suavissimo
1592 3053 1882 3118 Platonis
1916 3051 2056 3119 loco
2093 3054 2168 3115 de
2207 3052 2356 3136 Rep.
2398 3072 2545 3140 pag.

182 3149 319 3219 426.
369 3173 428 3220 11.
479 3156 594 3221 ubi
639 3155 1005 3222 luxuriosus
1048 3157 1242 3223 homo
1288 3161 1357 3224 in
1392 3159 1691 3225 morbum
1725 3156 2082 3243 implicitus
2119 3157 2356 3222 dicitur
2393 3156 2547 3224 πάν-

180 3277 285 3322 των
329 3261 577 3340 &Aaron
624 3263 910 3339 ἡγεῖσθαι
958 3265 1061 3328 τὸν
1107 3264 1348 3339 τάληθῆ
1396 3264 1668 3340 λέγοντα
1716 3261 1806 3328 ὅτι
1855 3265 1991 3343 πρὶν
2038 3262 2114 3329 ἂν
2160 3264 2393 3340 μεθύων
2440 3263 2546 3328 καὶ

180 3363 697 3445 ἐμπιμπλάμενος
760 3369 863 3433 καὶ
924 3368 1376 3450 ἀφροδισιάζων
1423 3368 1528 3433 καὶ
1576 3371 1780 3448 ἀργῶν
1827 3369 2147 3444 παύσηται
2195 3369 2338 3435 οὔτε
2382 3370 2549 3451 Φοίρ-

180 3492 350 3545 μακα
408 3472 553 3539 οὔτε
609 3474 862 3547 καύσεις
910 3475 1051 3541 οὔτε
1098 3474 1289 3552 τομαὶ
1339 3475 1461 3540 οὐδ’
1512 3469 1593 3539 αὖ
1641 3475 1871 3555 ἐπῳδαὶ
1919 3477 2107 3540 αὐτὸν
2152 3476 2282 3541 οὐδὲ
2329 3485 2548 3542 nepl-

180 3585 410 3645 ΛΠΤΑ
475 3579 596 3646 οὐδ’
659 3578 819 3646 ἄλλο
879 3586 998 3646 τῶν
1061 3580 1341 3645 τοιούτων
1398 3579 1565 3644 οὐδὲν
1623 3580 1841 3654 ὀνήσει.
1936 3578 2355 3666 Spectabatur
2396 3581 2552 3646 haec

182 3682 357 3750 anilis
398 3687 770 3771 superstitio
812 3688 1225 3772 potissimum
1268 3688 1338 3751 in
1381 3684 1783 3750 mulierculis
1801 3733 1817 3763 ‚
1868 3706 2028 3772 quae
2071 3687 2315 3750 mirum
2360 3705 2553 3771 quan-

180 3793 313 3854 tum
356 3798 487 3864 τοῖς
528 3790 887 3871 περιάπτοις
924 3791 1310 3857 tribuebant.
1381 3789 1855 3878 Theophrastus
1890 3793 2238 3857 memoriae
2268 3790 2551 3878 prodidit

182 3894 338 3979 apud
383 3895 810 3963 Plutarchum
854 3901 923 3963 111
968 3898 1204 3962 Pericle
1249 3918 1384 3983 cap.
1435 3895 1558 3974 38,
1625 3894 1717 3962 ὅτι
1767 3903 1943 3961 νοσῶν
1999 3897 2025 3960 ὂ
2071 3902 2375 3975 Περικλῆς
2426 3898 2550 3960 ε’πι·

180 3989 562 4081 σκοπουμένῳ
593 4003 710 4067 τινὶ
735 4011 852 4068 τῶν
898 4004 1098 4083 Φίλων
1146 4000 1357 4079 δείξειε
1405 4002 1741 4082 περίαπτον
1793 4001 1907 4066 ὑπὸ
1955 4009 2070 4066 τῶν
2111 4007 2416 4079 γυναικῶν
2462 4004 2547 4081 τῷ

181 4109 473 4187 τραχήλῳ
537 4108 1017 4189 περιηρτημένον.
1118 4108 1280 4173 Bion
1342 4107 1796 4194 Borysthenita
1839 4107 1868 4170 ὅ
1915 4108 2090 4179 ἄθεος
2137 4107 2420 4183 ἐμπεσὼν
2466 4110 2551 4181 εἷς

182 4208 337 4276 νόσον
378 4213 701 4293 περίαπτα
747 4213 977 4292 λαβεῖν
1021 4213 1268 4286 ἐπείσθη
1317 4237 1423 4278 και
1465 4212 2005 4291 μεταγιγνώσκειν
2043 4214 2149 4291 ἐφ’
2189 4208 2274 4286 οἷς
2310 4214 2550 4292 ε’πλημ·

181 4315 446 4392 μέλησεν
492 4343 575 4390 εις
628 4318 697 4383 τὸ
745 4319 934 4397 θεῖον,
999 4323 1163 4384 teste
1206 4317 1494 4406 Diogene
1538 4317 1791 4383 Laertio
1842 4317 1950 4383 IV.
1998 4320 2034 4403 5
2083 4318 2205 4397 54,
2273 4322 2383 4406 qui
2429 4341 2552 4386 non

182 4418 438 4506 illapido
485 4425 764 4489 carmine
805 4425 859 4508 5.
912 4424 1023 4488 55.
1066 4424 1181 4488 has
1228 4422 1448 4489 Bionis
1492 4424 1763 4508 ineptias
1810 4423 2065 4488 derisit:
