2934 5050
1166 278 1590 329 ranmrma.
2446 257 2578 324 233

210 455 288 522 ad
331 452 601 522 australe
641 470 820 518 mare
862 451 1226 535 habitarent
1256 470 1295 516 a
1328 448 1591 536 Scythis
1635 447 1853 534 pulsos
1871 495 1889 525 ,
1939 446 2065 512 alio
2098 446 2429 535 migrasse.
2479 442 2575 512 Cf.

212 559 537 628 Damastes
596 559 657 622 ἐν
700 557 785 638 τῷ
832 554 966 638 περὶ
1014 552 1203 621 ἐθνῶν
1249 554 1418 641 apud
1463 553 1684 641 Steph.
1732 552 1886 639 Byz.
1937 553 2006 617 in
2051 573 2115 618 v.
2165 548 2576 633 ‘Taeepss6p301.
2612 619 2617 623 ,

296 665 481 732 Nunc
534 682 1015 750 percenseamus
1069 681 1231 749 quae
1289 658 1430 726 loca
1492 658 1561 725 Io
1623 659 1784 725 adiit
1798 704 1817 736 ,
1888 657 1998 724 sed
2058 657 2269 723 ordine
2325 658 2578 724 inverso.

210 766 459 838 Canobo
504 771 709 858 igitur
752 769 1043 855 pervenit
1086 765 1155 833 Io
1204 765 1285 832 ad
1339 765 1479 831 Nili
1511 768 1894 831 cataractam
1907 812 1926 842 ,
1970 762 2087 829 ubi
2124 762 2318 830 Nilus
2349 784 2580 850 aquam

207 897 387 943 suam
430 872 551 950 ἵησι
602 872 914 952 Βυβλίνων
958 872 1097 951 ὀρῶν
1141 869 1287 937 ἄπο.
1382 870 1629 937 Deinde
1671 872 1887 959 pergit
1924 872 2111 956 juxta
2152 871 2362 956 ripam
2397 869 2583 937 fluvii

206 982 538 1068 Aethiopis
551 1029 570 1059 ‚
617 982 755 1046 sive
790 982 847 1045 is
889 977 1081 1044 Nilus
1124 979 1260 1063 ipse
1296 982 1392 1042 est
1408 1024 1426 1053 ,
1476 978 1613 1042 sive
1648 975 1815 1042 alius
1853 979 1966 1062 qui
1999 977 2068 1040 in
2104 974 2332 1041 Nilum
2370 976 2580 1042 infun·

208 1088 398 1155 ditur.
492 1085 713 1152 Oritur
753 1084 992 1152 fluvius
1036 1081 1205 1169 apud
1251 1080 1530 1147 κελαινὸν
1573 1086 1773 1165 φῦλον
1791 1131 1808 1157 ,
1855 1073 1910 1146 οἳ
1948 1080 2093 1162 πρὸς
2135 1082 2304 1157 ἡλίου
2350 1081 2581 1148 ναίουσι

208 1199 467 1272 πηγαῖς.
513 1191 658 1259 Non
702 1190 960 1259 videtur
980 1186 1435 1266 dubitandum,
1484 1189 1641 1273 quin
1675 1186 2125 1277 intelligantur
2159 1189 2212 1252 οἱ
2250 1188 2370 1252 ae'r’
2412 1188 2582 1262 ἡλίου

207 1297 554 1365 ἀνατολέων
598 1295 915 1372 Αἰθίοπες,
963 1296 1043 1362 de
1087 1295 1320 1381 quibus
1362 1292 1727 1360 Herodotus
1772 1293 1941 1359 dixit
1983 1290 2123 1358 VII.
2172 1291 2282 1359 70.
2361 1293 2585 1360 Fuerit

213 1403 378 1490 apud
441 1422 549 1470 eos
602 1404 772 1469 mira
826 1400 945 1467 illa
988 1421 1149 1488 quae
1194 1400 1524 1466 dicebatur
1566 1396 1735 1465 Solis
1777 1418 2032 1476 mensa,
2095 1398 2173 1464 de
2218 1419 2345 1485 qua
2385 1399 2586 1466 Hero-

210 1506 394 1574 dotus
431 1505 548 1573 111.
609 1504 694 1574 1¹7
741 1512 808 1575 et
851 1505 960 1573 23.
1054 1504 1421 1573 Secundum
1466 1503 1863 1592 Aeschylum
1905 1505 2202 1571 habitant
2219 1538 2226 1545 ·
2245 1505 2588 1592 Aethiopes

208 1614 317 1679 isti
375 1613 666 1694 τηλουρὸν
720 1622 840 1692 γῆν
858 1663 878 1689 ,
948 1614 1142 1678 sicuti
1200 1614 1334 1677 iam
1394 1610 1564 1696 apud
1623 1610 1982 1677 Homerum
2043 1609 2304 1694 ἔσχατοι
2363 1613 2586 1693 ἀνδρῶν

210 1725 357 1785 sunt
417 1724 486 1786 et
545 1717 714 1804 apud
773 1717 1174 1787 Herodotum
1219 1737 1469 1803 quoque
1516 1714 1629 1783 m.
1679 1716 1767 1782 25
1813 1717 1900 1783 τὰ
1945 1714 2202 1799 ἔσχατα
2250 1722 2369 1795 γῆς
2417 1719 2586 1784 inco-

208 1821 372 1890 lunt.
2042 1888 2059 1897 -

294 1928 672 1996 Exercitum
720 1927 915 1994 illum
957 1934 1251 2007 μουνῶπα
1297 1926 1686 2009 Ἀριμασπὸν
1729 1926 2148 2007 ἱπποβάμονα
2170 1978 2187 2006 ,
2252 1931 2364 2016 qui
2409 1930 2588 1997 sedes

210 2034 398 2102 habet
456 2031 858 2116 χρυσόρρυτον
918 2033 1092 2115 ἀμφὶ
1156 2037 1332 2112 νὶὶμα
1381 2032 1729 2105 Πλούτωνος
1778 2030 1960 2113 πόρου
2006 2037 2072 2099 et
2115 2029 2447 2122 Grypibus
2491 2041 2589 2102 est

211 2141 459 2206 vicinus
486 2187 504 2217 ‚
573 2138 868 2226 equidem
937 2140 1440 2225 comparaverim
1509 2160 1657 2205 cum
1718 2136 1894 2203 Indis
1908 2187 1927 2217 ,
1999 2158 2155 2224 quos
2221 2139 2586 2208 Herodotus

210 2253 420 2313 narrat
454 2243 570 2310 111.
623 2243 754 2310 102
800 2264 934 2331 sqq.
984 2265 1133 2311 cum
1179 2245 1387 2310 tribus
1433 2244 1696 2312 camelis
1740 2246 1976 2310 iunctis
2019 2245 2318 2314 sabulum
2361 2247 2588 2314 aurife-

209 2371 351 2417 rum
393 2354 611 2437 petere
624 2396 643 2428 ,
692 2348 859 2435 quod
903 2349 1206 2416 formicae
1243 2352 1593 2438 egesserint
1605 2370 1624 2429 3
1675 2371 1810 2417 esse
1846 2356 2065 2417 autem
2101 2353 2398 2419 formicas
2433 2356 2590 2421 istas

211 2457 470 2525 canibus
515 2456 790 2544 quidem
818 2457 1097 2521 minores
1142 2456 1254 2523 sed
1283 2453 1590 2542 vulpibus
1620 2458 1893 2523 maiores
1906 2505 1921 2536 ,
1974 2477 2233 2526 summa
2267 2458 2590 2527 celeritate

210 2564 559 2652 praeditas,
616 2583 774 2650 quas
820 2562 963 2628 Indi
1011 2560 1274 2628 camelis
1317 2561 1663 2628 insidentes
1708 2565 1822 2629 vix
1866 2563 2194 2653 effugiant.
2247 2604 2333 2615 —
2381 2570 2588 2646 Νέὶμα

212 2669 564 2742 Πλούτωνος
606 2667 787 2748 πόρου
828 2666 997 2734 nihil
1043 2666 1220 2733 aliud
1264 2664 1588 2754 significat
1630 2687 1823 2753 quam
1868 2669 2109 2735 flumen
2156 2669 2323 2756 quod
2362 2691 2593 2737 aurum

213 2775 513 2852 devehat3
561 2780 713 2839 sunt
757 2776 829 2839 in
873 2771 1056 2839 India
1098 2771 1310 2839 multa
1354 2771 1624 2839 flumina
1652 2794 1813 2859 quae
1849 2774 1971 2841 hoc
2006 2775 2318 2855 habeant;
2366 2774 2594 2843 Strabo

212 2877 336 2966 hoc,
377 2882 522 2966 jam
579 2885 779 2945 norat.
845 2877 1056 2944 Ἡλίου
1118 2877 1322 2957 πηγαὶ
1387 2883 1605 2944 autem
1665 2878 1999 2958 dicuntur,
2071 2883 2223 2966 quia
2280 2901 2355 2947 ea
2413 2884 2593 2971 reg-io

215 2988 502 3050 omnium
547 2990 646 3051 est
688 2983 1076 3051 calidissima
1090 3031 1109 3063 ,
1159 2990 1415 3051 auctore
1458 2983 1783 3050 Herodoto
1814 2982 1923 3049 m.
1969 2984 2101 3050 104
2116 3032 2136 3063 ,
2184 2985 2594 3072 multumque

213 3092 406 3156 miror
464 3088 824 3157 Hermanni
869 3109 1169 3167 acumen,
1229 3092 1341 3176 qui
1385 3089 1597 3155 Ἡλίου
1639 3089 1854 3168 πηγὰς
1901 3092 1969 3155 in
2009 3090 2226 3157 Africa
2270 3094 2592 3178 quaesive-

214 3197 296 3260 rit
354 3195 434 3261 ad
494 3194 683 3262 littus
739 3197 976 3261 interni
1036 3198 1255 3262 maris.
1352 3194 1534 3277 Quod
1598 3198 1953 3282 suspicatus
2008 3217 2152 3262 sum
2169 3245 2187 3275 ,
2260 3197 2592 3265 confirmat

213 3300 568 3390 Aeschylus
611 3303 748 3388 ipse
789 3303 860 3367 in
905 3299 1317 3388 Supplicibus
1360 3323 1455 3369 vs.
1503 3299 1673 3367 284:

696 3405 895 3481 Ἰνδας
942 3408 1141 3474 ἀκούω
1189 3407 1462 3486 νομάδας
1514 3405 1944 3487 ἱπποβάμοσιν

711 3508 865 3578 εἶναι
910 3514 1213 3590 καμήλοις
1261 3510 1928 3593 ἄςραβιζούσας,
1976 3513 2173 3595 χθόνα

708 3620 857 3700 παρ’
903 3615 1197 3699 Αἰθίοψιν
1242 3618 1855 3698 ἆςυγειτονουμένας.

299 3721 523 3809 Itaque
566 3728 853 3809 apparet,
894 3723 1241 3789 secundum
1289 3722 1684 3812 Aeschylum
1730 3724 1801 3789 τὸ
1849 3726 2126 3790 κελαινὸν
2172 3730 2375 3807 φῦλον
2421 3726 2588 3795 illud

213 3827 280 3893 in
323 3826 583 3896 Oriente
644 3828 964 3896 habitasse
1006 3829 1344 3895 meridiem
1388 3850 1610 3896 versus
1656 3835 1846 3916 atque
1893 3830 1969 3896 ab
2018 3832 2100 3896 iis
2146 3829 2421 3900 fluvium
2468 3835 2588 3900 Ae-

214 3932 432 4020 thiopa
471 3932 626 3999 ferri
668 3954 868 4020 usque
913 3934 994 4001 ad
1037 3934 1176 4000 Nili
1220 3940 1623 4002 cataractam.

298 4037 575 4124 Reliqua
609 4041 747 4124 jam
792 4040 1074 4128 intelligi
1117 4040 1246 4107 fere
1283 4045 1580 4127 possunt,
1628 4040 1739 4107 sed
1776 4041 2004 4108 multis
2040 4044 2283 4108 mirum
2320 4044 2584 4114 fortasse

214 4143 537 4211 videbitur
550 4192 569 4222 ,
613 4151 951 4232 postquam
996 4145 1348 4232 Bosporum
1395 4144 1822 4214 Cimmerium
1862 4150 2208 4234 trajecerit,
2258 4154 2586 4237 pervenire

214 4244 429 4317 Ionem
443 4297 462 4329 ,
510 4271 606 4318 vs.
655 4249 786 4316 '793
802 4299 821 4331 ,

721 4356 865 4439 πρὸς
918 4357 1240 4439 Γοργόνεια
1288 4359 1470 4424 πεδία
1521 4356 1826 4435 Κισθήνης
1850 4410 1867 4438 ,
1922 4356 2021 4424 ἵνα
