2934 5050
343 280 477 345 234
1317 295 1740 344 namma.

799 470 864 533 αἱ
915 467 1191 548 Φορκίδες
1237 467 1488 531 ναίουσι.

343 574 470 641 Sed
528 574 695 660 quod
753 571 1083 661 Gorgones
1128 572 1401 658 relegari
1445 569 1652 636 solent
1696 573 1765 634 in
1809 569 2122 636 ultimum
2170 569 2561 635 occidentem
2576 616 2593 644 ,
2656 567 2716 631 id

346 701 552 746 errore
589 683 840 745 nititur.
933 676 1334 764 Pherecydes
1351 724 1368 755 ,
1424 696 1526 762 ap.
1576 673 1788 741 Schol.
1837 675 2048 763 Apoll.
2096 674 2308 741 Rhod.
2354 672 2466 740 tv.
2517 672 2683 738 1515
2700 720 2715 748 ‚

347 805 540 871 quem
585 805 806 851 omnes
843 788 1227 870 sequuntur,
1276 782 1659 867 simpliciter
1694 801 1800 847 eas
1837 780 2105 847 collocat
2140 781 2319 846 κατὰ
2354 779 2458 844 τὸν
2492 781 2718 844 'oxea-

347 891 442 956 νόν
466 941 483 969 ,
549 897 616 957 et
660 892 916 957 etiamsi
964 885 1240 964 Κισθῆνη
1286 888 1482 953 fuerit
1526 889 1596 952 in
1640 886 1912 953 Thracia
1959 885 2197 953 alicubi
2242 885 2352 953 vel
2394 888 2464 952 in
2514 883 2723 951 Aeolia

344 996 452 1063 vel
498 996 701 1083 Lycia
715 1043 732 1073 ,
799 997 868 1060 in
928 995 1251 1061 occidente
1311 997 1480 1059 certe
1535 1013 1660 1057 non
1703 992 1848 1058 fuit.
1942 991 2216 1080 Legitur
2261 991 2524 1078 quidem
2566 988 2723 1075 apud

345 1101 706 1167 Hesiodum
749 1103 819 1166 111
865 1098 1234 1187 Theogonis.
1278 1119 1373 1165 vs.
1419 1095 1587 1164 270:

1115 1203 1299 1286 πέρην
1346 1208 1572 1269 κλυτοῦ
1622 1208 1952 1267 Ὠκεανοῖο

667 1312 937 1394 ἐσχατιῇ
988 1312 1135 1391 πρὸς
1182 1309 1393 1381 νυκτός
1416 1359 1433 1387 ,
1483 1308 1560 1375 ἵν’
1606 1306 1956 1387 Ἑσπερίδες
2004 1306 2345 1387 λιγύφωνοι

669 1417 885 1481 zama,
924 1420 983 1481 τ’
1026 1415 1308 1495 Εὐρυάλη
1354 1438 1425 1479 τε
1472 1412 1766 1480 Μέδουσά
1810 1436 1881 1478 τε
1929 1413 2137 1491 λυγροὶ
2183 1408 2490 1477 παθοῦσα

441 1521 568 1588 Sed
614 1521 1033 1607 interpolatus
1077 1542 1298 1589 versus
1343 1520 1602 1587 videtur
1618 1569 1635 1597 ,
1685 1522 1753 1584 in
1799 1538 1923 1604 quo
1971 1516 2043 1582 fit
2089 1516 2526 1603 Hesperidum
2563 1538 2727 1583 men·

351 1632 481 1706 tio;
532 1630 644 1714 qui
691 1626 938 1692 addidit
982 1626 1188 1693 effecit
1204 1676 1223 1706 ,
1271 1632 1347 1692 ut
1389 1624 1821 1710 Hesperidum
1858 1626 1998 1710 jam
2042 1623 2418 1691 viderentur
2452 1643 2612 1709 quae
2646 1628 2729 1688 ta·

349 1754 501 1801 men
567 1736 717 1797 sunt
774 1729 1151 1820 Gorgonum
1210 1734 1464 1818 propria
1522 1732 1803 1796 nomina.
1899 1729 2361 1796 Additamento
2424 1735 2731 1815 expuncto

350 1840 472 1906 hoc
515 1859 719 1904 unum
764 1837 1118 1903 remanebit
1136 1884 1153 1915 ,
1203 1834 1537 1924 Gorgonas
1582 1835 1820 1901 alicubi
1864 1835 1946 1902 ad
1990 1832 2315 1901 Oceanum
2353 1835 2661 1901 habitare.

441 1942 744 2010 Nondum
811 1943 1151 2028 quisquam
1219 1940 1612 2026 expedivisse
1679 1938 1939 2007 videtur
1953 1988 1970 2018 ,
2038 1958 2154 2005 cur
2211 1937 2565 2007 Phorcidos
2608 1942 2733 2005 sive

353 2046 596 2117 Graeae
638 2067 843 2133 neque
887 2045 1090 2113 8018111
1133 2066 1337 2131 neque
1379 2043 1603 2112 lunam
1650 2042 2036 2131 adspiciunt:

1038 2147 1117 2226 ἃς
1164 2147 1300 2217 οὗθ’
1346 2148 1511 2226 ἥλιος
1561 2150 1993 2232 προσδέρκεται

892 2257 1136 2323 ἀκτῖσιν
1184 2253 1320 2323 οὔθ’
1372 2257 1408 2331 ἦ
1456 2255 1734 2337 νύκτερος
1783 2256 1945 2334 μήνη
1995 2253 2169 2320 ποτέ.

440 2363 646 2430 Maris
691 2365 864 2429 enim
907 2363 1060 2429 deae
1104 2366 1256 2427 sunt
1299 2366 1366 2427 et
1409 2362 1629 2427 subter
1672 2380 1851 2427 mare
1893 2361 2208 2427 habitant.
2304 2358 2506 2426 Pater
2547 2359 2736 2426 Plior-

352 2468 465 2558 cys
510 2473 639 2549 est,
704 2469 875 2556 apud
932 2467 1294 2536 Homerum
1348 2462 1521 2540 ἅλιος
1568 2465 1759 2548 γέρων
1806 2472 1871 2534 et
1914 2466 2065 2539 ἁλὸς
2113 2465 2479 2548 ἀτρυγέτοιο
2524 2465 2733 2545 μέδων.

351 2574 520 2642 Filia
554 2578 692 2642 eius
723 2574 972 2642 'l'hoosa
1009 2596 1045 2641 e
1084 2575 1383 2661 Neptuno
1421 2573 1900 2661 Polyphemum
1931 2575 2210 2659 suscepit
2245 2575 2352 2639 τὸν
2378 2574 2699 2640 Κύκλωπα
2715 2622 2733 2647 .

351 2683 464 2768 qui
521 2701 725 2747 unum
780 2681 973 2747 habet
1032 2680 1290 2748 oculum
1352 2681 1545 2746 sicuti
1607 2677 1851 2746 Graeae
1912 2685 1979 2745 et
2035 2681 2211 2765 ipsae
2271 2685 2338 2744 et
2391 2680 2734 2764 Arimaspi.

351 2784 566 2854 Mater
609 2783 964 2854 Graearum
1012 2785 1188 2861 Κητώ
1227 2791 1357 2851 est:
1407 2790 1625 2871 aperta
1665 2789 1761 2852 est
1797 2782 2195 2872 etymologia
2228 2784 2424 2851 vocis.
2495 2784 2734 2850 Eodem

352 2890 596 2956 ducunt
656 2890 942 2976 epitheta
993 2889 1394 2973 κυκνόμορφοι
1449 2898 1515 2957 et
1558 2889 1776 2956 πολιαὶ
1824 2892 2165 2976 ipsumque
2208 2888 2364 2955 adeo
2407 2891 2737 2976 proprium

350 3014 583 3061 nomen
646 3004 868 3076 Γραῒαι
886 3043 906 3074 ,
974 2996 1144 3082 quod
1203 2995 1491 3083 aliquam
1557 2996 1752 3063 habet
1819 2998 1957 3062 soni
2026 2993 2525 3061 similitudinem
2592 3014 2735 3060 cum

352 3105 550 3180 γραῦς
596 3105 662 3167 et
706 3100 977 3182 γεραιός.
1073 3101 1350 3179 Nereus,
1398 3101 1698 3179 Proteus,
1761 3101 2048 3189 Phorcys
2093 3095 2319 3167 omnes
2355 3122 2523 3166 cenes
2566 3104 2730 3166 sunt.
2860 3125 2861 3130 ¹

352 3203 772 3274 confirmabit
831 3206 1006 3273 idem
1063 3206 1431 3295 Hesychius
1444 3256 1463 3286 ,
1527 3210 1583 3274 si
1627 3208 1891 3294 quidem
1937 3210 2076 3274 eius
2122 3208 2569 3273 testimonium
2618 3204 2733 3270 fido

352 3311 625 3400 dignum
672 3316 802 3391 est,
852 3333 1001 3378 cum
1042 3313 1299 3379 scribit:
1350 3312 1606 3395 φορκόν·
1658 3313 1909 3390 λευκὸν,
1957 3310 2202 3389 πολιόν,
2250 3311 2445 3392 ρυσόν.
2515 3310 2731 3396 Neque

351 3416 518 3482 illud
578 3415 771 3482 nihili
829 3417 1194 3483 faciendum
1246 3424 1344 3484 est
1360 3466 1377 3496 ,
1441 3418 1740 3506 Phorcyn
1794 3417 2221 3485 Thaumantis
2264 3417 2530 3482 fratrem
2570 3417 2698 3482 dici
2712 3462 2727 3489 ‚

352 3520 546 3588 Nerei
587 3519 799 3587 filium
814 3570 831 3600 ,
886 3521 1079 3589 Ponti
1115 3530 1412 3609 nepotem
1429 3571 1448 3601 ,
1498 3523 1577 3589 cf.
1625 3522 1888 3590 Hesiod.
1936 3522 2261 3612 Theogon.
2311 3519 2446 3587 233
2492 3541 2627 3607 sqq.
2672 3527 2729 3584 et

354 3625 516 3693 adde
557 3625 917 3693 Prellerum
959 3630 1027 3691 in
1069 3627 1236 3694 libro
1282 3628 1361 3695 de
1403 3627 1796 3696 Graecorum
1840 3627 2250 3716 mythologia
2270 3626 2352 3693 Π.
2401 3625 2509 3692 63.

446 3727 825 3817 Conspirant
869 3753 944 3799 ea
987 3753 1148 3819 quae
1192 3733 1271 3800 de
1316 3731 1727 3823 Gorg-onibus
1769 3734 2111 3802 traduntur
2148 3753 2186 3799 a
2224 3731 2437 3799 Schol.
2480 3730 2723 3798 Pindar-

354 3836 552 3924 Pyth.
595 3846 669 3902 X.
720 3834 845 3902 72:
913 3838 980 3902 αἱ
1029 3837 1092 3904 δὲ
1141 3837 1434 3920 Γοργόνες
1482 3840 1652 3906 κατὰ
1698 3840 1817 3918 μέν
1860 3863 2033 3914 τινας
2080 3840 2142 3904 ἐν
2185 3844 2312 3910 τοῖς
2360 3834 2725 3918 Ἐρυθραίοις

354 3943 564 4024 μέρεσι
612 3941 717 4008 καὶ
766 3951 891 4014 τοῖς
939 3940 1364 4023 Αἰθιοπικοῖς,
1429 3942 1476 4012 ὅ
1522 3947 1613 4014 ἔςι
1659 3945 1847 4026 πρὸς
1915 3945 2335 4019 ἆνατολὶιν
2408 3943 2546 4009 καὶ
2606 3965 2724 4020 με·

356 4072 446 4125 ση
461 4047 668 4128 μβρί
684 4071 812 4125 αν,
875 4048 1044 4114 κατὰ
1091 4049 1154 4115 δέ
1198 4073 1370 4124 τινας
1423 4051 1522 4116 ἐπὶ
1572 4052 1689 4116 τῶν
1737 4049 2016 4132 περάτων
2063 4056 2176 4125 τῆς
2223 4049 2515 4129 Λιβύης,
2562 4046 2608 4116 ἆ
2645 4048 2724 4115 &a

355 4152 502 4234 πρὸς
565 4152 751 4218 δύσιν.
846 4151 1164 4223 Convenit
1221 4155 1440 4223 fabula
1486 4155 1563 4222 de
1607 4156 1837 4224 Perseo
1853 4205 1872 4236 ,
1936 4159 2050 4244 qui
2091 4155 2364 4223 Medusa
2408 4153 2726 4221 interfecta

354 4258 425 4323 in
459 4255 870 4343 Aethiopiam
905 4260 1267 4345 pervenisse
1303 4259 1541 4328 dicitur
1577 4262 1659 4329 ad
1694 4261 2167 4329 Andromedam
2204 4264 2468 4348 ejusque
2489 4265 2725 4347 patrem
2860 4329 2861 4332 ,

357 4358 685 4444 Cepheum
702 4406 719 4436 ,
784 4361 925 4426 Beli
968 4362 1198 4430 filium.
1292 4365 1524 4433 Belum
1570 4371 1773 4434 istum
1819 4365 2049 4436 Graeci
2095 4371 2163 4434 in
2209 4369 2511 4456 Aegypto
2554 4383 2727 4454 quae-
