<?xml version="1.0" encoding="UTF-8"?>
<!DOCTYPE html PUBLIC "-//W3C//DTD XHTML 1.0 Transitional//EN"
    "http://www.w3.org/TR/xhtml1/DTD/xhtml1-transitional.dtd">
<html xmlns="http://www.w3.org/1999/xhtml" xml:lang="en" lang="en">
 <head>
  <title>
</title>
<meta http-equiv="Content-Type" content="text/html;charset=utf-8" />
  <meta name='ocr-system' content='tesseract 3.04.00' />
  <meta name='ocr-capabilities' content='ocr_page ocr_carea ocr_par ocr_line ocrx_word'/>
</head>
<body>
  <div class='ocr_page' id='page_1' title='image "./mnemosynebiblio09servgoog/mnemosynebiblio09servgoog_0049.png"; bbox 0 0 2934 5050; ppageno 0'>
   <div class='ocr_carea' id='block_1_1' title="bbox 1084 268 2686 333">
    <p class='ocr_par' dir='ltr' id='par_1_1' title="bbox 1084 268 2686 333">
     <span class='ocr_line' id='line_1_1' title="bbox 1084 268 2686 333; baseline 0 -3"><span class='ocrx_word' id='word_1_1' title='bbox 1084 279 1475 333; x_wconf 67' lang='lat' dir='ltr'>run-omem</span> <span class='ocrx_word' id='word_1_2' title='bbox 1520 279 1595 331; x_wconf 72' lang='grc' dir='ltr'>εἰ·</span> <span class='ocrx_word' id='word_1_3' title='bbox 1641 279 1908 329; x_wconf 56' lang='lat' dir='ltr'>cantet.</span> <span class='ocrx_word' id='word_1_4' title='bbox 2603 268 2686 331; x_wconf 78' lang='lat'>37</span> 
     </span>
    </p>
   </div>
   <div class='ocr_carea' id='block_1_2' title="bbox 265 448 2673 4439">
    <p class='ocr_par' dir='ltr' id='par_1_2' title="bbox 276 448 1805 645">
     <span class='ocr_line' id='line_1_2' title="bbox 994 448 1805 532; baseline -0.001 -14"><span class='ocrx_word' id='word_1_5' title='bbox 994 452 1090 518; x_wconf 93' lang='grc' dir='ltr'>σοί</span> <span class='ocrx_word' id='word_1_6' title='bbox 1129 474 1214 518; x_wconf 84' lang='grc' dir='ltr'>νιν</span> <span class='ocrx_word' id='word_1_7' title='bbox 1263 448 1497 532; x_wconf 80' lang='grc' dir='ltr'><strong><em>ἔκγονοι</em></strong></span> <span class='ocrx_word' id='word_1_8' title='bbox 1544 450 1773 520; x_wconf 85' lang='grc' dir='ltr'><strong><em>κτίσαν</em></strong></span> <span class='ocrx_word' id='word_1_9' title='bbox 1790 501 1805 517; x_wconf 94' lang='grc'><strong><em>.</em></strong></span> 
     </span>
     <span class='ocr_line' id='line_1_3' title="bbox 276 551 1726 645; baseline 0.004 -27"><span class='ocrx_word' id='word_1_10' title='bbox 276 551 434 621; x_wconf 92' lang='lat' dir='ltr'>olim</span> <span class='ocrx_word' id='word_1_11' title='bbox 486 555 863 643; x_wconf 89' lang='lat' dir='ltr'>suspicatus</span> <span class='ocrx_word' id='word_1_12' title='bbox 907 566 1009 624; x_wconf 87' lang='lat' dir='ltr'>est</span> <span class='ocrx_word' id='word_1_13' title='bbox 1055 556 1291 645; x_wconf 86' lang='lat' dir='ltr'>aliquis</span> <span class='ocrx_word' id='word_1_14' title='bbox 1337 558 1726 624; x_wconf 72' lang='lat' dir='ltr'><strong>criticorum</strong></span> 
     </span>
    </p>

    <p class='ocr_par' dir='ltr' id='par_1_3' title="bbox 280 663 2673 964">
     <span class='ocr_line' id='line_1_4' title="bbox 989 663 1751 747; baseline -0.003 -17"><span class='ocrx_word' id='word_1_15' title='bbox 989 666 1073 747; x_wconf 73' lang='grc' dir='ltr'>σῷ</span> <span class='ocrx_word' id='word_1_16' title='bbox 1121 689 1209 732; x_wconf 85' lang='grc' dir='ltr'>νιν</span> <span class='ocrx_word' id='word_1_17' title='bbox 1255 663 1482 747; x_wconf 82' lang='grc' dir='ltr'><strong><em>ἐκγόνῳ</em></strong></span> <span class='ocrx_word' id='word_1_18' title='bbox 1528 665 1751 731; x_wconf 89' lang='grc' dir='ltr'><strong><em>κτίσαν</em></strong></span> 
     </span>
     <span class='ocr_line' id='line_1_5' title="bbox 280 766 2673 857; baseline 0.001 -24"><span class='ocrx_word' id='word_1_19' title='bbox 280 786 319 833; x_wconf 82' lang='lat' dir='ltr'>a</span> <span class='ocrx_word' id='word_1_20' title='bbox 370 774 575 854; x_wconf 78' lang='lat' dir='ltr'>poeta.</span> <span class='ocrx_word' id='word_1_21' title='bbox 604 785 752 835; x_wconf 84' lang='lat' dir='ltr'>esse</span> <span class='ocrx_word' id='word_1_22' title='bbox 798 767 1180 856; x_wconf 75' lang='lat' dir='ltr'>profectum.</span> <span class='ocrx_word' id='word_1_23' title='bbox 1274 770 1502 857; x_wconf 85' lang='lat' dir='ltr'>ltaque</span> <span class='ocrx_word' id='word_1_24' title='bbox 1549 771 1645 837; x_wconf 90' lang='lat' dir='ltr'>sic</span> <span class='ocrx_word' id='word_1_25' title='bbox 1692 766 1920 836; x_wconf 81' lang='lat' dir='ltr'>scribit</span> <span class='ocrx_word' id='word_1_26' title='bbox 1968 768 2034 835; x_wconf 87' lang='lat' dir='ltr'>iu</span> <span class='ocrx_word' id='word_1_27' title='bbox 2084 766 2339 836; x_wconf 85' lang='lat' dir='ltr'>Scholio</span> <span class='ocrx_word' id='word_1_28' title='bbox 2384 767 2467 836; x_wconf 88' lang='lat' dir='ltr'>ad</span> <span class='ocrx_word' id='word_1_29' title='bbox 2517 768 2581 836; x_wconf 95' lang='lat' dir='ltr'>h.</span> <span class='ocrx_word' id='word_1_30' title='bbox 2629 767 2673 837; x_wconf 92' lang='lat' dir='ltr'>l.</span> 
     </span>
     <span class='ocr_line' id='line_1_6' title="bbox 280 872 1211 964; baseline 0.002 -23"><span class='ocrx_word' id='word_1_31' title='bbox 280 872 615 957; x_wconf 72' lang='grc' dir='ltr'><strong><em>Γράφεται</em></strong></span> <span class='ocrx_word' id='word_1_32' title='bbox 666 873 820 962; x_wconf 83' lang='lat' dir='ltr'>(leg.</span> <span class='ocrx_word' id='word_1_33' title='bbox 871 874 1211 964; x_wconf 75' lang='grc' dir='ltr'><strong><em>Γραπτέον)</em></strong></span> 
     </span>
    </p>

    <p class='ocr_par' dir='ltr' id='par_1_4' title="bbox 270 980 2669 2023">
     <span class='ocr_line' id='line_1_7' title="bbox 1032 980 1855 1065; baseline 0 -16"><span class='ocrx_word' id='word_1_34' title='bbox 1032 983 1134 1065; x_wconf 76' lang='grc' dir='ltr'><strong><em>Σῷ</em></strong></span> <span class='ocrx_word' id='word_1_35' title='bbox 1181 1005 1268 1049; x_wconf 84' lang='grc' dir='ltr'>νιν</span> <span class='ocrx_word' id='word_1_36' title='bbox 1313 980 1543 1064; x_wconf 81' lang='grc' dir='ltr'><strong><em>ἐκγόνῳ</em></strong></span> <span class='ocrx_word' id='word_1_37' title='bbox 1589 981 1813 1049; x_wconf 82' lang='grc' dir='ltr'><strong><em>κτίσαν</em></strong></span> <span class='ocrx_word' id='word_1_38' title='bbox 1837 1029 1855 1060; x_wconf 90' lang='grc'><strong><em>,</em></strong></span> 
     </span>
     <span class='ocr_line' id='line_1_8' title="bbox 275 1084 2667 1170; baseline 0.001 -17"><span class='ocrx_word' id='word_1_39' title='bbox 275 1084 359 1153; x_wconf 77' lang='grc' dir='ltr'>ἵν’</span> <span class='ocrx_word' id='word_1_40' title='bbox 415 1085 453 1170; x_wconf 66' lang='grc' dir='ltr'>ᾗ</span> <span class='ocrx_word' id='word_1_41' title='bbox 514 1089 602 1169; x_wconf 69' lang='grc' dir='ltr'>τῷ</span> <span class='ocrx_word' id='word_1_42' title='bbox 665 1085 896 1170; x_wconf 80' lang='grc' dir='ltr'><strong><em>ἐκγόνῳ</em></strong></span> <span class='ocrx_word' id='word_1_43' title='bbox 940 1111 1049 1154; x_wconf 84' lang='grc' dir='ltr'>σου</span> <span class='ocrx_word' id='word_1_44' title='bbox 1093 1088 1181 1170; x_wconf 71' lang='grc' dir='ltr'>τῷ</span> <span class='ocrx_word' id='word_1_45' title='bbox 1228 1087 1463 1170; x_wconf 70' lang='grc' dir='ltr'><strong><em>Κάδμῳ</em></strong></span> <span class='ocrx_word' id='word_1_46' title='bbox 1511 1088 1579 1153; x_wconf 72' lang='grc' dir='ltr'><strong><em>αἱ</em></strong></span> <span class='ocrx_word' id='word_1_47' title='bbox 1620 1088 1751 1153; x_wconf 77' lang='grc' dir='ltr'><strong><em>θεαὶ</em></strong></span> <span class='ocrx_word' id='word_1_48' title='bbox 1801 1085 2181 1154; x_wconf 81' lang='grc' dir='ltr'><strong><em>κατέκτισαν</em></strong></span> <span class='ocrx_word' id='word_1_49' title='bbox 2228 1086 2351 1161; x_wconf 74' lang='grc' dir='ltr'><strong><em>τοὶς</em></strong></span> <span class='ocrx_word' id='word_1_50' title='bbox 2401 1086 2627 1166; x_wconf 76' lang='grc' dir='ltr'><strong><em>Θήβας</em></strong></span> <span class='ocrx_word' id='word_1_51' title='bbox 2651 1138 2667 1156; x_wconf 92' lang='grc'><strong><em>.</em></strong></span> 
     </span>
     <span class='ocr_line' id='line_1_9' title="bbox 276 1189 2669 1277; baseline 0.001 -19"><span class='ocrx_word' id='word_1_52' title='bbox 276 1191 503 1272; x_wconf 71' lang='grc' dir='ltr'><strong><em>γέγονε</em></strong></span> <span class='ocrx_word' id='word_1_53' title='bbox 570 1195 633 1260; x_wconf 75' lang='grc' dir='ltr'>δὲ</span> <span class='ocrx_word' id='word_1_54' title='bbox 706 1193 843 1275; x_wconf 66' lang='grc' dir='ltr'><strong><em>περὶ</em></strong></span> <span class='ocrx_word' id='word_1_55' title='bbox 908 1195 1018 1270; x_wconf 75' lang='grc' dir='ltr'><strong><em>τῆν</em></strong></span> <span class='ocrx_word' id='word_1_56' title='bbox 1080 1194 1361 1277; x_wconf 68' lang='grc' dir='ltr'><strong><em>ἀρχαίαν</em></strong></span> <span class='ocrx_word' id='word_1_57' title='bbox 1421 1196 1676 1277; x_wconf 67' lang='grc' dir='ltr'><strong><em>γραφὴν</em></strong></span> <span class='ocrx_word' id='word_1_58' title='bbox 1739 1191 2097 1276; x_wconf 70' lang='grc' dir='ltr'><strong><em>ὥμοὶρτημα</em></strong></span> <span class='ocrx_word' id='word_1_59' title='bbox 2121 1240 2137 1257; x_wconf 95' lang='grc'><strong><em>.</em></strong></span> <span class='ocrx_word' id='word_1_60' title='bbox 2204 1192 2316 1275; x_wconf 73' lang='grc' dir='ltr'><strong><em>πρὸ</em></strong></span> <span class='ocrx_word' id='word_1_61' title='bbox 2372 1189 2669 1277; x_wconf 73' lang='grc' dir='ltr'><strong><em>ἄρχοντος</em></strong></span> 
     </span>
     <span class='ocr_line' id='line_1_10' title="bbox 272 1298 2667 1382; baseline 0.001 -18"><span class='ocrx_word' id='word_1_62' title='bbox 272 1299 405 1382; x_wconf 73' lang='grc' dir='ltr'><strong><em>γὰρ</em></strong></span> <span class='ocrx_word' id='word_1_63' title='bbox 428 1299 767 1374; x_wconf 70' lang='grc' dir='ltr'><strong><em>’Ἀθήνησιν</em></strong></span> <span class='ocrx_word' id='word_1_64' title='bbox 805 1299 1138 1367; x_wconf 76' lang='grc' dir='ltr'><strong><em>Εὐκλείδου</em></strong></span> <span class='ocrx_word' id='word_1_65' title='bbox 1180 1301 1368 1378; x_wconf 69' lang='grc' dir='ltr'><strong><em>μήπω</em></strong></span> <span class='ocrx_word' id='word_1_66' title='bbox 1407 1305 1527 1366; x_wconf 87' lang='grc' dir='ltr'><strong><em>τῶν</em></strong></span> <span class='ocrx_word' id='word_1_67' title='bbox 1565 1305 1811 1380; x_wconf 89' lang='grc' dir='ltr'><strong><em>μακρῶν</em></strong></span> <span class='ocrx_word' id='word_1_68' title='bbox 1852 1298 2187 1381; x_wconf 77' lang='grc' dir='ltr'><strong><em>εὑρημένων</em></strong></span> <span class='ocrx_word' id='word_1_69' title='bbox 2225 1306 2352 1372; x_wconf 81' lang='grc' dir='ltr'><strong><em>τοῖς</em></strong></span> <span class='ocrx_word' id='word_1_70' title='bbox 2389 1299 2667 1382; x_wconf 73' lang='grc' dir='ltr'><strong><em>βραχέσι</em></strong></span> 
     </span>
     <span class='ocr_line' id='line_1_11' title="bbox 274 1405 2667 1488; baseline 0 -17"><span class='ocrx_word' id='word_1_71' title='bbox 274 1405 418 1471; x_wconf 66' lang='grc' dir='ltr'><strong><em>ἐντὶ</em></strong></span> <span class='ocrx_word' id='word_1_72' title='bbox 473 1411 726 1487; x_wconf 84' lang='grc' dir='ltr'><strong><em>μακρῶν</em></strong></span> <span class='ocrx_word' id='word_1_73' title='bbox 771 1405 1066 1487; x_wconf 84' lang='grc' dir='ltr'><strong><em>ἐχρῶντο,</em></strong></span> <span class='ocrx_word' id='word_1_74' title='bbox 1127 1407 1214 1488; x_wconf 76' lang='grc' dir='ltr'>τῷ</span> <span class='ocrx_word' id='word_1_75' title='bbox 1261 1416 1311 1472; x_wconf 85' lang='lat' dir='ltr'>E</span> <span class='ocrx_word' id='word_1_76' title='bbox 1363 1405 1503 1472; x_wconf 66' lang='grc' dir='ltr'><strong><em>ἀντὶ</em></strong></span> <span class='ocrx_word' id='word_1_77' title='bbox 1551 1410 1659 1472; x_wconf 81' lang='grc' dir='ltr'>τοῦ</span> <span class='ocrx_word' id='word_1_78' title='bbox 1707 1413 1763 1470; x_wconf 88' lang='lat' dir='ltr'>H</span> <span class='ocrx_word' id='word_1_79' title='bbox 1810 1406 1916 1470; x_wconf 77' lang='grc' dir='ltr'><strong><em>καὶ</em></strong></span> <span class='ocrx_word' id='word_1_80' title='bbox 1966 1408 2050 1487; x_wconf 76' lang='grc' dir='ltr'>τῷ</span> <span class='ocrx_word' id='word_1_81' title='bbox 2100 1413 2156 1469; x_wconf 93' lang='grc' dir='ltr'>Ο</span> <span class='ocrx_word' id='word_1_82' title='bbox 2206 1405 2347 1471; x_wconf 71' lang='grc' dir='ltr'><strong><em>ἀντὶ</em></strong></span> <span class='ocrx_word' id='word_1_83' title='bbox 2396 1409 2506 1471; x_wconf 79' lang='grc' dir='ltr'>τοῦ</span> <span class='ocrx_word' id='word_1_84' title='bbox 2553 1414 2667 1472; x_wconf 87' lang='grc' dir='ltr'>Ω..</span> 
     </span>
     <span class='ocr_line' id='line_1_12' title="bbox 276 1505 2667 1595; baseline 0 -18"><span class='ocrx_word' id='word_1_85' title='bbox 276 1510 558 1595; x_wconf 76' lang='grc' dir='ltr'><strong><em>ἔγραφον</em></strong></span> <span class='ocrx_word' id='word_1_86' title='bbox 619 1505 719 1578; x_wconf 80' lang='grc' dir='ltr'><strong><em>οὖν</em></strong></span> <span class='ocrx_word' id='word_1_87' title='bbox 778 1514 849 1577; x_wconf 82' lang='grc' dir='ltr'>τὸ</span> <span class='ocrx_word' id='word_1_88' title='bbox 912 1521 1215 1578; x_wconf 84' lang='grc' dir='ltr'><strong>ΔΗΜΩῙ</strong></span> <span class='ocrx_word' id='word_1_89' title='bbox 1261 1512 1436 1591; x_wconf 74' lang='grc' dir='ltr'><strong><em>μετα</em></strong></span> <span class='ocrx_word' id='word_1_90' title='bbox 1481 1517 1588 1579; x_wconf 81' lang='grc' dir='ltr'>τοῦ</span> <span class='ocrx_word' id='word_1_91' title='bbox 1639 1521 1666 1576; x_wconf 94' lang='lat'>1</span> <span class='ocrx_word' id='word_1_92' title='bbox 1713 1519 2038 1577; x_wconf 83' lang='grc' dir='ltr'><strong><em>ΔΕΜΟῙ.</em></strong></span> <span class='ocrx_word' id='word_1_93' title='bbox 2097 1513 2187 1591; x_wconf 72' lang='grc' dir='ltr'>μῆ</span> <span class='ocrx_word' id='word_1_94' title='bbox 2234 1511 2558 1587; x_wconf 73' lang='grc' dir='ltr'><strong><em>νοήσαντες</em></strong></span> <span class='ocrx_word' id='word_1_95' title='bbox 2605 1512 2667 1577; x_wconf 75' lang='grc' dir='ltr'>δὲ</span> 
     </span>
     <span class='ocr_line' id='line_1_13' title="bbox 274 1614 2666 1701; baseline 0.001 -18"><span class='ocrx_word' id='word_1_96' title='bbox 274 1614 372 1683; x_wconf 75' lang='grc' dir='ltr'>ὅτι</span> <span class='ocrx_word' id='word_1_97' title='bbox 432 1618 605 1684; x_wconf 71' lang='grc' dir='ltr'><strong><em>κατὰ</em></strong></span> <span class='ocrx_word' id='word_1_98' title='bbox 666 1619 778 1693; x_wconf 78' lang='grc' dir='ltr'><strong><em>τῆν</em></strong></span> <span class='ocrx_word' id='word_1_99' title='bbox 838 1618 1118 1701; x_wconf 68' lang='grc' dir='ltr'><strong><em>ἀρχαίαν</em></strong></span> <span class='ocrx_word' id='word_1_100' title='bbox 1177 1621 1429 1701; x_wconf 66' lang='grc' dir='ltr'><strong><em>γραφὴν</em></strong></span> <span class='ocrx_word' id='word_1_101' title='bbox 1494 1618 1590 1685; x_wconf 80' lang='grc' dir='ltr'>δεῖ</span> <span class='ocrx_word' id='word_1_102' title='bbox 1642 1617 2061 1697; x_wconf 69' lang='grc' dir='ltr'>μετατεθῆναι</span> <span class='ocrx_word' id='word_1_103' title='bbox 2116 1616 2186 1682; x_wconf 83' lang='grc' dir='ltr'>τὸ</span> <span class='ocrx_word' id='word_1_104' title='bbox 2235 1626 2291 1683; x_wconf 91' lang='lat' dir='ltr'>O</span> <span class='ocrx_word' id='word_1_105' title='bbox 2339 1618 2428 1690; x_wconf 77' lang='grc' dir='ltr'>εἷς</span> <span class='ocrx_word' id='word_1_106' title='bbox 2472 1618 2543 1684; x_wconf 84' lang='grc' dir='ltr'>τὸ</span> <span class='ocrx_word' id='word_1_107' title='bbox 2593 1626 2666 1686; x_wconf 77' lang='grc' dir='ltr'>Ω.</span> 
     </span>
     <span class='ocr_line' id='line_1_14' title="bbox 272 1721 2667 1810; baseline 0 -21"><span class='ocrx_word' id='word_1_108' title='bbox 272 1721 589 1804; x_wconf 72' lang='grc' dir='ltr'><strong><em>ἐτάραξαν</em></strong></span> <span class='ocrx_word' id='word_1_109' title='bbox 632 1723 703 1789; x_wconf 83' lang='grc' dir='ltr'>τὸ</span> <span class='ocrx_word' id='word_1_110' title='bbox 752 1722 976 1801; x_wconf 87' lang='grc' dir='ltr'><strong><em>νόημα.</em></strong></span> <span class='ocrx_word' id='word_1_111' title='bbox 1052 1722 1287 1792; x_wconf 80' lang='lat' dir='ltr'>Eadem</span> <span class='ocrx_word' id='word_1_112' title='bbox 1335 1722 1679 1810; x_wconf 79' lang='lat' dir='ltr'>utrobique</span> <span class='ocrx_word' id='word_1_113' title='bbox 1718 1723 1885 1789; x_wconf 89' lang='lat' dir='ltr'>ratio</span> <span class='ocrx_word' id='word_1_114' title='bbox 1923 1730 2055 1790; x_wconf 89' lang='lat' dir='ltr'>est:</span> <span class='ocrx_word' id='word_1_115' title='bbox 2106 1732 2405 1802; x_wconf 78' lang='grc' dir='ltr'><strong>ΔΕΤΕΙ,</strong></span> <span class='ocrx_word' id='word_1_116' title='bbox 2456 1723 2667 1810; x_wconf 85' lang='lat' dir='ltr'>inquit</span> 
     </span>
     <span class='ocr_line' id='line_1_15' title="bbox 273 1828 2663 1918; baseline -0 -22"><span class='ocrx_word' id='word_1_117' title='bbox 273 1829 427 1908; x_wconf 87' lang='lat' dir='ltr'>ille,</span> <span class='ocrx_word' id='word_1_118' title='bbox 475 1838 577 1896; x_wconf 87' lang='lat' dir='ltr'>est</span> <span class='ocrx_word' id='word_1_119' title='bbox 623 1829 891 1916; x_wconf 85' lang='lat' dir='ltr'>antiqua</span> <span class='ocrx_word' id='word_1_120' title='bbox 939 1832 1264 1917; x_wconf 86' lang='lat' dir='ltr'>scriptura</span> <span class='ocrx_word' id='word_1_121' title='bbox 1306 1849 1423 1918; x_wconf 88' lang='lat' dir='ltr'>pro</span> <span class='ocrx_word' id='word_1_122' title='bbox 1460 1828 1637 1913; x_wconf 70' lang='grc' dir='ltr'><strong><em>δεύῃ,</em></strong></span> <span class='ocrx_word' id='word_1_123' title='bbox 1688 1828 1796 1896; x_wconf 90' lang='lat' dir='ltr'>hic</span> <span class='ocrx_word' id='word_1_124' title='bbox 1834 1836 2053 1895; x_wconf 84' lang='lat' dir='ltr'>autem</span> <span class='ocrx_word' id='word_1_125' title='bbox 2094 1836 2243 1896; x_wconf 84' lang='grc' dir='ltr'>ΣΟΙ</span> <span class='ocrx_word' id='word_1_126' title='bbox 2281 1836 2663 1897; x_wconf 81' lang='lat' dir='ltr'>EKrONOI</span> 
     </span>
     <span class='ocr_line' id='line_1_16' title="bbox 270 1934 2111 2023; baseline 0 -22"><span class='ocrx_word' id='word_1_127' title='bbox 270 1937 371 2002; x_wconf 81' lang='lat' dir='ltr'>ait</span> <span class='ocrx_word' id='word_1_128' title='bbox 438 1944 693 2003; x_wconf 81' lang='lat' dir='ltr'>vetusto</span> <span class='ocrx_word' id='word_1_129' title='bbox 754 1954 931 2003; x_wconf 83' lang='lat' dir='ltr'>more</span> <span class='ocrx_word' id='word_1_130' title='bbox 997 1936 1316 2023; x_wconf 86' lang='lat' dir='ltr'>scriptum</span> <span class='ocrx_word' id='word_1_131' title='bbox 1381 1944 1480 2003; x_wconf 85' lang='lat' dir='ltr'>est</span> <span class='ocrx_word' id='word_1_132' title='bbox 1544 1955 1661 2023; x_wconf 92' lang='lat' dir='ltr'>pro</span> <span class='ocrx_word' id='word_1_133' title='bbox 1718 1936 1804 2018; x_wconf 73' lang='grc' dir='ltr'>σῷ</span> <span class='ocrx_word' id='word_1_134' title='bbox 1866 1934 2111 2018; x_wconf 78' lang='grc' dir='ltr'><strong><em>ἐκγόνῳ.</em></strong></span> 
     </span>
    </p>

    <p class='ocr_par' dir='ltr' id='par_1_5' title="bbox 265 2039 2663 4243">
     <span class='ocr_line' id='line_1_17' title="bbox 369 2039 2334 2129; baseline -0.001 -21"><span class='ocrx_word' id='word_1_135' title='bbox 369 2040 783 2108; x_wconf 66' lang='lat' dir='ltr'>Memorabile</span> <span class='ocrx_word' id='word_1_136' title='bbox 830 2049 930 2108; x_wconf 89' lang='lat' dir='ltr'>est</span> <span class='ocrx_word' id='word_1_137' title='bbox 978 2041 1306 2129; x_wconf 75' lang='lat' dir='ltr'>imprimis</span> <span class='ocrx_word' id='word_1_138' title='bbox 1352 2041 1649 2108; x_wconf 77' lang='lat' dir='ltr'>Scholion</span> <span class='ocrx_word' id='word_1_139' title='bbox 1701 2040 1783 2107; x_wconf 87' lang='lat' dir='ltr'>ad</span> <span class='ocrx_word' id='word_1_140' title='bbox 1834 2039 2016 2108; x_wconf 82' lang='lat' dir='ltr'>Iliad.</span> <span class='ocrx_word' id='word_1_141' title='bbox 2062 2052 2150 2110; x_wconf 85' lang='grc' dir='ltr'>Λ.</span> <span class='ocrx_word' id='word_1_142' title='bbox 2209 2045 2334 2108; x_wconf 74' lang='lat'>10⁴</span> 
     </span>
     <span class='ocr_line' id='line_1_18' title="bbox 639 2142 2033 2230; baseline 0.004 -17"><span class='ocrx_word' id='word_1_143' title='bbox 639 2142 732 2213; x_wconf 77' lang='grc' dir='ltr'>υἷε</span> <span class='ocrx_word' id='word_1_144' title='bbox 775 2146 878 2214; x_wconf 81' lang='grc' dir='ltr'>δύο</span> <span class='ocrx_word' id='word_1_145' title='bbox 925 2148 1223 2228; x_wconf 72' lang='grc' dir='ltr'><strong><em>Πριάμοιο</em></strong></span> <span class='ocrx_word' id='word_1_146' title='bbox 1269 2185 1341 2197; x_wconf 86' lang='lat'>—·</span> <span class='ocrx_word' id='word_1_147' title='bbox 1404 2145 1450 2213; x_wconf 78' lang='grc' dir='ltr'><em>ὥ</em></span> <span class='ocrx_word' id='word_1_148' title='bbox 1496 2153 1638 2215; x_wconf 69' lang='grc' dir='ltr'>τοτ’</span> <span class='ocrx_word' id='word_1_149' title='bbox 1683 2146 2033 2230; x_wconf 72' lang='grc' dir='ltr'>Ἀχιλλεύς</span> 
     </span>
     <span class='ocr_line' id='line_1_19' title="bbox 626 2253 2080 2336; baseline 0 -17"><span class='ocrx_word' id='word_1_150' title='bbox 626 2255 799 2331; x_wconf 83' lang='grc' dir='ltr'><strong><em>Ἴδης</em></strong></span> <span class='ocrx_word' id='word_1_151' title='bbox 847 2255 908 2319; x_wconf 87' lang='grc' dir='ltr'><strong><em>ἐν</em></strong></span> <span class='ocrx_word' id='word_1_152' title='bbox 946 2263 1229 2334; x_wconf 75' lang='grc' dir='ltr'><strong><em>κνημοῖσι</em></strong></span> <span class='ocrx_word' id='word_1_153' title='bbox 1279 2254 1406 2330; x_wconf 82' lang='grc' dir='ltr'><strong><em>δίδη</em></strong></span> <span class='ocrx_word' id='word_1_154' title='bbox 1455 2254 1717 2336; x_wconf 85' lang='grc' dir='ltr'><strong><em>μόσχοιο</em></strong></span> <span class='ocrx_word' id='word_1_155' title='bbox 1761 2253 2080 2334; x_wconf 76' lang='grc' dir='ltr'><strong><em>λύγοισιν,</em></strong></span> 
     </span>
     <span class='ocr_line' id='line_1_20' title="bbox 265 2355 2661 2445; baseline -0 -20"><span class='ocrx_word' id='word_1_156' title='bbox 265 2356 386 2425; x_wconf 84' lang='lat' dir='ltr'>uhi</span> <span class='ocrx_word' id='word_1_157' title='bbox 450 2358 869 2425; x_wconf 80' lang='lat' dir='ltr'>Aristarchus</span> <span class='ocrx_word' id='word_1_158' title='bbox 930 2357 1323 2426; x_wconf 84' lang='lat' dir='ltr'>Zenodotum</span> <span class='ocrx_word' id='word_1_159' title='bbox 1383 2361 1650 2445; x_wconf 83' lang='lat' dir='ltr'>arguit,</span> <span class='ocrx_word' id='word_1_160' title='bbox 1712 2359 1816 2426; x_wconf 89' lang='lat' dir='ltr'>cui</span> <span class='ocrx_word' id='word_1_161' title='bbox 1864 2365 2052 2423; x_wconf 84' lang='lat' dir='ltr'>vetus</span> <span class='ocrx_word' id='word_1_162' title='bbox 2097 2355 2557 2444; x_wconf 73' lang='lat' dir='ltr'>orthographia</span> <span class='ocrx_word' id='word_1_163' title='bbox 2605 2367 2661 2424; x_wconf 89' lang='lat' dir='ltr'>O</span> 
     </span>
     <span class='ocr_line' id='line_1_21' title="bbox 269 2460 2661 2557; baseline 0 -27"><span class='ocrx_word' id='word_1_164' title='bbox 269 2485 391 2554; x_wconf 82' lang='lat' dir='ltr'>pro</span> <span class='ocrx_word' id='word_1_165' title='bbox 453 2474 527 2532; x_wconf 88' lang='grc' dir='ltr'>Ω.</span> <span class='ocrx_word' id='word_1_166' title='bbox 577 2464 982 2552; x_wconf 75' lang='lat' dir='ltr'>imposuerit.</span> <span class='ocrx_word' id='word_1_167' title='bbox 1051 2469 1087 2542; x_wconf 74' lang='grc' dir='ltr'><em>ἢ</em></span> <span class='ocrx_word' id='word_1_168' title='bbox 1134 2465 1326 2543; x_wconf 73' lang='grc' dir='ltr'><strong><em>διπλῆ</em></strong></span> <span class='ocrx_word' id='word_1_169' title='bbox 1375 2464 1865 2557; x_wconf 70' lang='grc' dir='ltr'><strong><em>(περιεςιγμένη)</em></strong></span> <span class='ocrx_word' id='word_1_170' title='bbox 1914 2460 2007 2531; x_wconf 77' lang='grc' dir='ltr'>ὅτι</span> <span class='ocrx_word' id='word_1_171' title='bbox 2055 2463 2376 2542; x_wconf 74' lang='grc' dir='ltr'><strong><em>Ζηνόδοτος</em></strong></span> <span class='ocrx_word' id='word_1_172' title='bbox 2421 2462 2661 2548; x_wconf 71' lang='grc' dir='ltr'><strong><em>γράφει</em></strong></span> 
     </span>
     <span class='ocr_line' id='line_1_22' title="bbox 270 2571 2658 2657; baseline -0.001 -18"><span class='ocrx_word' id='word_1_173' title='bbox 270 2579 419 2639; x_wconf 85' lang='lat' dir='ltr'>ON.</span> <span class='ocrx_word' id='word_1_174' title='bbox 480 2573 731 2652; x_wconf 71' lang='grc' dir='ltr'><strong><em>μήποτε</em></strong></span> <span class='ocrx_word' id='word_1_175' title='bbox 796 2572 860 2638; x_wconf 78' lang='grc' dir='ltr'>δὲ</span> <span class='ocrx_word' id='word_1_176' title='bbox 921 2573 1325 2649; x_wconf 70' lang='grc' dir='ltr'><strong><em>πεπλάνηται</em></strong></span> <span class='ocrx_word' id='word_1_177' title='bbox 1383 2574 1833 2657; x_wconf 75' lang='grc' dir='ltr'><strong><em>γεγραμμένου</em></strong></span> <span class='ocrx_word' id='word_1_178' title='bbox 1894 2574 2002 2637; x_wconf 80' lang='grc' dir='ltr'>τοῦ</span> <span class='ocrx_word' id='word_1_179' title='bbox 2062 2579 2118 2635; x_wconf 93' lang='grc' dir='ltr'>Ο</span> <span class='ocrx_word' id='word_1_180' title='bbox 2182 2571 2288 2636; x_wconf 66' lang='grc' dir='ltr'>ὑπ’</span> <span class='ocrx_word' id='word_1_181' title='bbox 2347 2571 2658 2653; x_wconf 68' lang='grc' dir='ltr'><strong><em>ἀρχαϊκῆς</em></strong></span> 
     </span>
     <span class='ocr_line' id='line_1_23' title="bbox 269 2675 2663 2763; baseline 0 -20"><span class='ocrx_word' id='word_1_182' title='bbox 269 2681 704 2758; x_wconf 87' lang='grc' dir='ltr'><strong><em>σημασίας</em></strong></span> <span class='ocrx_word' id='word_1_183' title='bbox 751 2677 888 2744; x_wconf 70' lang='grc' dir='ltr'><strong><em>ἀντὶ</em></strong></span> <span class='ocrx_word' id='word_1_184' title='bbox 928 2683 1037 2745; x_wconf 81' lang='grc' dir='ltr'>τοῦ</span> <span class='ocrx_word' id='word_1_185' title='bbox 1080 2688 1154 2745; x_wconf 88' lang='grc' dir='ltr'>Ω.</span> <span class='ocrx_word' id='word_1_186' title='bbox 1192 2681 1467 2762; x_wconf 77' lang='grc' dir='ltr'><strong><em>προσθεὶς</em></strong></span> <span class='ocrx_word' id='word_1_187' title='bbox 1508 2682 1579 2747; x_wconf 79' lang='grc' dir='ltr'>τὸ</span> <span class='ocrx_word' id='word_1_188' title='bbox 1618 2687 1703 2747; x_wconf 89' lang='lat' dir='ltr'>N.</span> <span class='ocrx_word' id='word_1_189' title='bbox 1773 2676 1913 2744; x_wconf 85' lang='lat' dir='ltr'>Non</span> <span class='ocrx_word' id='word_1_190' title='bbox 1955 2685 2171 2743; x_wconf 83' lang='lat' dir='ltr'>vetere</span> <span class='ocrx_word' id='word_1_191' title='bbox 2209 2675 2663 2763; x_wconf 71' lang='lat' dir='ltr'>siqnificalione</span> 
     </span>
     <span class='ocr_line' id='line_1_24' title="bbox 270 2781 2661 2870; baseline -0.001 -19"><span class='ocrx_word' id='word_1_192' title='bbox 270 2784 384 2851; x_wconf 84' lang='lat' dir='ltr'>sed</span> <span class='ocrx_word' id='word_1_193' title='bbox 437 2794 652 2850; x_wconf 80' lang='lat' dir='ltr'>vetere</span> <span class='ocrx_word' id='word_1_194' title='bbox 698 2782 1020 2850; x_wconf 85' lang='lat' dir='ltr'>scribendi</span> <span class='ocrx_word' id='word_1_195' title='bbox 1071 2785 1511 2851; x_wconf 75' lang='lat' dir='ltr'>conmemdinc</span> <span class='ocrx_word' id='word_1_196' title='bbox 1559 2795 1615 2852; x_wconf 89' lang='grc' dir='ltr'>Ο</span> <span class='ocrx_word' id='word_1_197' title='bbox 1663 2793 1808 2851; x_wconf 88' lang='lat' dir='ltr'>erat</span> <span class='ocrx_word' id='word_1_198' title='bbox 1858 2782 2134 2870; x_wconf 89' lang='lat' dir='ltr'>positum</span> <span class='ocrx_word' id='word_1_199' title='bbox 2185 2801 2301 2869; x_wconf 90' lang='lat' dir='ltr'>pro</span> <span class='ocrx_word' id='word_1_200' title='bbox 2349 2790 2442 2850; x_wconf 82' lang='grc' dir='ltr'>Ω..</span> <span class='ocrx_word' id='word_1_201' title='bbox 2536 2781 2661 2849; x_wconf 86' lang='lat' dir='ltr'>lta·</span> 
     </span>
     <span class='ocr_line' id='line_1_25' title="bbox 269 2885 2661 2977; baseline -0.001 -21"><span class='ocrx_word' id='word_1_202' title='bbox 269 2909 399 2977; x_wconf 82' lang='lat' dir='ltr'>que</span> <span class='ocrx_word' id='word_1_203' title='bbox 445 2888 923 2957; x_wconf 86' lang='lat' dir='ltr'>emendandum</span> <span class='ocrx_word' id='word_1_204' title='bbox 974 2889 1079 2955; x_wconf 71' lang='grc' dir='ltr'>ὑπ’</span> <span class='ocrx_word' id='word_1_205' title='bbox 1126 2892 1440 2973; x_wconf 70' lang='grc' dir='ltr'><strong><em>ἀρχαϊκῆς</em></strong></span> <span class='ocrx_word' id='word_1_206' title='bbox 1487 2891 1956 2968; x_wconf 78' lang='grc' dir='ltr'><strong><em>συνηθείας.</em></strong></span> <span class='ocrx_word' id='word_1_207' title='bbox 2030 2885 2154 2954; x_wconf 89' lang='lat' dir='ltr'>Sed</span> <span class='ocrx_word' id='word_1_208' title='bbox 2198 2906 2388 2953; x_wconf 87' lang='lat' dir='ltr'>nemo</span> <span class='ocrx_word' id='word_1_209' title='bbox 2424 2887 2661 2954; x_wconf 88' lang='lat' dir='ltr'>ineam</span> 
     </span>
     <span class='ocr_line' id='line_1_26' title="bbox 268 2992 2662 3081; baseline -0.001 -19"><span class='ocrx_word' id='word_1_210' title='bbox 268 3014 455 3074; x_wconf 85' lang='lat' dir='ltr'>rem,</span> <span class='ocrx_word' id='word_1_211' title='bbox 515 3013 647 3081; x_wconf 88' lang='lat' dir='ltr'>qua</span> <span class='ocrx_word' id='word_1_212' title='bbox 695 2992 774 3060; x_wconf 85' lang='lat' dir='ltr'>de</span> <span class='ocrx_word' id='word_1_213' title='bbox 817 2994 1107 3081; x_wconf 78' lang='lat' dir='ltr'>agimus,</span> <span class='ocrx_word' id='word_1_214' title='bbox 1170 2994 1484 3062; x_wconf 76' lang='lat' dir='ltr'>disertius</span> <span class='ocrx_word' id='word_1_215' title='bbox 1531 2996 1976 3064; x_wconf 85' lang='lat' dir='ltr'>testimonium</span> <span class='ocrx_word' id='word_1_216' title='bbox 2025 2992 2190 3059; x_wconf 80' lang='lat' dir='ltr'>dixit</span> <span class='ocrx_word' id='word_1_217' title='bbox 2235 3011 2431 3079; x_wconf 86' lang='lat' dir='ltr'>quam</span> <span class='ocrx_word' id='word_1_218' title='bbox 2480 2992 2662 3060; x_wconf 62' lang='lat' dir='ltr'>’AM-</span> 
     </span>
     <span class='ocr_line' id='line_1_27' title="bbox 266 3098 2659 3191; baseline -0 -25"><span class='ocrx_word' id='word_1_219' title='bbox 266 3098 522 3183; x_wconf 77' lang='grc' dir='ltr'><strong><em>ξανδρος</em></strong></span> <span class='ocrx_word' id='word_1_220' title='bbox 570 3103 601 3165; x_wconf 83' lang='grc' dir='ltr'><strong><em>ό</em></strong></span> <span class='ocrx_word' id='word_1_221' title='bbox 647 3100 957 3177; x_wconf 79' lang='grc' dir='ltr'><strong><em>Κοτυαεὺς</em></strong></span> <span class='ocrx_word' id='word_1_222' title='bbox 1011 3101 1346 3190; x_wconf 80' lang='lat' dir='ltr'>(Aristidis</span> <span class='ocrx_word' id='word_1_223' title='bbox 1395 3102 1737 3191; x_wconf 80' lang='lat' dir='ltr'>Smyrnaei</span> <span class='ocrx_word' id='word_1_224' title='bbox 1789 3099 2087 3167; x_wconf 78' lang='lat' dir='ltr'>Rhetoris</span> <span class='ocrx_word' id='word_1_225' title='bbox 2132 3098 2384 3164; x_wconf 90' lang='lat' dir='ltr'>amicus</span> <span class='ocrx_word' id='word_1_226' title='bbox 2421 3107 2487 3165; x_wconf 90' lang='lat' dir='ltr'>et</span> <span class='ocrx_word' id='word_1_227' title='bbox 2527 3117 2659 3165; x_wconf 89' lang='lat' dir='ltr'>ma·</span> 
     </span>
     <span class='ocr_line' id='line_1_28' title="bbox 270 3204 2353 3292; baseline -0.001 -22"><span class='ocrx_word' id='word_1_228' title='bbox 270 3208 508 3292; x_wconf 79' lang='lat' dir='ltr'>gisler)</span> <span class='ocrx_word' id='word_1_229' title='bbox 557 3207 621 3271; x_wconf 84' lang='grc' dir='ltr'><strong><em>ἐν</em></strong></span> <span class='ocrx_word' id='word_1_230' title='bbox 664 3208 750 3288; x_wconf 75' lang='grc' dir='ltr'>τῷ</span> <span class='ocrx_word' id='word_1_231' title='bbox 797 3206 1034 3288; x_wconf 72' lang='grc' dir='ltr'><strong><em>δεκάτῳ</em></strong></span> <span class='ocrx_word' id='word_1_232' title='bbox 1081 3207 1200 3274; x_wconf 73' lang='grc' dir='ltr'><strong><em>τῶν</em></strong></span> <span class='ocrx_word' id='word_1_233' title='bbox 1248 3207 1668 3275; x_wconf 73' lang='grc' dir='ltr'><strong><em>Παντοδατῶν</em></strong></span> <span class='ocrx_word' id='word_1_234' title='bbox 1714 3205 1797 3274; x_wconf 87' lang='lat' dir='ltr'>ad</span> <span class='ocrx_word' id='word_1_235' title='bbox 1843 3204 2028 3275; x_wconf 84' lang='lat' dir='ltr'>Iliad.</span> <span class='ocrx_word' id='word_1_236' title='bbox 2081 3213 2148 3274; x_wconf 82' lang='grc' dir='ltr'>Ξ.</span> <span class='ocrx_word' id='word_1_237' title='bbox 2197 3206 2353 3269; x_wconf 72' lang='lat'>241.</span> 
     </span>
     <span class='ocr_line' id='line_1_29' title="bbox 546 3312 2225 3396; baseline -0.002 -18"><span class='ocrx_word' id='word_1_238' title='bbox 546 3314 634 3394; x_wconf 71' lang='grc' dir='ltr'>τῷ</span> <span class='ocrx_word' id='word_1_239' title='bbox 681 3336 784 3379; x_wconf 82' lang='grc' dir='ltr'><strong><em>κεν</em></strong></span> <span class='ocrx_word' id='word_1_240' title='bbox 827 3313 1149 3394; x_wconf 65' lang='grc' dir='ltr'><strong><em>ἐπισχοίης</em></strong></span> <span class='ocrx_word' id='word_1_241' title='bbox 1193 3314 1488 3394; x_wconf 79' lang='grc' dir='ltr'><strong><em>λιπαροὺς</em></strong></span> <span class='ocrx_word' id='word_1_242' title='bbox 1535 3314 1729 3389; x_wconf 76' lang='grc' dir='ltr'><strong><em>πόδας</em></strong></span> <span class='ocrx_word' id='word_1_243' title='bbox 1778 3312 2188 3396; x_wconf 72' lang='grc' dir='ltr'><strong><em>εἴλαπινοὶζων</em></strong></span> <span class='ocrx_word' id='word_1_244' title='bbox 2209 3358 2225 3375; x_wconf 93' lang='grc'><strong><em>.</em></strong></span> 
     </span>
     <span class='ocr_line' id='line_1_30' title="bbox 276 3411 2658 3504; baseline -0.002 -22"><span class='ocrx_word' id='word_1_245' title='bbox 276 3415 384 3483; x_wconf 89' lang='lat' dir='ltr'>uhi</span> <span class='ocrx_word' id='word_1_246' title='bbox 442 3436 525 3485; x_wconf 84' lang='lat' dir='ltr'>ex</span> <span class='ocrx_word' id='word_1_247' title='bbox 587 3419 853 3504; x_wconf 82' lang='lat' dir='ltr'>antiqua</span> <span class='ocrx_word' id='word_1_248' title='bbox 914 3418 1240 3500; x_wconf 87' lang='lat' dir='ltr'>scriptura</span> <span class='ocrx_word' id='word_1_249' title='bbox 1308 3427 1760 3486; x_wconf 72' lang='lat' dir='ltr'>enlcxoffic</span> <span class='ocrx_word' id='word_1_250' title='bbox 1821 3420 2292 3485; x_wconf 77' lang='lat' dir='ltr'>inveteraverat</span> <span class='ocrx_word' id='word_1_251' title='bbox 2351 3411 2658 3478; x_wconf 87' lang='lat' dir='ltr'>mendum</span> 
     </span>
     <span class='ocr_line' id='line_1_31' title="bbox 273 3522 2660 3611; baseline -0.002 -23"><span class='ocrx_word' id='word_1_252' title='bbox 273 3523 593 3604; x_wconf 68' lang='grc' dir='ltr'><strong><em>ἱτισχοῒες</em></strong></span> <span class='ocrx_word' id='word_1_253' title='bbox 657 3543 774 3610; x_wconf 87' lang='lat' dir='ltr'>pro</span> <span class='ocrx_word' id='word_1_254' title='bbox 829 3523 1177 3606; x_wconf 66' lang='grc' dir='ltr'><strong><em>ἐπισχοίης.</em></strong></span> <span class='ocrx_word' id='word_1_255' title='bbox 1275 3523 1636 3590; x_wconf 81' lang='lat' dir='ltr'>Alexander</span> <span class='ocrx_word' id='word_1_256' title='bbox 1680 3526 1882 3611; x_wconf 83' lang='lat' dir='ltr'>perite</span> <span class='ocrx_word' id='word_1_257' title='bbox 1930 3522 2212 3591; x_wconf 86' lang='lat' dir='ltr'>correxit</span> <span class='ocrx_word' id='word_1_258' title='bbox 2260 3537 2544 3585; x_wconf 89' lang='lat' dir='ltr'>errorem</span> <span class='ocrx_word' id='word_1_259' title='bbox 2594 3525 2660 3583; x_wconf 91' lang='lat' dir='ltr'>et</span> 
     </span>
     <span class='ocr_line' id='line_1_32' title="bbox 276 3621 2660 3714; baseline -0.003 -21"><span class='ocrx_word' id='word_1_260' title='bbox 276 3626 558 3694; x_wconf 81' lang='lat' dir='ltr'>addidit:</span> <span class='ocrx_word' id='word_1_261' title='bbox 625 3630 992 3713; x_wconf 76' lang='grc' dir='ltr'><strong><em>παρεφθιίρη</em></strong></span> <span class='ocrx_word' id='word_1_262' title='bbox 1048 3629 1110 3694; x_wconf 75' lang='grc' dir='ltr'>δὲ</span> <span class='ocrx_word' id='word_1_263' title='bbox 1180 3629 1295 3695; x_wconf 77' lang='grc' dir='ltr'>ὑπὸ</span> <span class='ocrx_word' id='word_1_264' title='bbox 1359 3635 1477 3694; x_wconf 86' lang='grc' dir='ltr'><strong><em>τῶν</em></strong></span> <span class='ocrx_word' id='word_1_265' title='bbox 1546 3626 2342 3714; x_wconf 76' lang='grc' dir='ltr'><strong><em>μεταχαρακτηρισαντων,</em></strong></span> <span class='ocrx_word' id='word_1_266' title='bbox 2426 3621 2489 3688; x_wconf 91' lang='lat' dir='ltr'>id</span> <span class='ocrx_word' id='word_1_267' title='bbox 2562 3632 2660 3688; x_wconf 80' lang='lat' dir='ltr'>est</span> 
     </span>
     <span class='ocr_line' id='line_1_33' title="bbox 277 3731 2658 3819; baseline 0.003 -22"><span class='ocrx_word' id='word_1_268' title='bbox 277 3731 356 3798; x_wconf 83' lang='lat' dir='ltr'>ab</span> <span class='ocrx_word' id='word_1_269' title='bbox 417 3734 533 3813; x_wconf 82' lang='lat' dir='ltr'>iis,</span> <span class='ocrx_word' id='word_1_270' title='bbox 595 3736 707 3819; x_wconf 84' lang='lat' dir='ltr'>qui</span> <span class='ocrx_word' id='word_1_271' title='bbox 767 3733 910 3810; x_wconf 80' lang='grc' dir='ltr'><strong><em>τοὺς</em></strong></span> <span class='ocrx_word' id='word_1_272' title='bbox 970 3741 1087 3801; x_wconf 90' lang='grc' dir='ltr'><strong><em>τῶν</em></strong></span> <span class='ocrx_word' id='word_1_273' title='bbox 1144 3735 1445 3801; x_wconf 76' lang='grc' dir='ltr'><strong><em>Ἀττικῶν</em></strong></span> <span class='ocrx_word' id='word_1_274' title='bbox 1486 3736 1884 3817; x_wconf 71' lang='grc' dir='ltr'><strong><em>γραμμάτων</em></strong></span> <span class='ocrx_word' id='word_1_275' title='bbox 1926 3740 2335 3818; x_wconf 78' lang='grc' dir='ltr'><strong><em>χαρακτῆρας</em></strong></span> <span class='ocrx_word' id='word_1_276' title='bbox 2382 3731 2469 3802; x_wconf 76' lang='grc' dir='ltr'>εἷς</span> <span class='ocrx_word' id='word_1_277' title='bbox 2516 3735 2658 3803; x_wconf 70' lang='grc' dir='ltr'>τοὺς</span> 
     </span>
     <span class='ocr_line' id='line_1_34' title="bbox 274 3836 2658 3921; baseline -0.002 -18"><span class='ocrx_word' id='word_1_278' title='bbox 274 3844 392 3904; x_wconf 82' lang='grc' dir='ltr'><strong><em>τῶν</em></strong></span> <span class='ocrx_word' id='word_1_279' title='bbox 438 3841 711 3907; x_wconf 79' lang='grc' dir='ltr'><strong><em>Ἰωνικῶν</em></strong></span> <span class='ocrx_word' id='word_1_280' title='bbox 764 3840 1148 3921; x_wconf 78' lang='grc' dir='ltr'><strong><em>μετέβαλον.</em></strong></span> <span class='ocrx_word' id='word_1_281' title='bbox 1242 3841 1454 3907; x_wconf 85' lang='lat' dir='ltr'>Etiam</span> <span class='ocrx_word' id='word_1_282' title='bbox 1504 3839 1647 3907; x_wconf 83' lang='lat' dir='ltr'>aliis</span> <span class='ocrx_word' id='word_1_283' title='bbox 1696 3840 1851 3907; x_wconf 80' lang='lat' dir='ltr'>locis</span> <span class='ocrx_word' id='word_1_284' title='bbox 1897 3861 1974 3906; x_wconf 85' lang='lat' dir='ltr'>ex</span> <span class='ocrx_word' id='word_1_285' title='bbox 2022 3859 2096 3906; x_wconf 87' lang='lat' dir='ltr'>eo</span> <span class='ocrx_word' id='word_1_286' title='bbox 2141 3836 2316 3903; x_wconf 80' lang='lat' dir='ltr'>fonte</span> <span class='ocrx_word' id='word_1_287' title='bbox 2363 3854 2658 3900; x_wconf 82' lang='lat' dir='ltr'>manasse</span> 
     </span>
     <span class='ocr_line' id='line_1_35' title="bbox 276 3939 2656 4034; baseline -0.002 -25"><span class='ocrx_word' id='word_1_288' title='bbox 276 3963 534 4012; x_wconf 85' lang='lat' dir='ltr'>errores</span> <span class='ocrx_word' id='word_1_289' title='bbox 576 3954 646 4012; x_wconf 88' lang='lat' dir='ltr'>et</span> <span class='ocrx_word' id='word_1_290' title='bbox 690 3946 902 4034; x_wconf 77' lang='lat' dir='ltr'>ipsum</span> <span class='ocrx_word' id='word_1_291' title='bbox 955 3945 1403 4014; x_wconf 75' lang='lat' dir='ltr'>Aristarchum</span> <span class='ocrx_word' id='word_1_292' title='bbox 1453 3946 1521 4012; x_wconf 89' lang='lat' dir='ltr'>in</span> <span class='ocrx_word' id='word_1_293' title='bbox 1574 3944 1682 4012; x_wconf 88' lang='lat' dir='ltr'>lali</span> <span class='ocrx_word' id='word_1_294' title='bbox 1734 3964 1802 4012; x_wconf 90' lang='lat' dir='ltr'>re</span> <span class='ocrx_word' id='word_1_295' title='bbox 1841 3964 2091 4013; x_wconf 84' lang='lat' dir='ltr'>errasse</span> <span class='ocrx_word' id='word_1_296' title='bbox 2133 3944 2197 4008; x_wconf 90' lang='lat' dir='ltr'>in</span> <span class='ocrx_word' id='word_1_297' title='bbox 2237 3939 2656 4027; x_wconf 87' lang='lat' dir='ltr'>sequentibus</span> 
     </span>
     <span class='ocr_line' id='line_1_36' title="bbox 275 4049 637 4118; baseline 0.011 -4"><span class='ocrx_word' id='word_1_298' title='bbox 275 4049 637 4118; x_wconf 85' lang='lat' dir='ltr'>ostendam.</span> 
     </span>
     <span class='ocr_line' id='line_1_37' title="bbox 371 4147 2649 4243; baseline -0.002 -23"><span class='ocrx_word' id='word_1_299' title='bbox 371 4152 680 4242; x_wconf 83' lang='lat' dir='ltr'>Superest</span> <span class='ocrx_word' id='word_1_300' title='bbox 741 4159 806 4223; x_wconf 87' lang='lat' dir='ltr'>in</span> <span class='ocrx_word' id='word_1_301' title='bbox 873 4166 1054 4224; x_wconf 82' lang='lat' dir='ltr'>textu</span> <span class='ocrx_word' id='word_1_302' title='bbox 1123 4155 1504 4235; x_wconf 79' lang='lat' dir='ltr'>Homerico,</span> <span class='ocrx_word' id='word_1_303' title='bbox 1570 4175 1695 4243; x_wconf 85' lang='lat' dir='ltr'>quo</span> <span class='ocrx_word' id='word_1_304' title='bbox 1758 4174 1931 4221; x_wconf 89' lang='lat' dir='ltr'>nunc</span> <span class='ocrx_word' id='word_1_305' title='bbox 1992 4153 2275 4226; x_wconf 81' lang='lat' dir='ltr'>utimur.</span> <span class='ocrx_word' id='word_1_306' title='bbox 2341 4147 2649 4216; x_wconf 85' lang='lat' dir='ltr'>mendum</span> 
     </span>
    </p>

    <p class='ocr_par' dir='ltr' id='par_1_6' title="bbox 279 4252 2649 4439">
     <span class='ocr_line' id='line_1_38' title="bbox 279 4252 2649 4344; baseline -0.003 -18"><span class='ocrx_word' id='word_1_307' title='bbox 279 4277 363 4326; x_wconf 84' lang='lat' dir='ltr'>ex</span> <span class='ocrx_word' id='word_1_308' title='bbox 435 4258 537 4327; x_wconf 85' lang='lat' dir='ltr'>illa</span> <span class='ocrx_word' id='word_1_309' title='bbox 598 4272 814 4331; x_wconf 83' lang='lat' dir='ltr'>vetere</span> <span class='ocrx_word' id='word_1_310' title='bbox 874 4261 1200 4330; x_wconf 89' lang='lat' dir='ltr'>scribendi</span> <span class='ocrx_word' id='word_1_311' title='bbox 1263 4259 1733 4329; x_wconf 84' lang='lat' dir='ltr'>consuetudine</span> <span class='ocrx_word' id='word_1_312' title='bbox 1796 4260 2136 4337; x_wconf 88' lang='lat' dir='ltr'>relictum,</span> <span class='ocrx_word' id='word_1_313' title='bbox 2205 4254 2376 4344; x_wconf 86' lang='lat' dir='ltr'>quod</span> <span class='ocrx_word' id='word_1_314' title='bbox 2441 4252 2649 4319; x_wconf 90' lang='lat' dir='ltr'>obiter</span> 
     </span>
     <span class='ocr_line' id='line_1_39' title="bbox 284 4365 1581 4439; baseline 0.002 -8"><span class='ocrx_word' id='word_1_315' title='bbox 284 4365 579 4438; x_wconf 78' lang='lat' dir='ltr'>eximam.</span> <span class='ocrx_word' id='word_1_316' title='bbox 668 4368 908 4439; x_wconf 81' lang='lat' dir='ltr'>Editur</span> <span class='ocrx_word' id='word_1_317' title='bbox 955 4371 1022 4436; x_wconf 86' lang='lat' dir='ltr'>in</span> <span class='ocrx_word' id='word_1_318' title='bbox 1068 4366 1248 4435; x_wconf 89' lang='lat' dir='ltr'>lliad.</span> <span class='ocrx_word' id='word_1_319' title='bbox 1300 4365 1377 4437; x_wconf 86' lang='lat' dir='ltr'>N.</span> <span class='ocrx_word' id='word_1_320' title='bbox 1424 4370 1581 4434; x_wconf 80' lang='lat'>288.</span> 
     </span>
    </p>
   </div>
  </div>
 </body>
</html>
