<?xml version="1.0" encoding="UTF-8"?>
<!DOCTYPE html PUBLIC "-//W3C//DTD XHTML 1.0 Transitional//EN"
    "http://www.w3.org/TR/xhtml1/DTD/xhtml1-transitional.dtd">
<html xmlns="http://www.w3.org/1999/xhtml" xml:lang="en" lang="en">
 <head>
  <title>
</title>
<meta http-equiv="Content-Type" content="text/html;charset=utf-8" />
  <meta name='ocr-system' content='tesseract 3.04.00' />
  <meta name='ocr-capabilities' content='ocr_page ocr_carea ocr_par ocr_line ocrx_word'/>
</head>
<body>
  <div class='ocr_page' id='page_1' title='image "./mnemosynebiblio09servgoog/mnemosynebiblio09servgoog_0287.png"; bbox 0 0 2934 5050; ppageno 0'>
   <div class='ocr_carea' id='block_1_1' title="bbox 951 342 2546 409">
    <p class='ocr_par' dir='ltr' id='par_1_1' title="bbox 951 342 2546 409">
     <span class='ocr_line' id='line_1_1' title="bbox 951 342 2546 409; baseline 0 -2"><span class='ocrx_word' id='word_1_1' title='bbox 951 359 1273 408; x_wconf 60' lang='lat' dir='ltr'>mucium</span> <span class='ocrx_word' id='word_1_2' title='bbox 1327 362 1398 407; x_wconf 72' lang='lat' dir='ltr'>er</span> <span class='ocrx_word' id='word_1_3' title='bbox 1448 362 1754 409; x_wconf 61' lang='lat' dir='ltr'>uuonan.</span> <span class='ocrx_word' id='word_1_4' title='bbox 2418 342 2546 409; x_wconf 66' lang='lat'>255</span> 
     </span>
    </p>
   </div>
   <div class='ocr_carea' id='block_1_2' title="bbox 174 528 2561 4550">
    <p class='ocr_par' dir='ltr' id='par_1_2' title="bbox 176 528 2546 1236">
     <span class='ocr_line' id='line_1_2' title="bbox 184 528 2545 620; baseline 0.001 -24"><span class='ocrx_word' id='word_1_5' title='bbox 184 528 338 596; x_wconf 78' lang='lat' dir='ltr'>desis</span> <span class='ocrx_word' id='word_1_6' title='bbox 412 530 586 597; x_wconf 71' lang='lat' dir='ltr'>(Ioni.</span> <span class='ocrx_word' id='word_1_7' title='bbox 672 535 752 598; x_wconf 88' lang='grc' dir='ltr'>ΙΙ.</span> <span class='ocrx_word' id='word_1_8' title='bbox 839 551 904 620; x_wconf 89' lang='lat' dir='ltr'>p.</span> <span class='ocrx_word' id='word_1_9' title='bbox 949 534 1095 598; x_wconf 82' lang='lat'><strong>&#39;96.</strong></span> <span class='ocrx_word' id='word_1_10' title='bbox 1182 530 1426 598; x_wconf 79' lang='lat' dir='ltr'>Littera</span> <span class='ocrx_word' id='word_1_11' title='bbox 1504 530 1738 597; x_wconf 85' lang='lat' dir='ltr'>canina</span> <span class='ocrx_word' id='word_1_12' title='bbox 1823 529 2066 598; x_wconf 75' lang='lat' dir='ltr'>excidit</span> <span class='ocrx_word' id='word_1_13' title='bbox 2134 539 2277 618; x_wconf 80' lang='lat' dir='ltr'>post</span> <span class='ocrx_word' id='word_1_14' title='bbox 2344 550 2545 598; x_wconf 75' lang='lat' dir='ltr'>canes.</span> 
     </span>
     <span class='ocr_line' id='line_1_3' title="bbox 180 635 2546 726; baseline 0.001 -24"><span class='ocrx_word' id='word_1_15' title='bbox 180 635 243 702; x_wconf 85' lang='lat' dir='ltr'>In</span> <span class='ocrx_word' id='word_1_16' title='bbox 311 657 521 703; x_wconf 61' lang='lat' dir='ltr'>cancer</span> <span class='ocrx_word' id='word_1_17' title='bbox 589 658 778 724; x_wconf 78' lang='lat' dir='ltr'>quam</span> <span class='ocrx_word' id='word_1_18' title='bbox 847 639 901 704; x_wconf 87' lang='lat' dir='ltr'>si</span> <span class='ocrx_word' id='word_1_19' title='bbox 965 635 1250 717; x_wconf 89' lang='lat' dir='ltr'>librarii,</span> <span class='ocrx_word' id='word_1_20' title='bbox 1319 637 1532 704; x_wconf 85' lang='lat' dir='ltr'>locum</span> <span class='ocrx_word' id='word_1_21' title='bbox 1596 656 1721 703; x_wconf 91' lang='lat' dir='ltr'>non</span> <span class='ocrx_word' id='word_1_22' title='bbox 1787 636 2272 726; x_wconf 49' lang='lat' dir='ltr'>intellegentem</span> <span class='ocrx_word' id='word_1_23' title='bbox 2317 638 2367 703; x_wconf 86' lang='lat' dir='ltr'>R</span> <span class='ocrx_word' id='word_1_24' title='bbox 2420 656 2546 706; x_wconf 91' lang='lat' dir='ltr'>non</span> 
     </span>
     <span class='ocr_line' id='line_1_4' title="bbox 180 742 2541 830; baseline 0.002 -23"><span class='ocrx_word' id='word_1_25' title='bbox 180 742 563 819; x_wconf 78' lang='lat' dir='ltr'>omisissent,</span> <span class='ocrx_word' id='word_1_26' title='bbox 649 744 857 830; x_wconf 83' lang='lat' dir='ltr'>magis</span> <span class='ocrx_word' id='word_1_27' title='bbox 928 742 1299 811; x_wconf 88' lang='lat' dir='ltr'>mirandum</span> <span class='ocrx_word' id='word_1_28' title='bbox 1371 742 1575 820; x_wconf 80' lang='lat' dir='ltr'>foret,</span> <span class='ocrx_word' id='word_1_29' title='bbox 1647 763 1842 830; x_wconf 87' lang='lat' dir='ltr'>quam</span> <span class='ocrx_word' id='word_1_30' title='bbox 1916 745 1971 811; x_wconf 80' lang='lat' dir='ltr'>si</span> <span class='ocrx_word' id='word_1_31' title='bbox 2041 743 2541 813; x_wconf 81' lang='lat' dir='ltr'>oblitterassent.</span> 
     </span>
     <span class='ocr_line' id='line_1_5' title="bbox 178 847 2543 938; baseline 0.001 -23"><span class='ocrx_word' id='word_1_32' title='bbox 178 848 327 915; x_wconf 81' lang='lat' dir='ltr'>Tum</span> <span class='ocrx_word' id='word_1_33' title='bbox 397 849 704 915; x_wconf 80' lang='lat' dir='ltr'>»inritata</span> <span class='ocrx_word' id='word_1_34' title='bbox 765 869 959 916; x_wconf 84' lang='lat' dir='ltr'>canes</span> <span class='ocrx_word' id='word_1_35' title='bbox 1022 850 1076 915; x_wconf 88' lang='lat' dir='ltr'>R</span> <span class='ocrx_word' id='word_1_36' title='bbox 1143 849 1413 937; x_wconf 79' lang='lat' dir='ltr'>quamde</span> <span class='ocrx_word' id='word_1_37' title='bbox 1474 847 1665 916; x_wconf 87' lang='lat' dir='ltr'>homo</span> <span class='ocrx_word' id='word_1_38' title='bbox 1727 871 1789 938; x_wconf 89' lang='lat' dir='ltr'>p.</span> <span class='ocrx_word' id='word_1_39' title='bbox 1865 849 1975 917; x_wconf 85' lang='lat' dir='ltr'>d.&#39;’</span> <span class='ocrx_word' id='word_1_40' title='bbox 2041 851 2287 917; x_wconf 85' lang='lat' dir='ltr'>conieci</span> <span class='ocrx_word' id='word_1_41' title='bbox 2355 850 2543 918; x_wconf 84' lang='lat' dir='ltr'>Coni.</span> 
     </span>
     <span class='ocr_line' id='line_1_6' title="bbox 176 955 2542 1044; baseline 0 -21"><span class='ocrx_word' id='word_1_42' title='bbox 176 958 222 1023; x_wconf 83' lang='lat' dir='ltr'>I.</span> <span class='ocrx_word' id='word_1_43' title='bbox 279 959 338 1022; x_wconf 87' lang='grc'>6.</span> <span class='ocrx_word' id='word_1_44' title='bbox 449 955 730 1033; x_wconf 81' lang='lat' dir='ltr'>Quamdc</span> <span class='ocrx_word' id='word_1_45' title='bbox 805 964 1210 1044; x_wconf 83' lang='lat' dir='ltr'>usurparunt</span> <span class='ocrx_word' id='word_1_46' title='bbox 1274 976 1399 1022; x_wconf 93' lang='lat' dir='ltr'>non</span> <span class='ocrx_word' id='word_1_47' title='bbox 1459 964 1719 1022; x_wconf 84' lang='lat' dir='ltr'>tantum</span> <span class='ocrx_word' id='word_1_48' title='bbox 1780 957 2034 1024; x_wconf 79' lang='lat' dir='ltr'>Ennius</span> <span class='ocrx_word' id='word_1_49' title='bbox 2095 965 2161 1024; x_wconf 88' lang='lat' dir='ltr'>et</span> <span class='ocrx_word' id='word_1_50' title='bbox 2224 958 2542 1038; x_wconf 72' lang='lat' dir='ltr'>NaeviuS,</span> 
     </span>
     <span class='ocr_line' id='line_1_7' title="bbox 177 1061 2545 1151; baseline 0 -22"><span class='ocrx_word' id='word_1_51' title='bbox 177 1061 277 1129; x_wconf 83' lang='lat' dir='ltr'>sed</span> <span class='ocrx_word' id='word_1_52' title='bbox 319 1061 514 1128; x_wconf 84' lang='lat' dir='ltr'>etiam</span> <span class='ocrx_word' id='word_1_53' title='bbox 565 1069 710 1149; x_wconf 83' lang='lat' dir='ltr'>post</span> <span class='ocrx_word' id='word_1_54' title='bbox 754 1061 1076 1130; x_wconf 83' lang='lat' dir='ltr'><strong>Lucilium</strong></span> <span class='ocrx_word' id='word_1_55' title='bbox 1121 1062 1466 1129; x_wconf 84' lang='lat' dir='ltr'>Lucretius</span> <span class='ocrx_word' id='word_1_56' title='bbox 1511 1067 1556 1129; x_wconf 91' lang='grc' dir='ltr'>Ι.</span> <span class='ocrx_word' id='word_1_57' title='bbox 1609 1067 1775 1130; x_wconf 82' lang='lat'>640:</span> <span class='ocrx_word' id='word_1_58' title='bbox 1826 1063 2147 1151; x_wconf 80' lang='lat' dir='ltr'>»quamde</span> <span class='ocrx_word' id='word_1_59' title='bbox 2192 1065 2411 1151; x_wconf 81' lang='lat' dir='ltr'>gravis</span> <span class='ocrx_word' id='word_1_60' title='bbox 2452 1064 2545 1130; x_wconf 88' lang='lat' dir='ltr'>in·</span> 
     </span>
     <span class='ocr_line' id='line_1_8' title="bbox 177 1167 595 1236; baseline -0.005 0"><span class='ocrx_word' id='word_1_61' title='bbox 177 1176 266 1236; x_wconf 82' lang='lat' dir='ltr'>ter</span> <span class='ocrx_word' id='word_1_62' title='bbox 300 1167 595 1236; x_wconf 82' lang='lat' dir='ltr'>Graios‘&#39;.</span> 
     </span>
    </p>

    <p class='ocr_par' dir='ltr' id='par_1_3' title="bbox 177 1273 2551 1684">
     <span class='ocr_line' id='line_1_9' title="bbox 252 1273 2548 1364; baseline 0.001 -25"><span class='ocrx_word' id='word_1_63' title='bbox 252 1278 324 1341; x_wconf 87' lang='grc' dir='ltr'>Π.</span> <span class='ocrx_word' id='word_1_64' title='bbox 390 1279 516 1354; x_wconf 75' lang='lat'>12,</span> <span class='ocrx_word' id='word_1_65' title='bbox 582 1277 692 1340; x_wconf 86' lang='lat'>20.</span> <span class='ocrx_word' id='word_1_66' title='bbox 781 1273 1297 1361; x_wconf 69' lang='lat' dir='ltr'>Honogrammos</span> <span class='ocrx_word' id='word_1_67' title='bbox 1353 1295 1504 1342; x_wconf 85' lang='lat' dir='ltr'>cum</span> <span class='ocrx_word' id='word_1_68' title='bbox 1572 1277 1656 1342; x_wconf 90' lang='lat' dir='ltr'>sit</span> <span class='ocrx_word' id='word_1_69' title='bbox 1705 1277 1801 1357; x_wconf 84' lang='lat' dir='ltr'>is,</span> <span class='ocrx_word' id='word_1_70' title='bbox 1848 1277 1960 1364; x_wconf 85' lang='lat' dir='ltr'>qni</span> <span class='ocrx_word' id='word_1_71' title='bbox 2009 1296 2135 1344; x_wconf 91' lang='lat' dir='ltr'>non</span> <span class='ocrx_word' id='word_1_72' title='bbox 2185 1276 2373 1344; x_wconf 87' lang='lat' dir='ltr'>habet</span> <span class='ocrx_word' id='word_1_73' title='bbox 2423 1277 2548 1343; x_wconf 87' lang='lat' dir='ltr'>nisi</span> 
     </span>
     <span class='ocr_line' id='line_1_10' title="bbox 177 1382 2550 1471; baseline -0.001 -21"><span class='ocrx_word' id='word_1_74' title='bbox 177 1383 453 1450; x_wconf 85' lang='lat' dir='ltr'>umbram</span> <span class='ocrx_word' id='word_1_75' title='bbox 504 1382 787 1449; x_wconf 85' lang='lat' dir='ltr'>hominis</span> <span class='ocrx_word' id='word_1_76' title='bbox 832 1392 899 1450; x_wconf 90' lang='lat' dir='ltr'>et</span> <span class='ocrx_word' id='word_1_77' title='bbox 948 1384 1132 1471; x_wconf 85' lang='lat' dir='ltr'>quasi</span> <span class='ocrx_word' id='word_1_78' title='bbox 1181 1391 1552 1470; x_wconf 78' lang='lat' dir='ltr'>spectrum,</span> <span class='ocrx_word' id='word_1_79' title='bbox 1607 1384 1881 1451; x_wconf 87' lang='lat' dir='ltr'>nimium</span> <span class='ocrx_word' id='word_1_80' title='bbox 1930 1393 2029 1451; x_wconf 80' lang='lat' dir='ltr'>est</span> <span class='ocrx_word' id='word_1_81' title='bbox 2072 1385 2129 1451; x_wconf 88' lang='lat' dir='ltr'>si</span> <span class='ocrx_word' id='word_1_82' title='bbox 2166 1383 2550 1451; x_wconf 79' lang='lat' dir='ltr'>macilentus</span> 
     </span>
     <span class='ocr_line' id='line_1_11' title="bbox 178 1488 2551 1577; baseline 0 -21"><span class='ocrx_word' id='word_1_83' title='bbox 178 1488 349 1556; x_wconf 83' lang='lat' dir='ltr'>bomo</span> <span class='ocrx_word' id='word_1_84' title='bbox 417 1509 916 1577; x_wconf 86' lang='lat' dir='ltr'>monogrammo</span> <span class='ocrx_word' id='word_1_85' title='bbox 981 1492 1094 1557; x_wconf 75' lang='lat' dir='ltr'>vix</span> <span class='ocrx_word' id='word_1_86' title='bbox 1165 1490 1400 1557; x_wconf 80' lang='lat' dir='ltr'>similis</span> <span class='ocrx_word' id='word_1_87' title='bbox 1467 1510 1612 1557; x_wconf 84' lang='lat' dir='ltr'>esse</span> <span class='ocrx_word' id='word_1_88' title='bbox 1678 1490 1971 1567; x_wconf 76' lang='lat' dir='ltr'>dicatur:</span> <span class='ocrx_word' id='word_1_89' title='bbox 2039 1511 2165 1557; x_wconf 93' lang='lat' dir='ltr'>non</span> <span class='ocrx_word' id='word_1_90' title='bbox 2235 1498 2333 1558; x_wconf 81' lang='lat' dir='ltr'>est</span> <span class='ocrx_word' id='word_1_91' title='bbox 2397 1489 2551 1557; x_wconf 81' lang='lat' dir='ltr'>hnic</span> 
     </span>
     <span class='ocr_line' id='line_1_12' title="bbox 179 1595 1855 1684; baseline -0.001 -21"><span class='ocrx_word' id='word_1_92' title='bbox 179 1597 427 1677; x_wconf 87' lang='lat' dir='ltr'>similis,</span> <span class='ocrx_word' id='word_1_93' title='bbox 478 1595 594 1663; x_wconf 90' lang='lat' dir='ltr'>sed</span> <span class='ocrx_word' id='word_1_94' title='bbox 643 1598 779 1684; x_wconf 84' lang='lat' dir='ltr'>ipse</span> <span class='ocrx_word' id='word_1_95' title='bbox 827 1617 1369 1684; x_wconf 78' lang='lat' dir='ltr'>monogrammos,</span> <span class='ocrx_word' id='word_1_96' title='bbox 1466 1601 1692 1684; x_wconf 87' lang='lat' dir='ltr'>Itaque</span> <span class='ocrx_word' id='word_1_97' title='bbox 1740 1616 1855 1684; x_wconf 90' lang='lat' dir='ltr'>pro</span> 
     </span>
    </p>

    <p class='ocr_par' dir='ltr' id='par_1_4' title="bbox 178 1701 2551 2003">
     <span class='ocr_line' id='line_1_13' title="bbox 527 1701 2210 1790; baseline 0 -21"><span class='ocrx_word' id='word_1_98' title='bbox 527 1729 908 1756; x_wconf 78' lang='grc'><strong>-------</strong></span> <span class='ocrx_word' id='word_1_99' title='bbox 963 1705 1066 1769; x_wconf 88' lang='lat' dir='ltr'>vix</span> <span class='ocrx_word' id='word_1_100' title='bbox 1114 1704 1262 1769; x_wconf 78' lang='lat' dir='ltr'>vivo</span> <span class='ocrx_word' id='word_1_101' title='bbox 1306 1701 1552 1769; x_wconf 87' lang='lat' dir='ltr'>homini</span> <span class='ocrx_word' id='word_1_102' title='bbox 1598 1722 1675 1770; x_wconf 87' lang='lat' dir='ltr'>ac</span> <span class='ocrx_word' id='word_1_103' title='bbox 1721 1720 2210 1790; x_wconf 86' lang='lat' dir='ltr'>monogrammo</span> 
     </span>
     <span class='ocr_line' id='line_1_14' title="bbox 178 1808 2551 1897; baseline -0 -20"><span class='ocrx_word' id='word_1_104' title='bbox 178 1808 616 1877; x_wconf 74' lang='lat' dir='ltr'>scribendum:</span> <span class='ocrx_word' id='word_1_105' title='bbox 667 1829 1214 1897; x_wconf 82' lang='lat' dir='ltr'>monogrammoe.</span> <span class='ocrx_word' id='word_1_106' title='bbox 1288 1808 1600 1897; x_wconf 77' lang='lat' dir='ltr'>Sequitur</span> <span class='ocrx_word' id='word_1_107' title='bbox 1645 1809 1815 1896; x_wconf 87' lang='lat' dir='ltr'>apud</span> <span class='ocrx_word' id='word_1_108' title='bbox 1860 1809 2136 1877; x_wconf 87' lang='lat' dir='ltr'>Nonium</span> <span class='ocrx_word' id='word_1_109' title='bbox 2187 1808 2297 1876; x_wconf 80' lang='lat' dir='ltr'>ET</span> <span class='ocrx_word' id='word_1_110' title='bbox 2334 1827 2397 1897; x_wconf 91' lang='lat' dir='ltr'>p.</span> <span class='ocrx_word' id='word_1_111' title='bbox 2440 1814 2551 1877; x_wconf 62' lang='lat'>57‘.</span> 
     </span>
     <span class='ocr_line' id='line_1_15' title="bbox 181 1914 1318 2003; baseline -0.001 -21"><span class='ocrx_word' id='word_1_112' title='bbox 181 1920 269 1984; x_wconf 79' lang='lat'>15.</span> <span class='ocrx_word' id='word_1_113' title='bbox 339 1916 682 1984; x_wconf 79' lang='lat' dir='ltr'>Sententia</span> <span class='ocrx_word' id='word_1_114' title='bbox 733 1915 916 2003; x_wconf 82' lang='lat' dir='ltr'>plena</span> <span class='ocrx_word' id='word_1_115' title='bbox 965 1914 1114 1982; x_wconf 85' lang='lat' dir='ltr'>talis</span> <span class='ocrx_word' id='word_1_116' title='bbox 1159 1914 1318 1982; x_wconf 85' lang='lat' dir='ltr'>suit:</span> 
     </span>
    </p>

    <p class='ocr_par' dir='ltr' id='par_1_5' title="bbox 439 2019 2313 2108">
     <span class='ocr_line' id='line_1_16' title="bbox 439 2019 2313 2108; baseline -0.001 -20"><span class='ocrx_word' id='word_1_117' title='bbox 439 2049 659 2075; x_wconf 78' lang='grc' dir='ltr'><strong>-υν-</strong></span> <span class='ocrx_word' id='word_1_118' title='bbox 713 2021 956 2090; x_wconf 68' lang='lat' dir='ltr'>similes</span> <span class='ocrx_word' id='word_1_119' title='bbox 1001 2023 1110 2087; x_wconf 86' lang='lat' dir='ltr'>vix</span> <span class='ocrx_word' id='word_1_120' title='bbox 1161 2022 1304 2088; x_wconf 73' lang='lat' dir='ltr'>vivo</span> <span class='ocrx_word' id='word_1_121' title='bbox 1351 2019 1599 2087; x_wconf 89' lang='lat' dir='ltr'>homini</span> <span class='ocrx_word' id='word_1_122' title='bbox 1644 2040 1720 2087; x_wconf 86' lang='lat' dir='ltr'>ac</span> <span class='ocrx_word' id='word_1_123' title='bbox 1767 2038 2313 2108; x_wconf 80' lang='lat' dir='ltr'>monogrammoe.</span> 
     </span>
    </p>

    <p class='ocr_par' dir='ltr' id='par_1_6' title="bbox 253 2127 1515 2206">
     <span class='ocr_line' id='line_1_17' title="bbox 253 2127 1515 2206; baseline -0.004 -9"><span class='ocrx_word' id='word_1_124' title='bbox 253 2129 488 2199; x_wconf 80' lang='lat' dir='ltr'>Locum</span> <span class='ocrx_word' id='word_1_125' title='bbox 554 2135 678 2206; x_wconf 76' lang='lat'>14,</span> <span class='ocrx_word' id='word_1_126' title='bbox 727 2131 812 2194; x_wconf 72' lang='lat'>22</span> <span class='ocrx_word' id='word_1_127' title='bbox 860 2129 954 2194; x_wconf 85' lang='lat' dir='ltr'>sic</span> <span class='ocrx_word' id='word_1_128' title='bbox 1003 2128 1342 2194; x_wconf 82' lang='lat' dir='ltr'>constituit</span> <span class='ocrx_word' id='word_1_129' title='bbox 1389 2127 1515 2194; x_wconf 40' lang='lat' dir='ltr'>mx</span> 
     </span>
    </p>

    <p class='ocr_par' dir='ltr' id='par_1_7' title="bbox 493 2232 2231 2323">
     <span class='ocr_line' id='line_1_18' title="bbox 493 2232 2231 2323; baseline 0 -23"><span class='ocrx_word' id='word_1_130' title='bbox 493 2260 710 2289; x_wconf 74' lang='grc' dir='ltr'>-υν-</span> <span class='ocrx_word' id='word_1_131' title='bbox 764 2253 1006 2322; x_wconf 80' lang='lat' dir='ltr'>quaeso</span> <span class='ocrx_word' id='word_1_132' title='bbox 1051 2253 1225 2301; x_wconf 84' lang='lat' dir='ltr'>nunc</span> <span class='ocrx_word' id='word_1_133' title='bbox 1270 2232 1619 2301; x_wconf 85' lang='lat' dir='ltr'>Aemilium</span> <span class='ocrx_word' id='word_1_134' title='bbox 1668 2241 1862 2322; x_wconf 85' lang='lat' dir='ltr'>atque</span> <span class='ocrx_word' id='word_1_135' title='bbox 1906 2233 2231 2323; x_wconf 85' lang='lat' dir='ltr'>precando</span> 
     </span>
    </p>

    <p class='ocr_par' dir='ltr' id='par_1_8' title="bbox 475 2342 1699 2430">
     <span class='ocr_line' id='line_1_19' title="bbox 475 2342 1699 2430; baseline -0.004 -19"><span class='ocrx_word' id='word_1_136' title='bbox 475 2343 671 2430; x_wconf 80' lang='lat' dir='ltr'>exigo</span> <span class='ocrx_word' id='word_1_137' title='bbox 717 2350 786 2408; x_wconf 91' lang='lat' dir='ltr'>et</span> <span class='ocrx_word' id='word_1_138' title='bbox 830 2342 1106 2407; x_wconf 85' lang='lat' dir='ltr'>excanto&#39;</span> <span class='ocrx_word' id='word_1_139' title='bbox 1155 2365 1699 2393; x_wconf 78' lang='grc' dir='ltr'><strong>υυυυυυυυυυ</strong></span> 
     </span>
    </p>

    <p class='ocr_par' dir='ltr' id='par_1_9' title="bbox 174 2443 2559 3069">
     <span class='ocr_line' id='line_1_20' title="bbox 176 2443 2554 2536; baseline -0 -21"><span class='ocrx_word' id='word_1_140' title='bbox 176 2447 294 2516; x_wconf 81' lang='lat' dir='ltr'>Hoc</span> <span class='ocrx_word' id='word_1_141' title='bbox 353 2449 533 2530; x_wconf 85' lang='lat' dir='ltr'>loco,</span> <span class='ocrx_word' id='word_1_142' title='bbox 597 2456 668 2517; x_wconf 91' lang='lat' dir='ltr'>nt</span> <span class='ocrx_word' id='word_1_143' title='bbox 713 2448 1006 2535; x_wconf 83' lang='lat' dir='ltr'>saepius,</span> <span class='ocrx_word' id='word_1_144' title='bbox 1058 2447 1657 2536; x_wconf 78' lang='lat' dir='ltr'>interpretationem</span> <span class='ocrx_word' id='word_1_145' title='bbox 1701 2443 2164 2513; x_wconf 78' lang='lat' dir='ltr'>desideramus.</span> <span class='ocrx_word' id='word_1_146' title='bbox 2262 2446 2554 2530; x_wconf 78' lang='lat' dir='ltr'>-Quaeso</span> 
     </span>
     <span class='ocr_line' id='line_1_21' title="bbox 176 2553 2559 2641; baseline -0 -20"><span class='ocrx_word' id='word_1_147' title='bbox 176 2555 560 2624; x_wconf 76' lang='lat' dir='ltr'>Aemilium”</span> <span class='ocrx_word' id='word_1_148' title='bbox 641 2563 850 2623; x_wconf 88' lang='lat' dir='ltr'>estne:</span> <span class='ocrx_word' id='word_1_149' title='bbox 934 2555 1238 2621; x_wconf 75' lang='lat' dir='ltr'>amissum</span> <span class='ocrx_word' id='word_1_150' title='bbox 1312 2576 1578 2641; x_wconf 85' lang='lat' dir='ltr'>quaero,</span> <span class='ocrx_word' id='word_1_151' title='bbox 1639 2573 1721 2619; x_wconf 88' lang='lat' dir='ltr'>an</span> <span class='ocrx_word' id='word_1_152' title='bbox 1792 2574 1943 2640; x_wconf 73' lang='lat' dir='ltr'>roqo</span> <span class='ocrx_word' id='word_1_153' title='bbox 1998 2553 2130 2621; x_wconf 53' lang='lat' dir='ltr'>A?</span> <span class='ocrx_word' id='word_1_154' title='bbox 2223 2553 2559 2622; x_wconf 78' lang='lat' dir='ltr'>Posterius</span> 
     </span>
     <span class='ocr_line' id='line_1_22' title="bbox 177 2657 2554 2748; baseline 0 -23"><span class='ocrx_word' id='word_1_155' title='bbox 177 2657 280 2727; x_wconf 85' lang='lat' dir='ltr'>hoc</span> <span class='ocrx_word' id='word_1_156' title='bbox 340 2662 508 2730; x_wconf 78' lang='lat' dir='ltr'>veile</span> <span class='ocrx_word' id='word_1_157' title='bbox 576 2661 870 2738; x_wconf 74' lang='lat' dir='ltr'>videtur,</span> <span class='ocrx_word' id='word_1_158' title='bbox 933 2680 1082 2727; x_wconf 87' lang='lat' dir='ltr'>cum</span> <span class='ocrx_word' id='word_1_159' title='bbox 1148 2660 1338 2726; x_wconf 86' lang='lat' dir='ltr'>aliam</span> <span class='ocrx_word' id='word_1_160' title='bbox 1391 2668 1702 2747; x_wconf 90' lang='lat' dir='ltr'>proponat</span> <span class='ocrx_word' id='word_1_161' title='bbox 1749 2661 2225 2728; x_wconf 86' lang='lat' dir='ltr'>coniecturam:</span> <span class='ocrx_word' id='word_1_162' title='bbox 2274 2680 2554 2748; x_wconf 80' lang='lat' dir='ltr'>quaeque</span> 
     </span>
     <span class='ocr_line' id='line_1_23' title="bbox 175 2764 2552 2858; baseline 0 -28"><span class='ocrx_word' id='word_1_163' title='bbox 175 2788 328 2854; x_wconf 73' lang='lat' dir='ltr'>raqo.</span> <span class='ocrx_word' id='word_1_164' title='bbox 426 2768 516 2835; x_wconf 75' lang='lat' dir='ltr'>At</span> <span class='ocrx_word' id='word_1_165' title='bbox 572 2767 691 2834; x_wconf 84' lang='lat' dir='ltr'>boc</span> <span class='ocrx_word' id='word_1_166' title='bbox 736 2767 931 2833; x_wconf 87' lang='lat' dir='ltr'>nimis</span> <span class='ocrx_word' id='word_1_167' title='bbox 981 2764 1225 2858; x_wconf 79' lang='lat' dir='ltr'>recedit</span> <span class='ocrx_word' id='word_1_168' title='bbox 1272 2785 1309 2832; x_wconf 86' lang='lat' dir='ltr'>a</span> <span class='ocrx_word' id='word_1_169' title='bbox 1359 2766 1597 2832; x_wconf 84' lang='lat' dir='ltr'>tradita</span> <span class='ocrx_word' id='word_1_170' title='bbox 1645 2765 1914 2833; x_wconf 80' lang='lat' dir='ltr'>lectione</span> <span class='ocrx_word' id='word_1_171' title='bbox 1960 2786 2118 2853; x_wconf 84' lang='lat' dir='ltr'>quae</span> <span class='ocrx_word' id='word_1_172' title='bbox 2158 2787 2292 2855; x_wconf 76' lang='lat' dir='ltr'>eqo.</span> <span class='ocrx_word' id='word_1_173' title='bbox 2354 2767 2552 2833; x_wconf 91' lang='lat' dir='ltr'>Porro</span> 
     </span>
     <span class='ocr_line' id='line_1_24' title="bbox 178 2871 2537 2960; baseline 0 -24"><span class='ocrx_word' id='word_1_174' title='bbox 178 2880 416 2940; x_wconf 87' lang='lat' dir='ltr'>mutato</span> <span class='ocrx_word' id='word_1_175' title='bbox 467 2872 586 2940; x_wconf 79' lang='lat' dir='ltr'>itto</span> <span class='ocrx_word' id='word_1_176' title='bbox 632 2893 829 2960; x_wconf 79' lang='lat' dir='ltr'>quae,</span> <span class='ocrx_word' id='word_1_177' title='bbox 879 2872 1159 2960; x_wconf 81' lang='lat' dir='ltr'>privavit</span> <span class='ocrx_word' id='word_1_178' title='bbox 1206 2871 1401 2939; x_wconf 83' lang='lat' dir='ltr'>verba</span> <span class='ocrx_word' id='word_1_179' title='bbox 1448 2871 1639 2960; x_wconf 67' lang='lat' dir='ltr'>etiya</span> <span class='ocrx_word' id='word_1_180' title='bbox 1684 2879 1753 2939; x_wconf 83' lang='lat' dir='ltr'>et</span> <span class='ocrx_word' id='word_1_181' title='bbox 1794 2881 2057 2938; x_wconf 67' lang='lat' dir='ltr'>excavato</span> <span class='ocrx_word' id='word_1_182' title='bbox 2100 2871 2371 2940; x_wconf 83' lang='lat' dir='ltr'>obiecto.</span> <span class='ocrx_word' id='word_1_183' title='bbox 2466 2875 2537 2937; x_wconf 91' lang='lat' dir='ltr'>In</span> 
     </span>
     <span class='ocr_line' id='line_1_25' title="bbox 174 2974 1098 3069; baseline 0.002 -27"><span class='ocrx_word' id='word_1_184' title='bbox 174 2974 343 3047; x_wconf 85' lang='lat' dir='ltr'>libris</span> <span class='ocrx_word' id='word_1_185' title='bbox 388 2989 488 3048; x_wconf 90' lang='lat' dir='ltr'>est</span> <span class='ocrx_word' id='word_1_186' title='bbox 545 2978 734 3069; x_wconf 85' lang='lat' dir='ltr'>(Non.</span> <span class='ocrx_word' id='word_1_187' title='bbox 791 2984 938 3046; x_wconf 76' lang='lat'><strong>102.</strong></span> <span class='ocrx_word' id='word_1_188' title='bbox 993 2980 1098 3068; x_wconf 83' lang='lat'>7):</span> 
     </span>
    </p>

    <p class='ocr_par' dir='ltr' id='par_1_10' title="bbox 628 3082 2145 3173">
     <span class='ocr_line' id='line_1_26' title="bbox 628 3082 2145 3173; baseline 0 -22"><span class='ocrx_word' id='word_1_189' title='bbox 628 3104 793 3173; x_wconf 86' lang='lat' dir='ltr'>quae</span> <span class='ocrx_word' id='word_1_190' title='bbox 838 3105 956 3171; x_wconf 84' lang='lat' dir='ltr'>ego</span> <span class='ocrx_word' id='word_1_191' title='bbox 1003 3103 1179 3150; x_wconf 89' lang='lat' dir='ltr'>nunc</span> <span class='ocrx_word' id='word_1_192' title='bbox 1225 3082 1503 3151; x_wconf 83' lang='lat' dir='ltr'>Aemilio</span> <span class='ocrx_word' id='word_1_193' title='bbox 1546 3091 1893 3172; x_wconf 75' lang='lat' dir='ltr'>praecauto</span> <span class='ocrx_word' id='word_1_194' title='bbox 1950 3091 2145 3170; x_wconf 82' lang='lat' dir='ltr'>atque</span> 
     </span>
    </p>

    <p class='ocr_par' dir='ltr' id='par_1_11' title="bbox 183 3192 2559 3705">
     <span class='ocr_line' id='line_1_27' title="bbox 627 3192 1263 3277; baseline -0.002 -19"><span class='ocrx_word' id='word_1_195' title='bbox 627 3192 815 3277; x_wconf 78' lang='lat' dir='ltr'>exigo</span> <span class='ocrx_word' id='word_1_196' title='bbox 858 3199 924 3258; x_wconf 87' lang='lat' dir='ltr'>et</span> <span class='ocrx_word' id='word_1_197' title='bbox 970 3200 1263 3258; x_wconf 82' lang='lat' dir='ltr'>excanto.</span> 
     </span>
     <span class='ocr_line' id='line_1_28' title="bbox 183 3293 2554 3383; baseline -0.001 -20"><span class='ocrx_word' id='word_1_198' title='bbox 183 3294 541 3366; x_wconf 71' lang='lat' dir='ltr'>Excantare</span> <span class='ocrx_word' id='word_1_199' title='bbox 598 3304 698 3363; x_wconf 84' lang='lat' dir='ltr'>est</span> <span class='ocrx_word' id='word_1_200' title='bbox 758 3294 1079 3363; x_wconf 85' lang='lat' dir='ltr'>cantando</span> <span class='ocrx_word' id='word_1_201' title='bbox 1133 3304 1555 3383; x_wconf 83' lang='lat' dir='ltr'>extorquere,</span> <span class='ocrx_word' id='word_1_202' title='bbox 1618 3293 1928 3364; x_wconf 87' lang='lat' dir='ltr'>obtinere.</span> <span class='ocrx_word' id='word_1_203' title='bbox 2024 3296 2355 3365; x_wconf 83' lang='lat' dir='ltr'>Sententia</span> <span class='ocrx_word' id='word_1_204' title='bbox 2417 3295 2554 3362; x_wconf 86' lang='lat' dir='ltr'>nul·</span> 
     </span>
     <span class='ocr_line' id='line_1_29' title="bbox 183 3399 2559 3492; baseline 0 -25"><span class='ocrx_word' id='word_1_205' title='bbox 183 3399 296 3469; x_wconf 78' lang='lat' dir='ltr'>iam</span> <span class='ocrx_word' id='word_1_206' title='bbox 357 3402 668 3492; x_wconf 84' lang='lat' dir='ltr'>poscebat</span> <span class='ocrx_word' id='word_1_207' title='bbox 723 3404 1176 3470; x_wconf 84' lang='lat' dir='ltr'>mutationem.</span> <span class='ocrx_word' id='word_1_208' title='bbox 1269 3401 1462 3469; x_wconf 87' lang='lat' dir='ltr'>Vides</span> <span class='ocrx_word' id='word_1_209' title='bbox 1524 3401 1883 3469; x_wconf 78' lang='lat' dir='ltr'>hexametri</span> <span class='ocrx_word' id='word_1_210' title='bbox 1939 3402 2324 3470; x_wconf 85' lang='lat' dir='ltr'>restituendi</span> <span class='ocrx_word' id='word_1_211' title='bbox 2369 3419 2559 3468; x_wconf 84' lang='lat' dir='ltr'>cona-</span> 
     </span>
     <span class='ocr_line' id='line_1_30' title="bbox 183 3506 2556 3599; baseline -0 -25"><span class='ocrx_word' id='word_1_212' title='bbox 183 3525 316 3576; x_wconf 79' lang='lat' dir='ltr'>men</span> <span class='ocrx_word' id='word_1_213' title='bbox 376 3529 579 3599; x_wconf 86' lang='lat' dir='ltr'>qnam</span> <span class='ocrx_word' id='word_1_214' title='bbox 642 3507 984 3575; x_wconf 71' lang='lat' dir='ltr'>molestum</span> <span class='ocrx_word' id='word_1_215' title='bbox 1057 3507 1276 3576; x_wconf 75' lang='lat' dir='ltr'>fuerit.</span> <span class='ocrx_word' id='word_1_216' title='bbox 1368 3508 1507 3596; x_wconf 83' lang='lat' dir='ltr'>Ego</span> <span class='ocrx_word' id='word_1_217' title='bbox 1554 3528 1681 3574; x_wconf 90' lang='lat' dir='ltr'>non</span> <span class='ocrx_word' id='word_1_218' title='bbox 1727 3506 1989 3587; x_wconf 82' lang='lat' dir='ltr'>dubito,</span> <span class='ocrx_word' id='word_1_219' title='bbox 2031 3510 2085 3575; x_wconf 84' lang='lat' dir='ltr'>si</span> <span class='ocrx_word' id='word_1_220' title='bbox 2136 3507 2286 3575; x_wconf 80' lang='lat' dir='ltr'>tihri</span> <span class='ocrx_word' id='word_1_221' title='bbox 2332 3526 2556 3574; x_wconf 84' lang='lat' dir='ltr'>nume-</span> 
     </span>
     <span class='ocr_line' id='line_1_31' title="bbox 185 3612 2023 3705; baseline 0.002 -27"><span class='ocrx_word' id='word_1_222' title='bbox 185 3631 284 3681; x_wconf 84' lang='lat' dir='ltr'>rus</span> <span class='ocrx_word' id='word_1_223' title='bbox 329 3616 741 3705; x_wconf 84' lang='lat' dir='ltr'>praepositus</span> <span class='ocrx_word' id='word_1_224' title='bbox 792 3635 913 3681; x_wconf 89' lang='lat' dir='ltr'>non</span> <span class='ocrx_word' id='word_1_225' title='bbox 963 3614 1234 3693; x_wconf 77' lang='lat' dir='ltr'>fuisset,</span> <span class='ocrx_word' id='word_1_226' title='bbox 1283 3614 1439 3701; x_wconf 84' lang='lat' dir='ltr'>quin</span> <span class='ocrx_word' id='word_1_227' title='bbox 1493 3633 1716 3680; x_wconf 84' lang='lat' dir='ltr'>omnes</span> <span class='ocrx_word' id='word_1_228' title='bbox 1763 3614 1830 3679; x_wconf 88' lang='lat' dir='ltr'>in</span> <span class='ocrx_word' id='word_1_229' title='bbox 1881 3612 2023 3681; x_wconf 83' lang='lat' dir='ltr'>his:</span> 
     </span>
    </p>

    <p class='ocr_par' dir='ltr' id='par_1_12' title="bbox 186 3719 2561 4550">
     <span class='ocr_line' id='line_1_32' title="bbox 585 3719 2041 3807; baseline 0.003 -21"><span class='ocrx_word' id='word_1_230' title='bbox 585 3770 594 3786; x_wconf 85' lang='grc'>.</span> <span class='ocrx_word' id='word_1_231' title='bbox 716 3719 893 3802; x_wconf 88' lang='lat' dir='ltr'>Quae</span> <span class='ocrx_word' id='word_1_232' title='bbox 943 3723 1062 3807; x_wconf 80' lang='lat' dir='ltr'>ego</span> <span class='ocrx_word' id='word_1_233' title='bbox 1111 3738 1284 3786; x_wconf 87' lang='lat' dir='ltr'>nunc</span> <span class='ocrx_word' id='word_1_234' title='bbox 1334 3720 1609 3786; x_wconf 78' lang='lat' dir='ltr'>Aemilio</span> <span class='ocrx_word' id='word_1_235' title='bbox 1658 3721 2041 3807; x_wconf 79' lang='lat' dir='ltr'>praeeanto.</span> 
     </span>
     <span class='ocr_line' id='line_1_33' title="bbox 186 3824 2553 3915; baseline 0 -22"><span class='ocrx_word' id='word_1_236' title='bbox 186 3826 428 3895; x_wconf 83' lang='lat' dir='ltr'>initium</span> <span class='ocrx_word' id='word_1_237' title='bbox 482 3828 833 3915; x_wconf 85' lang='lat' dir='ltr'>septenarii</span> <span class='ocrx_word' id='word_1_238' title='bbox 880 3826 1083 3893; x_wconf 85' lang='lat' dir='ltr'>trech.</span> <span class='ocrx_word' id='word_1_239' title='bbox 1126 3826 1563 3913; x_wconf 83' lang='lat' dir='ltr'>agnovissent.</span> <span class='ocrx_word' id='word_1_240' title='bbox 1602 3825 1785 3892; x_wconf 80' lang='lat' dir='ltr'>Nunc</span> <span class='ocrx_word' id='word_1_241' title='bbox 1825 3833 2087 3914; x_wconf 90' lang='lat' dir='ltr'>propter</span> <span class='ocrx_word' id='word_1_242' title='bbox 2126 3824 2299 3892; x_wconf 78' lang='lat' dir='ltr'>illam</span> <span class='ocrx_word' id='word_1_243' title='bbox 2339 3833 2553 3893; x_wconf 83' lang='lat' dir='ltr'>uotam</span> 
     </span>
     <span class='ocr_line' id='line_1_34' title="bbox 189 3930 2559 4022; baseline -0 -22"><span class='ocrx_word' id='word_1_244' title='bbox 189 3932 285 4021; x_wconf 84' lang='lat'>(11)</span> <span class='ocrx_word' id='word_1_245' title='bbox 350 3944 636 4022; x_wconf 84' lang='lat' dir='ltr'>quatuor</span> <span class='ocrx_word' id='word_1_246' title='bbox 689 3941 1031 4001; x_wconf 86' lang='lat' dir='ltr'>mutantur</span> <span class='ocrx_word' id='word_1_247' title='bbox 1076 3931 1401 3998; x_wconf 81' lang='lat' dir='ltr'>vocabula.</span> <span class='ocrx_word' id='word_1_248' title='bbox 1498 3931 1567 3999; x_wconf 90' lang='lat' dir='ltr'>Si</span> <span class='ocrx_word' id='word_1_249' title='bbox 1617 3930 2199 3998; x_wconf 81' lang='lat' dir='ltr'>trochaicometro</span> <span class='ocrx_word' id='word_1_250' title='bbox 2243 3931 2403 3998; x_wconf 88' lang='lat' dir='ltr'>haec</span> <span class='ocrx_word' id='word_1_251' title='bbox 2449 3953 2559 4020; x_wconf 85' lang='lat' dir='ltr'>ap·-</span> 
     </span>
     <span class='ocr_line' id='line_1_35' title="bbox 188 4035 2561 4125; baseline 0 -21"><span class='ocrx_word' id='word_1_252' title='bbox 188 4047 433 4118; x_wconf 76' lang='lat' dir='ltr'>tantnr,</span> <span class='ocrx_word' id='word_1_253' title='bbox 483 4046 755 4106; x_wconf 75' lang='lat' dir='ltr'>tantum</span> <span class='ocrx_word' id='word_1_254' title='bbox 814 4038 971 4105; x_wconf 92' lang='lat' dir='ltr'>ordo</span> <span class='ocrx_word' id='word_1_255' title='bbox 1022 4046 1495 4125; x_wconf 85' lang='lat' dir='ltr'>postremorum</span> <span class='ocrx_word' id='word_1_256' title='bbox 1557 4035 2011 4103; x_wconf 81' lang='lat' dir='ltr'>vocabulorum</span> <span class='ocrx_word' id='word_1_257' title='bbox 2063 4046 2162 4104; x_wconf 81' lang='lat' dir='ltr'>est</span> <span class='ocrx_word' id='word_1_258' title='bbox 2208 4039 2561 4105; x_wconf 87' lang='lat' dir='ltr'>immutan-</span> 
     </span>
     <span class='ocr_line' id='line_1_36' title="bbox 188 4140 2559 4236; baseline 0.001 -27"><span class='ocrx_word' id='word_1_259' title='bbox 188 4142 297 4211; x_wconf 85' lang='lat' dir='ltr'>dus</span> <span class='ocrx_word' id='word_1_260' title='bbox 361 4146 601 4232; x_wconf 68' lang='lat' dir='ltr'>»fitque</span> <span class='ocrx_word' id='word_1_261' title='bbox 658 4154 928 4212; x_wconf 84' lang='lat' dir='ltr'>excanto</span> <span class='ocrx_word' id='word_1_262' title='bbox 981 4152 1046 4212; x_wconf 93' lang='lat' dir='ltr'>et</span> <span class='ocrx_word' id='word_1_263' title='bbox 1091 4145 1350 4230; x_wconf 41' lang='lat' dir='ltr'>exigo&amp;</span> <span class='ocrx_word' id='word_1_264' title='bbox 1401 4142 1566 4236; x_wconf 82' lang='lat' dir='ltr'>quod</span> <span class='ocrx_word' id='word_1_265' title='bbox 1618 4143 1811 4209; x_wconf 89' lang='lat' dir='ltr'>etiam</span> <span class='ocrx_word' id='word_1_266' title='bbox 1863 4140 1942 4208; x_wconf 87' lang='lat' dir='ltr'>ad</span> <span class='ocrx_word' id='word_1_267' title='bbox 1990 4145 2374 4211; x_wconf 86' lang='lat' dir='ltr'>sententiam</span> <span class='ocrx_word' id='word_1_268' title='bbox 2428 4163 2559 4211; x_wconf 91' lang='lat' dir='ltr'>me-</span> 
     </span>
     <span class='ocr_line' id='line_1_37' title="bbox 187 4246 2554 4338; baseline 0.001 -25"><span class='ocrx_word' id='word_1_269' title='bbox 187 4246 306 4317; x_wconf 84' lang='lat' dir='ltr'>lius</span> <span class='ocrx_word' id='word_1_270' title='bbox 342 4258 442 4317; x_wconf 90' lang='lat' dir='ltr'>est</span> <span class='ocrx_word' id='word_1_271' title='bbox 467 4299 486 4330; x_wconf 91' lang='lat'><strong>,</strong></span> <span class='ocrx_word' id='word_1_272' title='bbox 534 4267 684 4315; x_wconf 87' lang='lat' dir='ltr'>nam</span> <span class='ocrx_word' id='word_1_273' title='bbox 726 4249 979 4316; x_wconf 79' lang='lat' dir='ltr'>facilius</span> <span class='ocrx_word' id='word_1_274' title='bbox 1016 4250 1199 4338; x_wconf 66' lang='grc' dir='ltr'><em>σπῖρα</em></span> <span class='ocrx_word' id='word_1_275' title='bbox 1238 4248 1409 4315; x_wconf 87' lang='lat' dir='ltr'>illam</span> <span class='ocrx_word' id='word_1_276' title='bbox 1453 4247 2001 4316; x_wconf 84' lang='lat' dir='ltr'>constructionem</span> <span class='ocrx_word' id='word_1_277' title='bbox 2045 4249 2265 4337; x_wconf 79' lang='lat' dir='ltr'>(alicui</span> <span class='ocrx_word' id='word_1_278' title='bbox 2285 4250 2554 4338; x_wconf 79' lang='lat' dir='ltr'>aliquid)</span> 
     </span>
     <span class='ocr_line' id='line_1_38' title="bbox 191 4353 2559 4442; baseline -0.001 -18"><span class='ocrx_word' id='word_1_279' title='bbox 191 4353 479 4424; x_wconf 80' lang='lat' dir='ltr'>admittet</span> <span class='ocrx_word' id='word_1_280' title='bbox 527 4375 905 4442; x_wconf 81' lang='lat' dir='ltr'>praegresso</span> <span class='ocrx_word' id='word_1_281' title='bbox 949 4365 1242 4431; x_wconf 75' lang='lat' dir='ltr'>excamo,</span> <span class='ocrx_word' id='word_1_282' title='bbox 1294 4375 1443 4422; x_wconf 85' lang='lat' dir='ltr'>cum</span> <span class='ocrx_word' id='word_1_283' title='bbox 1488 4375 1616 4442; x_wconf 88' lang='lat' dir='ltr'>quo</span> <span class='ocrx_word' id='word_1_284' title='bbox 1663 4354 1730 4419; x_wconf 91' lang='lat' dir='ltr'>in</span> <span class='ocrx_word' id='word_1_285' title='bbox 1775 4372 1970 4420; x_wconf 87' lang='lat' dir='ltr'>unam</span> <span class='ocrx_word' id='word_1_286' title='bbox 2011 4353 2317 4421; x_wconf 85' lang='lat' dir='ltr'>coalescit</span> <span class='ocrx_word' id='word_1_287' title='bbox 2354 4356 2559 4421; x_wconf 91' lang='lat' dir='ltr'>notio-</span> 
     </span>
     <span class='ocr_line' id='line_1_39' title="bbox 196 4458 2556 4550; baseline -0.001 -22"><span class='ocrx_word' id='word_1_288' title='bbox 196 4477 367 4539; x_wconf 80' lang='lat' dir='ltr'>nem,</span> <span class='ocrx_word' id='word_1_289' title='bbox 434 4480 630 4549; x_wconf 86' lang='lat' dir='ltr'>quam</span> <span class='ocrx_word' id='word_1_290' title='bbox 701 4461 758 4528; x_wconf 83' lang='lat' dir='ltr'>si</span> <span class='ocrx_word' id='word_1_291' title='bbox 825 4460 1152 4530; x_wconf 74' lang='lat' dir='ltr'>scribatur</span> <span class='ocrx_word' id='word_1_292' title='bbox 1219 4461 1408 4550; x_wconf 71' lang='lat' dir='ltr'>eoeiqo</span> <span class='ocrx_word' id='word_1_293' title='bbox 1479 4468 1537 4526; x_wconf 80' lang='lat' dir='ltr'>et</span> <span class='ocrx_word' id='word_1_294' title='bbox 1600 4467 1884 4528; x_wconf 75' lang='lat' dir='ltr'>exeanto.</span> <span class='ocrx_word' id='word_1_295' title='bbox 1979 4458 2323 4547; x_wconf 78' lang='lat' dir='ltr'>Exigimus</span> <span class='ocrx_word' id='word_1_296' title='bbox 2381 4460 2556 4526; x_wconf 88' lang='lat' dir='ltr'>enim</span> 
     </span>
    </p>
   </div>
   <div class='ocr_carea' id='block_1_3' title="bbox 2866 38 2869 1423">
    <p class='ocr_par' dir='ltr' id='par_1_13' title="bbox 2866 38 2869 1423">
     <span class='ocr_line' id='line_1_40' title="bbox 2866 38 2869 1423; baseline 0 0"><span class='ocrx_word' id='word_1_297' title='bbox 2866 38 2869 1423; x_wconf 95' lang='lat' dir='ltr'> </span> 
     </span>
    </p>
   </div>
  </div>
 </body>
</html>
