<?xml version="1.0" encoding="UTF-8"?>
<!DOCTYPE html PUBLIC "-//W3C//DTD XHTML 1.0 Transitional//EN"
    "http://www.w3.org/TR/xhtml1/DTD/xhtml1-transitional.dtd">
<html xmlns="http://www.w3.org/1999/xhtml" xml:lang="en" lang="en">
 <head>
  <title>
</title>
<meta http-equiv="Content-Type" content="text/html;charset=utf-8" />
  <meta name='ocr-system' content='tesseract 3.04.00' />
  <meta name='ocr-capabilities' content='ocr_page ocr_carea ocr_par ocr_line ocrx_word'/>
</head>
<body>
  <div class='ocr_page' id='page_1' title='image "./mnemosynebiblio09servgoog/mnemosynebiblio09servgoog_0316.png"; bbox 0 0 2934 5050; ppageno 0'>
   <div class='ocr_carea' id='block_1_1' title="bbox 401 312 1975 377">
    <p class='ocr_par' dir='ltr' id='par_1_1' title="bbox 401 312 1975 377">
     <span class='ocr_line' id='line_1_1' title="bbox 401 312 1975 377; baseline 0 -1"><span class='ocrx_word' id='word_1_1' title='bbox 401 312 534 377; x_wconf 69' lang='lat'><strong>284</strong></span> <span class='ocrx_word' id='word_1_2' title='bbox 1181 330 1495 377; x_wconf 65' lang='lat' dir='ltr'><strong>tecm-«A</strong></span> <span class='ocrx_word' id='word_1_3' title='bbox 1543 333 1617 377; x_wconf 76' lang='lat' dir='ltr'><strong>nn·</strong></span> <span class='ocrx_word' id='word_1_4' title='bbox 1662 329 1975 377; x_wconf 72' lang='lat' dir='ltr'><strong>mcum.</strong></span> 
     </span>
    </p>
   </div>
   <div class='ocr_carea' id='block_1_2' title="bbox 367 490 2736 3708">
    <p class='ocr_par' dir='ltr' id='par_1_2' title="bbox 380 490 2736 2672">
     <span class='ocr_line' id='line_1_2' title="bbox 396 490 2734 584; baseline -0.002 -21"><span class='ocrx_word' id='word_1_5' title='bbox 396 498 456 563; x_wconf 89' lang='lat' dir='ltr'><strong>si</strong></span> <span class='ocrx_word' id='word_1_6' title='bbox 499 494 582 561; x_wconf 89' lang='lat' dir='ltr'><strong>de</strong></span> <span class='ocrx_word' id='word_1_7' title='bbox 623 491 898 561; x_wconf 81' lang='lat' dir='ltr'><strong>lectione</strong></span> <span class='ocrx_word' id='word_1_8' title='bbox 943 493 1176 561; x_wconf 77' lang='lat' dir='ltr'><strong>Scauri</strong></span> <span class='ocrx_word' id='word_1_9' title='bbox 1220 498 1334 584; x_wconf 85' lang='lat' dir='ltr'><strong>qui</strong></span> <span class='ocrx_word' id='word_1_10' title='bbox 1387 498 1499 565; x_wconf 84' lang='lat' dir='ltr'><strong>illa</strong></span> <span class='ocrx_word' id='word_1_11' title='bbox 1543 498 1824 567; x_wconf 80' lang='lat' dir='ltr'><strong>servavit</strong></span> <span class='ocrx_word' id='word_1_12' title='bbox 1872 498 2034 564; x_wconf 85' lang='lat' dir='ltr'><strong>satis</strong></span> <span class='ocrx_word' id='word_1_13' title='bbox 2079 503 2411 562; x_wconf 87' lang='lat' dir='ltr'><strong>constaret</strong></span> <span class='ocrx_word' id='word_1_14' title='bbox 2457 490 2734 583; x_wconf 82' lang='lat' dir='ltr'><strong>(·eodem·</strong></span> 
     </span>
     <span class='ocr_line' id='line_1_3' title="bbox 394 598 2734 689; baseline -0.002 -24"><span class='ocrx_word' id='word_1_15' title='bbox 394 599 574 689; x_wconf 84' lang='lat' dir='ltr'><strong>que”</strong></span> <span class='ocrx_word' id='word_1_16' title='bbox 621 598 762 684; x_wconf 73' lang='lat' dir='ltr'><strong>lt).</strong></span> <span class='ocrx_word' id='word_1_17' title='bbox 857 599 984 667; x_wconf 87' lang='lat' dir='ltr'><strong>Sed</strong></span> <span class='ocrx_word' id='word_1_18' title='bbox 1029 599 1418 668; x_wconf 70' lang='lat' dir='ltr'><strong>dubitationi</strong></span> <span class='ocrx_word' id='word_1_19' title='bbox 1474 604 1737 669; x_wconf 90' lang='lat' dir='ltr'><strong>omnino</strong></span> <span class='ocrx_word' id='word_1_20' title='bbox 1781 601 2128 668; x_wconf 82' lang='lat' dir='ltr'><strong>obnoxium</strong></span> <span class='ocrx_word' id='word_1_21' title='bbox 2175 607 2579 666; x_wconf 86' lang='lat' dir='ltr'><strong>contractum</strong></span> <span class='ocrx_word' id='word_1_22' title='bbox 2625 615 2734 661; x_wconf 61' lang='grc' dir='ltr'><strong>ιον·</strong></span> 
     </span>
     <span class='ocr_line' id='line_1_4' title="bbox 394 703 2734 796; baseline -0.002 -25"><span class='ocrx_word' id='word_1_23' title='bbox 394 703 755 783; x_wconf 77' lang='lat' dir='ltr'><strong>rationes’&#39;,</strong></span> <span class='ocrx_word' id='word_1_24' title='bbox 803 706 1166 773; x_wconf 88' lang='lat' dir='ltr'><strong>cuiusmodi</strong></span> <span class='ocrx_word' id='word_1_25' title='bbox 1205 709 1527 796; x_wconf 77' lang='lat' dir='ltr'><strong>synizesin</strong></span> <span class='ocrx_word' id='word_1_26' title='bbox 1568 728 1604 774; x_wconf 88' lang='lat' dir='ltr'><strong>a</strong></span> <span class='ocrx_word' id='word_1_27' title='bbox 1641 709 1919 775; x_wconf 88' lang='lat' dir='ltr'><strong>senariis</strong></span> <span class='ocrx_word' id='word_1_28' title='bbox 1957 707 2469 794; x_wconf 83' lang='lat' dir='ltr'><strong>septenariisque</strong></span> <span class='ocrx_word' id='word_1_29' title='bbox 2509 703 2734 770; x_wconf 80' lang='lat' dir='ltr'><strong>omnino</strong></span> 
     </span>
     <span class='ocr_line' id='line_1_5' title="bbox 393 805 2735 900; baseline -0.003 -23"><span class='ocrx_word' id='word_1_30' title='bbox 393 810 721 877; x_wconf 84' lang='lat' dir='ltr'><strong>abiudicat</strong></span> <span class='ocrx_word' id='word_1_31' title='bbox 767 809 1056 889; x_wconf 80' lang='lat' dir='ltr'><strong>Bitscbl,</strong></span> <span class='ocrx_word' id='word_1_32' title='bbox 1101 811 1284 899; x_wconf 89' lang='lat' dir='ltr'><strong>proll.</strong></span> <span class='ocrx_word' id='word_1_33' title='bbox 1335 833 1392 900; x_wconf 86' lang='lat' dir='ltr'><strong>p.</strong></span> <span class='ocrx_word' id='word_1_34' title='bbox 1450 816 1597 878; x_wconf 77' lang='lat'><strong>160.</strong></span> <span class='ocrx_word' id='word_1_35' title='bbox 1691 814 1766 885; x_wconf 87' lang='lat' dir='ltr'><strong>In</strong></span> <span class='ocrx_word' id='word_1_36' title='bbox 1816 812 2209 878; x_wconf 71' lang='lat' dir='ltr'><strong>hexametris</strong></span> <span class='ocrx_word' id='word_1_37' title='bbox 2253 810 2518 898; x_wconf 85' lang='lat' dir='ltr'><strong>quidem</strong></span> <span class='ocrx_word' id='word_1_38' title='bbox 2566 805 2735 873; x_wconf 85' lang='lat' dir='ltr'><strong>nemi·</strong></span> 
     </span>
     <span class='ocr_line' id='line_1_6' title="bbox 394 911 2734 1004; baseline -0.002 -22"><span class='ocrx_word' id='word_1_39' title='bbox 394 936 540 983; x_wconf 85' lang='lat' dir='ltr'><strong>nem</strong></span> <span class='ocrx_word' id='word_1_40' title='bbox 586 914 922 982; x_wconf 77' lang='lat' dir='ltr'><strong>offendunt</strong></span> <span class='ocrx_word' id='word_1_41' title='bbox 970 919 1669 1004; x_wconf 75' lang='lat' dir='ltr'><strong>»promunturiumque</strong></span> <span class='ocrx_word' id='word_1_42' title='bbox 1711 916 2111 997; x_wconf 77' lang='lat' dir='ltr'><strong>Ilinervae&#39;&#39;,</strong></span> <span class='ocrx_word' id='word_1_43' title='bbox 2162 917 2281 983; x_wconf 89' lang='lat'>111.</span> <span class='ocrx_word' id='word_1_44' title='bbox 2334 921 2447 991; x_wconf 83' lang='lat'><strong>19,</strong></span> <span class='ocrx_word' id='word_1_45' title='bbox 2501 911 2734 979; x_wconf 76' lang='lat' dir='ltr'><strong>»iniuri-</strong></span> 
     </span>
     <span class='ocr_line' id='line_1_7' title="bbox 390 1015 2736 1109; baseline -0.003 -23"><span class='ocrx_word' id='word_1_46' title='bbox 390 1021 625 1088; x_wconf 84' lang='lat' dir='ltr'><strong>atum”</strong></span> <span class='ocrx_word' id='word_1_47' title='bbox 673 1021 761 1087; x_wconf 88' lang='lat'><strong>11.</strong></span> <span class='ocrx_word' id='word_1_48' title='bbox 811 1026 878 1087; x_wconf 86' lang='grc'><strong>9.</strong></span> <span class='ocrx_word' id='word_1_49' title='bbox 973 1024 1057 1088; x_wconf 82' lang='lat' dir='ltr'><strong>At</strong></span> <span class='ocrx_word' id='word_1_50' title='bbox 1113 1022 1259 1108; x_wconf 89' lang='lat' dir='ltr'><strong>plus</strong></span> <span class='ocrx_word' id='word_1_51' title='bbox 1320 1023 1444 1088; x_wconf 86' lang='lat' dir='ltr'><strong>sibi</strong></span> <span class='ocrx_word' id='word_1_52' title='bbox 1506 1021 1625 1088; x_wconf 89' lang='lat' dir='ltr'><strong>hac</strong></span> <span class='ocrx_word' id='word_1_53' title='bbox 1687 1042 1942 1109; x_wconf 85' lang='lat' dir='ltr'><strong>quoque</strong></span> <span class='ocrx_word' id='word_1_54' title='bbox 2005 1023 2073 1087; x_wconf 92' lang='lat' dir='ltr'><strong>in</strong></span> <span class='ocrx_word' id='word_1_55' title='bbox 2136 1020 2453 1087; x_wconf 87' lang='lat' dir='ltr'><strong>relicere</strong></span> <span class='ocrx_word' id='word_1_56' title='bbox 2517 1015 2736 1106; x_wconf 80' lang='lat' dir='ltr'><strong>putavit</strong></span> 
     </span>
     <span class='ocr_line' id='line_1_8' title="bbox 387 1119 2733 1213; baseline -0.003 -20"><span class='ocrx_word' id='word_1_57' title='bbox 387 1125 679 1193; x_wconf 80' lang='lat' dir='ltr'><strong>Lucilius</strong></span> <span class='ocrx_word' id='word_1_58' title='bbox 723 1125 1014 1192; x_wconf 89' lang='lat' dir='ltr'><strong>scribens</strong></span> <span class='ocrx_word' id='word_1_59' title='bbox 1061 1126 1238 1193; x_wconf 90' lang='lat' dir='ltr'>XIII.</span> <span class='ocrx_word' id='word_1_60' title='bbox 1292 1130 1414 1192; x_wconf 71' lang='lat'><strong>122</strong></span> <span class='ocrx_word' id='word_1_61' title='bbox 1487 1127 1811 1192; x_wconf 75' lang='lat' dir='ltr'><strong>»dominia</strong></span> <span class='ocrx_word' id='word_1_62' title='bbox 1865 1134 2062 1213; x_wconf 86' lang='lat' dir='ltr'><strong>atque</strong></span> <span class='ocrx_word' id='word_1_63' title='bbox 2108 1125 2415 1192; x_wconf 87' lang='lat' dir='ltr'><strong>sodalicia</strong></span> <span class='ocrx_word' id='word_1_64' title='bbox 2460 1119 2733 1195; x_wconf 85' lang='lat' dir='ltr'><strong>omnia”,</strong></span> 
     </span>
     <span class='ocr_line' id='line_1_9' title="bbox 391 1227 2733 1319; baseline -0.003 -22"><span class='ocrx_word' id='word_1_65' title='bbox 391 1233 456 1297; x_wconf 91' lang='lat' dir='ltr'><strong>in</strong></span> <span class='ocrx_word' id='word_1_66' title='bbox 506 1251 636 1318; x_wconf 85' lang='lat' dir='ltr'><strong>quo</strong></span> <span class='ocrx_word' id='word_1_67' title='bbox 697 1232 976 1317; x_wconf 91' lang='lat' dir='ltr'><strong>permire</strong></span> <span class='ocrx_word' id='word_1_68' title='bbox 1036 1233 1144 1296; x_wconf 72' lang='lat' dir='ltr'><strong>nia</strong></span> <span class='ocrx_word' id='word_1_69' title='bbox 1203 1244 1270 1296; x_wconf 79' lang='grc' dir='ltr'><strong><em>αι</em></strong></span> <span class='ocrx_word' id='word_1_70' title='bbox 1329 1231 1701 1297; x_wconf 86' lang='lat' dir='ltr'><strong>coalescunt</strong></span> <span class='ocrx_word' id='word_1_71' title='bbox 1762 1235 1829 1296; x_wconf 89' lang='lat' dir='ltr'><strong>in</strong></span> <span class='ocrx_word' id='word_1_72' title='bbox 1899 1251 2094 1298; x_wconf 88' lang='lat' dir='ltr'><strong>unam</strong></span> <span class='ocrx_word' id='word_1_73' title='bbox 2158 1230 2516 1319; x_wconf 78' lang='lat' dir='ltr'>syllabam,</span> <span class='ocrx_word' id='word_1_74' title='bbox 2561 1227 2733 1294; x_wconf 85' lang='lat' dir='ltr'><strong>etita</strong></span> 
     </span>
     <span class='ocr_line' id='line_1_10' title="bbox 387 1324 2735 1421; baseline -0.003 -21"><span class='ocrx_word' id='word_1_75' title='bbox 387 1335 649 1421; x_wconf 85' lang='lat' dir='ltr'><strong>quidem</strong></span> <span class='ocrx_word' id='word_1_76' title='bbox 695 1344 769 1399; x_wconf 94' lang='lat' dir='ltr'><strong>ut</strong></span> <span class='ocrx_word' id='word_1_77' title='bbox 813 1336 1111 1421; x_wconf 82' lang='lat' dir='ltr'><strong>superior</strong></span> <span class='ocrx_word' id='word_1_78' title='bbox 1151 1337 1246 1401; x_wconf 78' lang='lat' dir='ltr'><strong>mi</strong></span> <span class='ocrx_word' id='word_1_79' title='bbox 1291 1324 1507 1402; x_wconf 78' lang='lat' dir='ltr'><strong>brevis</strong></span> <span class='ocrx_word' id='word_1_80' title='bbox 1542 1345 1822 1402; x_wconf 88' lang='lat' dir='ltr'><strong>maneat.</strong></span> <span class='ocrx_word' id='word_1_81' title='bbox 1898 1336 1978 1402; x_wconf 85' lang='lat' dir='ltr'><strong>Et</strong></span> <span class='ocrx_word' id='word_1_82' title='bbox 2024 1337 2089 1401; x_wconf 92' lang='lat' dir='ltr'><strong>in</strong></span> <span class='ocrx_word' id='word_1_83' title='bbox 2134 1334 2365 1402; x_wconf 79' lang='lat' dir='ltr'><strong>iambis</strong></span> <span class='ocrx_word' id='word_1_84' title='bbox 2401 1333 2735 1400; x_wconf 79' lang='lat' dir='ltr'><strong>invenimus</strong></span> 
     </span>
     <span class='ocr_line' id='line_1_11' title="bbox 387 1434 2731 1526; baseline -0.003 -21"><span class='ocrx_word' id='word_1_85' title='bbox 387 1440 619 1506; x_wconf 86' lang='lat' dir='ltr'>XXIX.</span> <span class='ocrx_word' id='word_1_86' title='bbox 667 1444 795 1507; x_wconf 78' lang='lat'><strong>56:</strong></span> <span class='ocrx_word' id='word_1_87' title='bbox 850 1437 1060 1525; x_wconf 75' lang='lat' dir='ltr'><strong>»agite</strong></span> <span class='ocrx_word' id='word_1_88' title='bbox 1104 1442 1276 1525; x_wconf 81' lang='lat' dir='ltr'><strong>agite</strong></span> <span class='ocrx_word' id='word_1_89' title='bbox 1321 1441 1501 1507; x_wconf 89' lang='lat' dir='ltr'><strong>l&#39;ures</strong></span> <span class='ocrx_word' id='word_1_90' title='bbox 1546 1439 1883 1506; x_wconf 76' lang='lat' dir='ltr'><strong>mendacia</strong></span> <span class='ocrx_word' id='word_1_91' title='bbox 1932 1438 2411 1526; x_wconf 78' lang='lat' dir='ltr'><strong>argutamini”.</strong></span> <span class='ocrx_word' id='word_1_92' title='bbox 2505 1434 2731 1503; x_wconf 74' lang='lat' dir='ltr'><strong>Muelle-</strong></span> 
     </span>
     <span class='ocr_line' id='line_1_12' title="bbox 388 1540 2731 1634; baseline -0.002 -24"><span class='ocrx_word' id='word_1_93' title='bbox 388 1564 503 1610; x_wconf 90' lang='lat' dir='ltr'><strong>rus</strong></span> <span class='ocrx_word' id='word_1_94' title='bbox 563 1543 652 1609; x_wconf 91' lang='lat' dir='ltr'><strong>ibi</strong></span> <span class='ocrx_word' id='word_1_95' title='bbox 713 1553 939 1610; x_wconf 88' lang='lat' dir='ltr'><strong>contra</strong></span> <span class='ocrx_word' id='word_1_96' title='bbox 1001 1543 1200 1611; x_wconf 89' lang='lat' dir='ltr'><strong>libros</strong></span> <span class='ocrx_word' id='word_1_97' title='bbox 1261 1545 1717 1630; x_wconf 74' lang='lat' dir='ltr'><strong>(-mendaci”,</strong></span> <span class='ocrx_word' id='word_1_98' title='bbox 1778 1547 2017 1611; x_wconf 89' lang='lat' dir='ltr'><strong>omissa</strong></span> <span class='ocrx_word' id='word_1_99' title='bbox 2064 1569 2103 1611; x_wconf 88' lang='lat' dir='ltr'><strong>a</strong></span> <span class='ocrx_word' id='word_1_100' title='bbox 2152 1554 2302 1611; x_wconf 88' lang='lat' dir='ltr'><strong>ante</strong></span> <span class='ocrx_word' id='word_1_101' title='bbox 2348 1540 2731 1634; x_wconf 66' lang='grc' dir='ltr'><strong><em>αιῃωαηιίιιι)</em></strong></span> 
     </span>
     <span class='ocr_line' id='line_1_13' title="bbox 385 1647 2733 1736; baseline 0 -22"><span class='ocrx_word' id='word_1_102' title='bbox 385 1647 602 1715; x_wconf 81' lang='lat' dir='ltr'><strong>dedit:</strong></span> <span class='ocrx_word' id='word_1_103' title='bbox 670 1647 878 1714; x_wconf 80' lang='lat' dir='ltr'><strong>»l&#39;urei</strong></span> <span class='ocrx_word' id='word_1_104' title='bbox 953 1649 1286 1716; x_wconf 88' lang='lat' dir='ltr'><strong>mendacei</strong></span> <span class='ocrx_word' id='word_1_105' title='bbox 1349 1650 1833 1736; x_wconf 84' lang='lat' dir='ltr'><strong>argutamini”,</strong></span> <span class='ocrx_word' id='word_1_106' title='bbox 1911 1649 2099 1736; x_wconf 78' lang='lat' dir='ltr'><strong>longe</strong></span> <span class='ocrx_word' id='word_1_107' title='bbox 2158 1649 2441 1735; x_wconf 82' lang='lat' dir='ltr'><strong>vulgatis</strong></span> <span class='ocrx_word' id='word_1_108' title='bbox 2502 1653 2733 1734; x_wconf 77' lang='lat' dir='ltr'><strong>postpo-</strong></span> 
     </span>
     <span class='ocr_line' id='line_1_14' title="bbox 387 1753 2729 1843; baseline -0.003 -22"><span class='ocrx_word' id='word_1_109' title='bbox 387 1754 706 1829; x_wconf 80' lang='lat' dir='ltr'><strong>nendum:</strong></span> <span class='ocrx_word' id='word_1_110' title='bbox 767 1756 1186 1820; x_wconf 88' lang='lat' dir='ltr'><strong>temerarium</strong></span> <span class='ocrx_word' id='word_1_111' title='bbox 1251 1765 1581 1843; x_wconf 86' lang='lat' dir='ltr'><strong>praeterea</strong></span> <span class='ocrx_word' id='word_1_112' title='bbox 1639 1753 1899 1822; x_wconf 82' lang='lat' dir='ltr'><strong>videtur</strong></span> <span class='ocrx_word' id='word_1_113' title='bbox 1955 1763 2020 1821; x_wconf 91' lang='lat' dir='ltr'><strong>et</strong></span> <span class='ocrx_word' id='word_1_114' title='bbox 2068 1755 2177 1820; x_wconf 92' lang='lat' dir='ltr'><strong>illo</strong></span> <span class='ocrx_word' id='word_1_115' title='bbox 2238 1753 2379 1820; x_wconf 91' lang='lat' dir='ltr'><strong>loco</strong></span> <span class='ocrx_word' id='word_1_116' title='bbox 2420 1761 2487 1819; x_wconf 89' lang='lat' dir='ltr'><strong>et</strong></span> <span class='ocrx_word' id='word_1_117' title='bbox 2531 1757 2729 1818; x_wconf 82' lang='lat' dir='ltr'><strong>nostro</strong></span> 
     </span>
     <span class='ocr_line' id='line_1_15' title="bbox 383 1856 2727 1947; baseline -0.002 -23"><span class='ocrx_word' id='word_1_118' title='bbox 383 1878 420 1924; x_wconf 93' lang='lat' dir='ltr'><strong>a</strong></span> <span class='ocrx_word' id='word_1_119' title='bbox 471 1859 630 1925; x_wconf 89' lang='lat' dir='ltr'><strong>bene</strong></span> <span class='ocrx_word' id='word_1_120' title='bbox 678 1866 908 1926; x_wconf 84' lang='lat' dir='ltr'><strong>testata</strong></span> <span class='ocrx_word' id='word_1_121' title='bbox 952 1868 1018 1925; x_wconf 92' lang='lat' dir='ltr'><strong>et</strong></span> <span class='ocrx_word' id='word_1_122' title='bbox 1065 1870 1326 1947; x_wconf 83' lang='lat' dir='ltr'><strong>propter</strong></span> <span class='ocrx_word' id='word_1_123' title='bbox 1385 1860 1773 1927; x_wconf 88' lang='lat' dir='ltr'><strong>sententiam</strong></span> <span class='ocrx_word' id='word_1_124' title='bbox 1828 1880 1953 1926; x_wconf 89' lang='lat' dir='ltr'><strong>non</strong></span> <span class='ocrx_word' id='word_1_125' title='bbox 2003 1857 2423 1946; x_wconf 83' lang='lat' dir='ltr'><strong>improbanda</strong></span> <span class='ocrx_word' id='word_1_126' title='bbox 2480 1856 2727 1924; x_wconf 82' lang='lat' dir='ltr'><strong>lectione</strong></span> 
     </span>
     <span class='ocr_line' id='line_1_16' title="bbox 383 1957 2727 2052; baseline -0.002 -24"><span class='ocrx_word' id='word_1_127' title='bbox 383 1963 686 2030; x_wconf 81' lang='lat' dir='ltr'><strong>recedere</strong></span> <span class='ocrx_word' id='word_1_128' title='bbox 731 1972 994 2050; x_wconf 89' lang='lat' dir='ltr'><strong>propter</strong></span> <span class='ocrx_word' id='word_1_129' title='bbox 1033 1965 1250 2030; x_wconf 85' lang='lat' dir='ltr'><strong>animo</strong></span> <span class='ocrx_word' id='word_1_130' title='bbox 1297 1973 1448 2032; x_wconf 87' lang='lat' dir='ltr'><strong>ante</strong></span> <span class='ocrx_word' id='word_1_131' title='bbox 1485 1972 1858 2052; x_wconf 78' lang='lat' dir='ltr'><strong>conceptam</strong></span> <span class='ocrx_word' id='word_1_132' title='bbox 1898 1965 2264 2052; x_wconf 83' lang='lat' dir='ltr'><strong>opinionem</strong></span> <span class='ocrx_word' id='word_1_133' title='bbox 2305 1961 2623 2051; x_wconf 87' lang='lat' dir='ltr'><strong>quandam</strong></span> <span class='ocrx_word' id='word_1_134' title='bbox 2658 1957 2727 2023; x_wconf 87' lang='lat' dir='ltr'><strong>de</strong></span> 
     </span>
     <span class='ocr_line' id='line_1_17' title="bbox 383 2063 2727 2157; baseline -0.003 -24"><span class='ocrx_word' id='word_1_135' title='bbox 383 2070 668 2154; x_wconf 83' lang='lat' dir='ltr'><strong>puritate</strong></span> <span class='ocrx_word' id='word_1_136' title='bbox 723 2068 1134 2135; x_wconf 89' lang='lat' dir='ltr'><strong>Lucilianeae</strong></span> <span class='ocrx_word' id='word_1_137' title='bbox 1183 2070 1554 2156; x_wconf 82' lang='lat' dir='ltr'><strong>prosodiae,</strong></span> <span class='ocrx_word' id='word_1_138' title='bbox 1604 2090 1769 2157; x_wconf 85' lang='lat' dir='ltr'><strong>quae</strong></span> <span class='ocrx_word' id='word_1_139' title='bbox 1815 2090 1953 2138; x_wconf 89' lang='lat' dir='ltr'><strong>rem</strong></span> <span class='ocrx_word' id='word_1_140' title='bbox 2005 2072 2267 2157; x_wconf 87' lang='lat' dir='ltr'><strong>propius</strong></span> <span class='ocrx_word' id='word_1_141' title='bbox 2310 2063 2727 2155; x_wconf 74' lang='lat' dir='ltr'><strong>spectantibus</strong></span> 
     </span>
     <span class='ocr_line' id='line_1_18' title="bbox 387 2173 2725 2260; baseline -0.003 -22"><span class='ocrx_word' id='word_1_142' title='bbox 387 2193 514 2239; x_wconf 90' lang='lat' dir='ltr'><strong>non</strong></span> <span class='ocrx_word' id='word_1_143' title='bbox 577 2173 912 2260; x_wconf 88' lang='lat' dir='ltr'><strong>probatur.</strong></span> <span class='ocrx_word' id='word_1_144' title='bbox 991 2173 1147 2239; x_wconf 72' lang='lat' dir='ltr'><strong>nihi</strong></span> <span class='ocrx_word' id='word_1_145' title='bbox 1203 2185 1381 2241; x_wconf 83' lang='lat' dir='ltr'><strong>certe</strong></span> <span class='ocrx_word' id='word_1_146' title='bbox 1426 2173 1507 2241; x_wconf 88' lang='lat' dir='ltr'><strong>de</strong></span> <span class='ocrx_word' id='word_1_147' title='bbox 1553 2183 1693 2241; x_wconf 88' lang='lat' dir='ltr'><strong>arte</strong></span> <span class='ocrx_word' id='word_1_148' title='bbox 1754 2173 1984 2240; x_wconf 87' lang='lat' dir='ltr'><strong>Lucilii</strong></span> <span class='ocrx_word' id='word_1_149' title='bbox 2049 2174 2320 2239; x_wconf 90' lang='lat' dir='ltr'><strong>minime</strong></span> <span class='ocrx_word' id='word_1_150' title='bbox 2366 2183 2725 2259; x_wconf 82' lang='lat' dir='ltr'><strong>persuasum</strong></span> 
     </span>
     <span class='ocr_line' id='line_1_19' title="bbox 381 2276 2722 2366; baseline -0.003 -23"><span class='ocrx_word' id='word_1_151' title='bbox 381 2287 504 2343; x_wconf 90' lang='lat' dir='ltr'><strong>est.</strong></span> <span class='ocrx_word' id='word_1_152' title='bbox 601 2277 938 2344; x_wconf 83' lang='lat' dir='ltr'><strong>Scribebat</strong></span> <span class='ocrx_word' id='word_1_153' title='bbox 997 2298 1188 2366; x_wconf 86' lang='lat' dir='ltr'><strong>saepe</strong></span> <span class='ocrx_word' id='word_1_154' title='bbox 1232 2279 1399 2365; x_wconf 86' lang='lat' dir='ltr'><strong>quod</strong></span> <span class='ocrx_word' id='word_1_155' title='bbox 1449 2282 1516 2345; x_wconf 90' lang='lat' dir='ltr'><strong>in</strong></span> <span class='ocrx_word' id='word_1_156' title='bbox 1562 2279 1831 2346; x_wconf 86' lang='lat' dir='ltr'><strong>buccam</strong></span> <span class='ocrx_word' id='word_1_157' title='bbox 1880 2277 2198 2345; x_wconf 80' lang='lat' dir='ltr'><strong>veniebat.</strong></span> <span class='ocrx_word' id='word_1_158' title='bbox 2289 2276 2428 2344; x_wconf 79' lang='lat' dir='ltr'><strong>Non</strong></span> <span class='ocrx_word' id='word_1_159' title='bbox 2490 2283 2722 2341; x_wconf 86' lang='lat' dir='ltr'><strong>tantum</strong></span> 
     </span>
     <span class='ocr_line' id='line_1_20' title="bbox 381 2380 2721 2471; baseline -0.001 -26"><span class='ocrx_word' id='word_1_160' title='bbox 381 2381 578 2446; x_wconf 76' lang='lat' dir='ltr'><strong>eidem</strong></span> <span class='ocrx_word' id='word_1_161' title='bbox 619 2380 973 2470; x_wconf 82' lang='lat' dir='ltr'><strong>disyllabon</strong></span> <span class='ocrx_word' id='word_1_162' title='bbox 1024 2383 1180 2469; x_wconf 88' lang='lat' dir='ltr'><strong>(inc.</strong></span> <span class='ocrx_word' id='word_1_163' title='bbox 1235 2384 1342 2471; x_wconf 87' lang='grc'><strong>18)</strong></span> <span class='ocrx_word' id='word_1_164' title='bbox 1389 2383 1584 2451; x_wconf 86' lang='lat' dir='ltr'><strong>habet</strong></span> <span class='ocrx_word' id='word_1_165' title='bbox 1631 2384 1948 2461; x_wconf 79' lang='lat' dir='ltr'><strong>Lucilius,</strong></span> <span class='ocrx_word' id='word_1_166' title='bbox 1994 2381 2167 2471; x_wconf 88' lang='lat' dir='ltr'><strong>quod</strong></span> <span class='ocrx_word' id='word_1_167' title='bbox 2214 2383 2435 2449; x_wconf 86' lang='lat' dir='ltr'><strong>minus</strong></span> <span class='ocrx_word' id='word_1_168' title='bbox 2477 2396 2721 2454; x_wconf 87' lang='lat' dir='ltr'><strong>rarum,</strong></span> 
     </span>
     <span class='ocr_line' id='line_1_21' title="bbox 380 2484 2565 2565; baseline 0.001 -14"><span class='ocrx_word' id='word_1_169' title='bbox 380 2484 489 2551; x_wconf 82' lang='lat' dir='ltr'><strong>sed</strong></span> <span class='ocrx_word' id='word_1_170' title='bbox 535 2488 661 2552; x_wconf 77' lang='lat' dir='ltr'><strong>mei</strong></span> <span class='ocrx_word' id='word_1_171' title='bbox 706 2505 949 2553; x_wconf 74' lang='lat' dir='ltr'><strong>monos,</strong></span> <span class='ocrx_word' id='word_1_172' title='bbox 996 2487 1064 2554; x_wconf 92' lang='lat' dir='ltr'><strong>iu</strong></span> <span class='ocrx_word' id='word_1_173' title='bbox 1114 2486 1459 2555; x_wconf 87' lang='lat' dir='ltr'><strong>trochaicis</strong></span> <span class='ocrx_word' id='word_1_174' title='bbox 1508 2488 1767 2557; x_wconf 83' lang='lat' dir='ltr'>XXVII.</span> <span class='ocrx_word' id='word_1_175' title='bbox 1819 2492 1945 2565; x_wconf 70' lang='lat'><strong>25,</strong></span> <span class='ocrx_word' id='word_1_176' title='bbox 1993 2508 2129 2554; x_wconf 85' lang='lat' dir='ltr'><strong>meo</strong></span> <span class='ocrx_word' id='word_1_177' title='bbox 2177 2486 2410 2554; x_wconf 84' lang='lat' dir='ltr'>XXIX.</span> <span class='ocrx_word' id='word_1_178' title='bbox 2460 2490 2565 2553; x_wconf 80' lang='lat'><strong>58.</strong></span> 
     </span>
     <span class='ocr_line' id='line_1_22' title="bbox 559 2590 2515 2672; baseline 0.001 -16"><span class='ocrx_word' id='word_1_179' title='bbox 559 2594 671 2659; x_wconf 89' lang='grc'><strong>87.</strong></span> <span class='ocrx_word' id='word_1_180' title='bbox 721 2590 803 2658; x_wconf 84' lang='lat' dir='ltr'><strong>Et</strong></span> <span class='ocrx_word' id='word_1_181' title='bbox 848 2594 1097 2660; x_wconf 90' lang='lat' dir='ltr'><strong>circum</strong></span> <span class='ocrx_word' id='word_1_182' title='bbox 1146 2593 1418 2659; x_wconf 84' lang='lat' dir='ltr'><strong>volitant</strong></span> <span class='ocrx_word' id='word_1_183' title='bbox 1465 2592 1748 2672; x_wconf 83' lang='lat' dir='ltr'><strong>ficellae,</strong></span> <span class='ocrx_word' id='word_1_184' title='bbox 1792 2592 2008 2671; x_wconf 88' lang='lat' dir='ltr'><strong>turdi,</strong></span> <span class='ocrx_word' id='word_1_185' title='bbox 2058 2594 2272 2658; x_wconf 88' lang='lat' dir='ltr'><strong>curati</strong></span> <span class='ocrx_word' id='word_1_186' title='bbox 2320 2593 2515 2658; x_wconf 89' lang='lat' dir='ltr'><strong>cocis.</strong></span> 
     </span>
    </p>

    <p class='ocr_par' dir='ltr' id='par_1_3' title="bbox 367 2694 2721 3708">
     <span class='ocr_line' id='line_1_23' title="bbox 465 2694 2719 2785; baseline -0.002 -23"><span class='ocrx_word' id='word_1_187' title='bbox 465 2695 602 2762; x_wconf 82' lang='lat' dir='ltr'><strong>Non</strong></span> <span class='ocrx_word' id='word_1_188' title='bbox 651 2694 976 2784; x_wconf 82' lang='lat' dir='ltr'><strong>probabile</strong></span> <span class='ocrx_word' id='word_1_189' title='bbox 1020 2706 1122 2765; x_wconf 84' lang='lat' dir='ltr'><strong>est</strong></span> <span class='ocrx_word' id='word_1_190' title='bbox 1165 2697 1286 2765; x_wconf 87' lang='lat' dir='ltr'><strong>hoc</strong></span> <span class='ocrx_word' id='word_1_191' title='bbox 1333 2698 1769 2785; x_wconf 75' lang='lat' dir='ltr'><strong>fragmentum</strong></span> <span class='ocrx_word' id='word_1_192' title='bbox 1816 2717 1893 2765; x_wconf 83' lang='lat' dir='ltr'><strong>ex</strong></span> <span class='ocrx_word' id='word_1_193' title='bbox 1945 2696 2112 2762; x_wconf 89' lang='lat' dir='ltr'><strong>libro</strong></span> <span class='ocrx_word' id='word_1_194' title='bbox 2158 2696 2366 2763; x_wconf 86' lang='lat' dir='ltr'>XXIX</span> <span class='ocrx_word' id='word_1_195' title='bbox 2412 2701 2719 2779; x_wconf 80' lang='lat' dir='ltr'><strong>sumptum</strong></span> 
     </span>
     <span class='ocr_line' id='line_1_24' title="bbox 373 2793 2721 2889; baseline -0.003 -22"><span class='ocrx_word' id='word_1_196' title='bbox 373 2820 541 2880; x_wconf 87' lang='lat' dir='ltr'><strong>esse,</strong></span> <span class='ocrx_word' id='word_1_197' title='bbox 595 2803 899 2889; x_wconf 85' lang='lat' dir='ltr'><strong>quoniam</strong></span> <span class='ocrx_word' id='word_1_198' title='bbox 941 2822 1069 2867; x_wconf 94' lang='lat' dir='ltr'><strong>non</strong></span> <span class='ocrx_word' id='word_1_199' title='bbox 1110 2801 1296 2869; x_wconf 80' lang='lat' dir='ltr'><strong>facile</strong></span> <span class='ocrx_word' id='word_1_200' title='bbox 1334 2802 1823 2870; x_wconf 74' lang='lat' dir='ltr'><strong>confunduntur</strong></span> <span class='ocrx_word' id='word_1_201' title='bbox 1855 2803 2026 2870; x_wconf 87' lang='lat' dir='ltr'><strong>inter</strong></span> <span class='ocrx_word' id='word_1_202' title='bbox 2065 2822 2133 2869; x_wconf 87' lang='lat' dir='ltr'><strong>se</strong></span> <span class='ocrx_word' id='word_1_203' title='bbox 2158 2802 2417 2869; x_wconf 90' lang='lat' dir='ltr'><strong>numeri</strong></span> <span class='ocrx_word' id='word_1_204' title='bbox 2440 2793 2721 2867; x_wconf 77' lang='lat' dir='ltr'><strong>xxvms</strong></span> 
     </span>
     <span class='ocr_line' id='line_1_25' title="bbox 372 2906 2721 2996; baseline -0.003 -23"><span class='ocrx_word' id='word_1_205' title='bbox 372 2914 438 2973; x_wconf 87' lang='lat' dir='ltr'><strong>et</strong></span> <span class='ocrx_word' id='word_1_206' title='bbox 485 2907 682 2973; x_wconf 85' lang='lat' dir='ltr'>XXX.</span> <span class='ocrx_word' id='word_1_207' title='bbox 747 2907 1172 2974; x_wconf 84' lang='lat' dir='ltr'><strong>Posteriorem</strong></span> <span class='ocrx_word' id='word_1_208' title='bbox 1219 2916 1436 2974; x_wconf 85' lang='lat' dir='ltr'><strong>autem</strong></span> <span class='ocrx_word' id='word_1_209' title='bbox 1484 2928 1707 2976; x_wconf 89' lang='lat' dir='ltr'><strong>omnes</strong></span> <span class='ocrx_word' id='word_1_210' title='bbox 1746 2908 1896 2974; x_wconf 82' lang='lat' dir='ltr'><strong>libri</strong></span> <span class='ocrx_word' id='word_1_211' title='bbox 1934 2907 2123 2974; x_wconf 89' lang='lat' dir='ltr'><strong>Nonii</strong></span> <span class='ocrx_word' id='word_1_212' title='bbox 2169 2911 2352 2996; x_wconf 74' lang='lat'>(274.</span> <span class='ocrx_word' id='word_1_213' title='bbox 2410 2906 2515 2994; x_wconf 87' lang='lat'><strong>10)</strong></span> <span class='ocrx_word' id='word_1_214' title='bbox 2562 2920 2721 2992; x_wconf 84' lang='lat' dir='ltr'><strong>prae·</strong></span> 
     </span>
     <span class='ocr_line' id='line_1_26' title="bbox 374 3009 2721 3099; baseline -0.002 -22"><span class='ocrx_word' id='word_1_215' title='bbox 374 3009 546 3077; x_wconf 87' lang='lat' dir='ltr'><strong>bent.</strong></span> <span class='ocrx_word' id='word_1_216' title='bbox 616 3011 745 3078; x_wconf 86' lang='lat' dir='ltr'><strong>Cur</strong></span> <span class='ocrx_word' id='word_1_217' title='bbox 805 3010 968 3076; x_wconf 89' lang='lat' dir='ltr'><strong>libro</strong></span> <span class='ocrx_word' id='word_1_218' title='bbox 1029 3010 1234 3079; x_wconf 89' lang='lat' dir='ltr'>XXIX</span> <span class='ocrx_word' id='word_1_219' title='bbox 1295 3011 1453 3078; x_wconf 91' lang='lat' dir='ltr'><strong>haec</strong></span> <span class='ocrx_word' id='word_1_220' title='bbox 1516 3012 1911 3090; x_wconf 81' lang='lat' dir='ltr'><strong>vindicaret,</strong></span> <span class='ocrx_word' id='word_1_221' title='bbox 1972 3021 2178 3079; x_wconf 88' lang='lat' dir='ltr'><strong>metro</strong></span> <span class='ocrx_word' id='word_1_222' title='bbox 2225 3018 2556 3099; x_wconf 83' lang='lat' dir='ltr'><strong>permotus</strong></span> <span class='ocrx_word' id='word_1_223' title='bbox 2594 3023 2721 3073; x_wconf 81' lang='lat' dir='ltr'><strong>esse</strong></span> 
     </span>
     <span class='ocr_line' id='line_1_27' title="bbox 370 3115 2721 3205; baseline -0 -28"><span class='ocrx_word' id='word_1_224' title='bbox 370 3115 629 3182; x_wconf 82' lang='lat' dir='ltr'><strong>videtur</strong></span> <span class='ocrx_word' id='word_1_225' title='bbox 672 3115 1041 3183; x_wconf 74' lang='lat' dir='ltr'><strong>Muellerus,</strong></span> <span class='ocrx_word' id='word_1_226' title='bbox 1115 3119 1237 3195; x_wconf 83' lang='lat' dir='ltr'><strong>At,</strong></span> <span class='ocrx_word' id='word_1_227' title='bbox 1287 3120 1554 3203; x_wconf 87' lang='lat' dir='ltr'><strong>opinor,</strong></span> <span class='ocrx_word' id='word_1_228' title='bbox 1603 3116 1762 3183; x_wconf 87' lang='lat' dir='ltr'><strong>haec</strong></span> <span class='ocrx_word' id='word_1_229' title='bbox 1808 3116 2130 3205; x_wconf 80' lang='lat' dir='ltr'><strong>dactylico</strong></span> <span class='ocrx_word' id='word_1_230' title='bbox 2178 3126 2452 3203; x_wconf 84' lang='lat' dir='ltr'><strong>possunt</strong></span> <span class='ocrx_word' id='word_1_231' title='bbox 2494 3129 2721 3182; x_wconf 86' lang='lat' dir='ltr'><strong>accom-</strong></span> 
     </span>
     <span class='ocr_line' id='line_1_28' title="bbox 367 3217 2719 3307; baseline -0.001 -23"><span class='ocrx_word' id='word_1_232' title='bbox 367 3218 639 3285; x_wconf 88' lang='lat' dir='ltr'><strong>modari.</strong></span> <span class='ocrx_word' id='word_1_233' title='bbox 711 3217 967 3287; x_wconf 87' lang='lat' dir='ltr'><strong>Scilicet</strong></span> <span class='ocrx_word' id='word_1_234' title='bbox 1031 3220 1208 3289; x_wconf 88' lang='lat' dir='ltr'><strong>turdi</strong></span> <span class='ocrx_word' id='word_1_235' title='bbox 1271 3222 1482 3288; x_wconf 83' lang='lat' dir='ltr'><strong>curati</strong></span> <span class='ocrx_word' id='word_1_236' title='bbox 1531 3222 1758 3307; x_wconf 85' lang='lat' dir='ltr'><strong>coquis</strong></span> <span class='ocrx_word' id='word_1_237' title='bbox 1803 3220 2405 3289; x_wconf 81' lang='lat' dir='ltr'><strong>circumvolitantes</strong></span> <span class='ocrx_word' id='word_1_238' title='bbox 2473 3223 2535 3287; x_wconf 90' lang='lat' dir='ltr'><strong>in</strong></span> <span class='ocrx_word' id='word_1_239' title='bbox 2598 3234 2719 3282; x_wconf 89' lang='lat' dir='ltr'><strong>me-</strong></span> 
     </span>
     <span class='ocr_line' id='line_1_29' title="bbox 371 3320 2719 3411; baseline -0.002 -23"><span class='ocrx_word' id='word_1_240' title='bbox 371 3324 645 3390; x_wconf 88' lang='lat' dir='ltr'><strong>moriam</strong></span> <span class='ocrx_word' id='word_1_241' title='bbox 716 3322 1035 3391; x_wconf 86' lang='lat' dir='ltr'><strong>reducuut</strong></span> <span class='ocrx_word' id='word_1_242' title='bbox 1096 3326 1561 3411; x_wconf 86' lang='lat' dir='ltr'><strong>descriptiones</strong></span> <span class='ocrx_word' id='word_1_243' title='bbox 1620 3327 1803 3393; x_wconf 87' lang='lat' dir='ltr'><strong>aurei</strong></span> <span class='ocrx_word' id='word_1_244' title='bbox 1872 3327 2048 3404; x_wconf 83' lang='lat' dir='ltr'><strong>aevi,</strong></span> <span class='ocrx_word' id='word_1_245' title='bbox 2117 3324 2423 3393; x_wconf 88' lang='lat' dir='ltr'><strong>omnibus</strong></span> <span class='ocrx_word' id='word_1_246' title='bbox 2490 3320 2719 3392; x_wconf 82' lang='lat' dir='ltr'><strong>deliciis</strong></span> 
     </span>
     <span class='ocr_line' id='line_1_30' title="bbox 371 3425 2717 3516; baseline -0.001 -22"><span class='ocrx_word' id='word_1_247' title='bbox 371 3427 721 3506; x_wconf 84' lang='lat' dir='ltr'><strong>affluentis,</strong></span> <span class='ocrx_word' id='word_1_248' title='bbox 781 3449 909 3515; x_wconf 85' lang='lat' dir='ltr'><strong>quo</strong></span> <span class='ocrx_word' id='word_1_249' title='bbox 968 3429 1190 3513; x_wconf 73' lang='grc' dir='ltr'><strong><em>ἄρουρα</em></strong></span> <span class='ocrx_word' id='word_1_250' title='bbox 1246 3430 1576 3511; x_wconf 73' lang='grc' dir='ltr'><strong><em>αὐτομάτη</em></strong></span> <span class='ocrx_word' id='word_1_251' title='bbox 1636 3431 1854 3496; x_wconf 87' lang='lat' dir='ltr'><strong>omnia</strong></span> <span class='ocrx_word' id='word_1_252' title='bbox 1911 3429 2075 3497; x_wconf 91' lang='lat' dir='ltr'><strong>bona</strong></span> <span class='ocrx_word' id='word_1_253' title='bbox 2144 3430 2418 3516; x_wconf 84' lang='lat' dir='ltr'><strong>largiter</strong></span> <span class='ocrx_word' id='word_1_254' title='bbox 2484 3438 2546 3496; x_wconf 88' lang='lat' dir='ltr'><strong>et</strong></span> <span class='ocrx_word' id='word_1_255' title='bbox 2594 3425 2717 3491; x_wconf 82' lang='lat' dir='ltr'><strong>siue</strong></span> 
     </span>
     <span class='ocr_line' id='line_1_31' title="bbox 367 3530 2719 3622; baseline -0.002 -22"><span class='ocrx_word' id='word_1_256' title='bbox 367 3533 585 3601; x_wconf 81' lang='lat' dir='ltr'><strong>labore</strong></span> <span class='ocrx_word' id='word_1_257' title='bbox 642 3533 914 3612; x_wconf 74' lang='lat' dir='ltr'><strong>ferebat,</strong></span> <span class='ocrx_word' id='word_1_258' title='bbox 974 3534 1392 3622; x_wconf 87' lang='lat' dir='ltr'><strong>hominesque</strong></span> <span class='ocrx_word' id='word_1_259' title='bbox 1455 3536 1734 3618; x_wconf 77' lang='grc' dir='ltr'><strong>τέρποντ’</strong></span> <span class='ocrx_word' id='word_1_260' title='bbox 1794 3537 1856 3601; x_wconf 75' lang='grc' dir='ltr'><strong>ἐν</strong></span> <span class='ocrx_word' id='word_1_261' title='bbox 1916 3536 2164 3620; x_wconf 57' lang='lat' dir='ltr'><strong>amalfia-1</strong></span> <span class='ocrx_word' id='word_1_262' title='bbox 2212 3543 2419 3603; x_wconf 77' lang='grc' dir='ltr'><strong><em>κακῶν</em></strong></span> <span class='ocrx_word' id='word_1_263' title='bbox 2467 3530 2719 3600; x_wconf 77' lang='grc' dir='ltr'><strong><em>ἔκτοσθεν</em></strong></span> 
     </span>
     <span class='ocr_line' id='line_1_32' title="bbox 370 3638 2719 3708; baseline -0.003 -3"><span class='ocrx_word' id='word_1_264' title='bbox 370 3639 685 3705; x_wconf 72' lang='grc' dir='ltr'><strong><em>ἁπάντων.</em></strong></span> <span class='ocrx_word' id='word_1_265' title='bbox 757 3639 934 3707; x_wconf 84' lang='lat' dir='ltr'><strong>Hanc</strong></span> <span class='ocrx_word' id='word_1_266' title='bbox 980 3638 1328 3707; x_wconf 87' lang='lat' dir='ltr'><strong>heluonnm</strong></span> <span class='ocrx_word' id='word_1_267' title='bbox 1375 3639 1748 3707; x_wconf 80' lang='lat' dir='ltr'><strong>felicitatem</strong></span> <span class='ocrx_word' id='word_1_268' title='bbox 1792 3639 2072 3708; x_wconf 81' lang='lat' dir='ltr'><strong>Graecae</strong></span> <span class='ocrx_word' id='word_1_269' title='bbox 2117 3640 2488 3708; x_wconf 88' lang='lat' dir='ltr'><strong>comoediae</strong></span> <span class='ocrx_word' id='word_1_270' title='bbox 2527 3642 2719 3706; x_wconf 81' lang='lat' dir='ltr'><strong>aucto·</strong></span> 
     </span>
    </p>
   </div>
   <div class='ocr_carea' id='block_1_3' title="bbox 2822 35 2859 3808">
    <p class='ocr_par' dir='ltr' id='par_1_4' title="bbox 2822 35 2859 3808">
     <span class='ocr_line' id='line_1_33' title="bbox 2822 35 2859 3808; baseline 0 0"><span class='ocrx_word' id='word_1_271' title='bbox 2822 35 2859 3808; x_wconf 95' lang='lat' dir='ltr'><strong> </strong></span> 
     </span>
    </p>
   </div>
   <div class='ocr_carea' id='block_1_4' title="bbox 366 3742 2841 4262">
    <p class='ocr_par' dir='ltr' id='par_1_5' title="bbox 366 3742 2841 4262">
     <span class='ocr_line' id='line_1_34' title="bbox 369 3742 2841 3831; baseline 0.001 -23"><span class='ocrx_word' id='word_1_272' title='bbox 369 3762 475 3809; x_wconf 87' lang='lat' dir='ltr'><strong>res</strong></span> <span class='ocrx_word' id='word_1_273' title='bbox 520 3742 818 3810; x_wconf 86' lang='lat' dir='ltr'><strong>certatim</strong></span> <span class='ocrx_word' id='word_1_274' title='bbox 858 3743 1301 3823; x_wconf 83' lang='lat' dir='ltr'><strong>celebrarunt,</strong></span> <span class='ocrx_word' id='word_1_275' title='bbox 1347 3765 1511 3831; x_wconf 84' lang='lat' dir='ltr'><strong>quos</strong></span> <span class='ocrx_word' id='word_1_276' title='bbox 1535 3753 1828 3812; x_wconf 86' lang='lat' dir='ltr'><strong>recenset</strong></span> <span class='ocrx_word' id='word_1_277' title='bbox 1852 3744 2221 3813; x_wconf 80' lang='lat' dir='ltr'><strong>Athenaeus</strong></span> <span class='ocrx_word' id='word_1_278' title='bbox 2247 3745 2360 3812; x_wconf 90' lang='lat' dir='ltr'><strong>Vl.</strong></span> <span class='ocrx_word' id='word_1_279' title='bbox 2391 3750 2550 3822; x_wconf 79' lang='lat'><strong>267,</strong></span> <span class='ocrx_word' id='word_1_280' title='bbox 2592 3757 2713 3824; x_wconf 78' lang='lat' dir='ltr'><strong>sqq·</strong></span> <span class='ocrx_word' id='word_1_281' title='bbox 2840 3763 2841 3820; x_wconf 74' lang='lat'>1</span> 
     </span>
     <span class='ocr_line' id='line_1_35' title="bbox 370 3840 2841 3933; baseline -0.001 -20"><span class='ocrx_word' id='word_1_282' title='bbox 370 3847 824 3914; x_wconf 81' lang='lat' dir='ltr'><strong>Pherecrates:</strong></span> <span class='ocrx_word' id='word_1_283' title='bbox 890 3850 1160 3929; x_wconf 73' lang='grc' dir='ltr'><strong><em>ποταμοὶ</em></strong></span> <span class='ocrx_word' id='word_1_284' title='bbox 1220 3852 1335 3928; x_wconf 80' lang='grc' dir='ltr'><strong>μὲν</strong></span> <span class='ocrx_word' id='word_1_285' title='bbox 1395 3849 1624 3933; x_wconf 68' lang='grc' dir='ltr'><strong><em>ἀθάρης</em></strong></span> <span class='ocrx_word' id='word_1_286' title='bbox 1668 3850 1773 3914; x_wconf 82' lang='grc' dir='ltr'><strong><em>καὶ</em></strong></span> <span class='ocrx_word' id='word_1_287' title='bbox 1823 3850 2089 3929; x_wconf 77' lang='grc' dir='ltr'><strong><em>μέλανος</em></strong></span> <span class='ocrx_word' id='word_1_288' title='bbox 2140 3850 2343 3931; x_wconf 80' lang='grc' dir='ltr'><strong><em>ζωμοῦ</em></strong></span> <span class='ocrx_word' id='word_1_289' title='bbox 2392 3849 2556 3932; x_wconf 68' lang='grc' dir='ltr'><strong>πλέῳ</strong></span> <span class='ocrx_word' id='word_1_290' title='bbox 2596 3840 2717 3910; x_wconf 70' lang='grc' dir='ltr'><strong>Διὸ</strong></span> <span class='ocrx_word' id='word_1_291' title='bbox 2840 3861 2841 3928; x_wconf 64' lang='lat'>3</span> 
     </span>
     <span class='ocr_line' id='line_1_36' title="bbox 366 3945 2841 4038; baseline 0.002 -20"><span class='ocrx_word' id='word_1_292' title='bbox 366 3958 485 4019; x_wconf 77' lang='grc' dir='ltr'><strong>τῶν</strong></span> <span class='ocrx_word' id='word_1_293' title='bbox 527 3959 846 4019; x_wconf 73' lang='grc' dir='ltr'><strong>στενωπῶν</strong></span> <span class='ocrx_word' id='word_1_294' title='bbox 885 3960 1438 4038; x_wconf 75' lang='grc' dir='ltr'><strong><em>πομφολυγοῦντες</em></strong></span> <span class='ocrx_word' id='word_1_295' title='bbox 1488 3954 1673 4038; x_wconf 81' lang='grc' dir='ltr'><strong><em>ἔρρεον</em></strong></span> <span class='ocrx_word' id='word_1_296' title='bbox 1716 3957 1988 4022; x_wconf 80' lang='grc' dir='ltr'><strong><em>Λῦταῒσι</em></strong></span> <span class='ocrx_word' id='word_1_297' title='bbox 2033 3958 2430 4034; x_wconf 75' lang='grc' dir='ltr'><strong><em>μυστίλαισι.</em></strong></span> <span class='ocrx_word' id='word_1_298' title='bbox 2474 3989 2559 4004; x_wconf 88' lang='grc'><strong>-·</strong></span> <span class='ocrx_word' id='word_1_299' title='bbox 2600 3945 2715 4014; x_wconf 67' lang='lat'><strong>0²5·</strong></span> <span class='ocrx_word' id='word_1_300' title='bbox 2840 3971 2841 3988; x_wconf 66' lang='lat'>¹</span> 
     </span>
     <span class='ocr_line' id='line_1_37' title="bbox 370 4050 2841 4146; baseline -0.001 -23"><span class='ocrx_word' id='word_1_301' title='bbox 370 4079 518 4123; x_wconf 83' lang='grc' dir='ltr'><strong><em>σκαι</em></strong></span> <span class='ocrx_word' id='word_1_302' title='bbox 579 4056 642 4122; x_wconf 76' lang='grc' dir='ltr'><strong>δὲ</strong></span> <span class='ocrx_word' id='word_1_303' title='bbox 701 4058 806 4123; x_wconf 77' lang='grc' dir='ltr'><strong><em>καὶ</em></strong></span> <span class='ocrx_word' id='word_1_304' title='bbox 865 4058 1098 4139; x_wconf 77' lang='grc' dir='ltr'><strong><em>ζέοντες</em></strong></span> <span class='ocrx_word' id='word_1_305' title='bbox 1142 4058 1473 4125; x_wconf 69' lang='grc' dir='ltr'><strong><em>ἀλλάντων</em></strong></span> <span class='ocrx_word' id='word_1_306' title='bbox 1523 4058 1702 4139; x_wconf 82' lang='grc' dir='ltr'><strong><em>τόμοι</em></strong></span> <span class='ocrx_word' id='word_1_307' title='bbox 1750 4059 1937 4141; x_wconf 70' lang='grc' dir='ltr'><strong><em>Παρὰ</em></strong></span> <span class='ocrx_word' id='word_1_308' title='bbox 1985 4068 2114 4134; x_wconf 81' lang='grc' dir='ltr'><strong><em>τοῖς</em></strong></span> <span class='ocrx_word' id='word_1_309' title='bbox 2161 4069 2473 4141; x_wconf 76' lang='grc' dir='ltr'><strong><em>ποταμοῖς</em></strong></span> <span class='ocrx_word' id='word_1_310' title='bbox 2514 4050 2710 4137; x_wconf 76' lang='grc' dir='ltr'><strong><em>σίζοντ”</em></strong></span> <span class='ocrx_word' id='word_1_311' title='bbox 2840 4063 2841 4146; x_wconf 61' lang='lat' dir='ltr'>J</span> 
     </span>
     <span class='ocr_line' id='line_1_38' title="bbox 369 4156 2841 4262; baseline 0 -34"><span class='ocrx_word' id='word_1_312' title='bbox 369 4161 652 4243; x_wconf 76' lang='grc' dir='ltr'><strong><em>ἑκέχυντ’</em></strong></span> <span class='ocrx_word' id='word_1_313' title='bbox 676 4162 812 4228; x_wconf 71' lang='grc' dir='ltr'><strong><em>ἄντ’</em></strong></span> <span class='ocrx_word' id='word_1_314' title='bbox 835 4163 1165 4247; x_wconf 69' lang='grc' dir='ltr'><strong><em>ὀστράκων.</em></strong></span> <span class='ocrx_word' id='word_1_315' title='bbox 1192 4164 1295 4241; x_wconf 82' lang='lat' dir='ltr'><strong>Et,</strong></span> <span class='ocrx_word' id='word_1_316' title='bbox 1320 4164 1490 4250; x_wconf 85' lang='lat' dir='ltr'><strong>quod</strong></span> <span class='ocrx_word' id='word_1_317' title='bbox 1518 4166 1781 4252; x_wconf 83' lang='lat' dir='ltr'><strong>propius</strong></span> <span class='ocrx_word' id='word_1_318' title='bbox 1808 4163 1889 4230; x_wconf 83' lang='lat' dir='ltr'><strong>ad</strong></span> <span class='ocrx_word' id='word_1_319' title='bbox 1920 4173 2217 4232; x_wconf 83' lang='lat' dir='ltr'><strong>nostrum</strong></span> <span class='ocrx_word' id='word_1_320' title='bbox 2239 4165 2453 4233; x_wconf 85' lang='lat' dir='ltr'><strong>locum</strong></span> <span class='ocrx_word' id='word_1_321' title='bbox 2474 4156 2714 4230; x_wconf 58' lang='lat' dir='ltr'><strong>accedit:</strong></span> <span class='ocrx_word' id='word_1_322' title='bbox 2840 4241 2841 4262; x_wconf 23' lang='lat'>¹</span> 
     </span>
    </p>
   </div>
   <div class='ocr_carea' id='block_1_5' title="bbox 728 4268 2419 4453">
    <p class='ocr_par' dir='ltr' id='par_1_6' title="bbox 728 4268 2419 4453">
     <span class='ocr_line' id='line_1_39' title="bbox 728 4268 2266 4352; baseline 0.003 -20"><span class='ocrx_word' id='word_1_323' title='bbox 728 4268 917 4333; x_wconf 77' lang='grc' dir='ltr'><strong><em>ὀπταὶ</em></strong></span> <span class='ocrx_word' id='word_1_324' title='bbox 964 4269 1191 4349; x_wconf 78' lang='grc' dir='ltr'><strong><em>κίχλαι</em></strong></span> <span class='ocrx_word' id='word_1_325' title='bbox 1233 4271 1357 4350; x_wconf 74' lang='grc' dir='ltr'><strong><em>γὰρ</em></strong></span> <span class='ocrx_word' id='word_1_326' title='bbox 1402 4271 1489 4345; x_wconf 78' lang='grc' dir='ltr'><strong>εἰς</strong></span> <span class='ocrx_word' id='word_1_327' title='bbox 1535 4268 1889 4352; x_wconf 69' lang='grc' dir='ltr'><strong><em>ἀνάβραστ’</em></strong></span> <span class='ocrx_word' id='word_1_328' title='bbox 1936 4269 2266 4352; x_wconf 77' lang='grc' dir='ltr'><strong><em>ἠρτυμέναι</em></strong></span> 
     </span>
     <span class='ocr_line' id='line_1_40' title="bbox 732 4371 2419 4453; baseline 0.001 -15"><span class='ocrx_word' id='word_1_329' title='bbox 732 4372 864 4453; x_wconf 73' lang='grc' dir='ltr'><strong><em>περὶ</em></strong></span> <span class='ocrx_word' id='word_1_330' title='bbox 909 4373 980 4437; x_wconf 77' lang='grc' dir='ltr'><strong>τὸ</strong></span> <span class='ocrx_word' id='word_1_331' title='bbox 1027 4371 1208 4449; x_wconf 82' lang='grc' dir='ltr'><strong><em>στόμ’</em></strong></span> <span class='ocrx_word' id='word_1_332' title='bbox 1256 4373 1530 4442; x_wconf 71' lang='grc' dir='ltr'><strong><em>ἐπέτοντ’</em></strong></span> <span class='ocrx_word' id='word_1_333' title='bbox 1580 4374 2016 4453; x_wconf 63' lang='grc' dir='ltr'><strong><em>ἀντιβολοῦσαι</em></strong></span> <span class='ocrx_word' id='word_1_334' title='bbox 2063 4383 2419 4442; x_wconf 74' lang='grc' dir='ltr'><strong><em>καταπιεῖν.</em></strong></span> 
     </span>
    </p>
   </div>
  </div>
 </body>
</html>
