<?xml version="1.0" encoding="UTF-8"?>
<!DOCTYPE html PUBLIC "-//W3C//DTD XHTML 1.0 Transitional//EN"
    "http://www.w3.org/TR/xhtml1/DTD/xhtml1-transitional.dtd">
<html xmlns="http://www.w3.org/1999/xhtml" xml:lang="en" lang="en">
 <head>
  <title>
</title>
<meta http-equiv="Content-Type" content="text/html;charset=utf-8" />
  <meta name='ocr-system' content='tesseract 3.04.00' />
  <meta name='ocr-capabilities' content='ocr_page ocr_carea ocr_par ocr_line ocrx_word'/>
</head>
<body>
  <div class='ocr_page' id='page_1' title='image "./mnemosynebiblio09servgoog/mnemosynebiblio09servgoog_0887.png"; bbox 0 0 2934 5050; ppageno 0'>
   <div class='ocr_carea' id='block_1_1' title="bbox 888 265 2609 336">
    <p class='ocr_par' dir='ltr' id='par_1_1' title="bbox 888 265 2609 336">
     <span class='ocr_line' id='line_1_1' title="bbox 888 265 2609 336; baseline -0.001 -1"><span class='ocrx_word' id='word_1_1' title='bbox 888 286 976 335; x_wconf 71' lang='lat' dir='ltr'><strong>An</strong></span> <span class='ocrx_word' id='word_1_2' title='bbox 1019 283 1481 336; x_wconf 67' lang='lat' dir='ltr'><strong>mmomcnu</strong></span> <span class='ocrx_word' id='word_1_3' title='bbox 1525 284 1917 334; x_wconf 63' lang='lat' dir='ltr'><strong>mmmmm.</strong></span> <span class='ocrx_word' id='word_1_4' title='bbox 2477 265 2609 334; x_wconf 81' lang='lat'><strong>315</strong></span> 
     </span>
    </p>
   </div>
   <div class='ocr_carea' id='block_1_2' title="bbox 226 425 2629 4430">
    <p class='ocr_par' dir='ltr' id='par_1_2' title="bbox 235 425 2563 753">
     <span class='ocr_line' id='line_1_2' title="bbox 510 425 2333 536; baseline -0.002 -14"><span class='ocrx_word' id='word_1_5' title='bbox 510 425 626 534; x_wconf 56' lang='lat'><strong>„322</strong></span> <span class='ocrx_word' id='word_1_6' title='bbox 670 455 758 523; x_wconf 75' lang='grc' dir='ltr'><strong>τοὶ</strong></span> <span class='ocrx_word' id='word_1_7' title='bbox 796 457 910 534; x_wconf 78' lang='grc' dir='ltr'><em>μὲν</em></span> <span class='ocrx_word' id='word_1_8' title='bbox 950 457 1018 520; x_wconf 73' lang='grc' dir='ltr'><strong>ἐκ</strong></span> <span class='ocrx_word' id='word_1_9' title='bbox 1056 456 1301 536; x_wconf 79' lang='grc' dir='ltr'><em>κήποιο,</em></span> <span class='ocrx_word' id='word_1_10' title='bbox 1353 456 1451 530; x_wconf 73' lang='grc' dir='ltr'><strong>τοὶ</strong></span> <span class='ocrx_word' id='word_1_11' title='bbox 1499 456 1551 521; x_wconf 87' lang='grc' dir='ltr'><strong>δ’</strong></span> <span class='ocrx_word' id='word_1_12' title='bbox 1602 454 1892 534; x_wconf 75' lang='grc' dir='ltr'><strong>ὑμετέρης</strong></span> <span class='ocrx_word' id='word_1_13' title='bbox 1941 454 2067 518; x_wconf 68' lang='grc' dir='ltr'><strong>ἀπὸ</strong></span> <span class='ocrx_word' id='word_1_14' title='bbox 2110 454 2333 535; x_wconf 84' lang='grc' dir='ltr'><em>πέτρης</em></span> 
     </span>
     <span class='ocr_line' id='line_1_3' title="bbox 597 557 2109 640; baseline -0.003 -13"><span class='ocrx_word' id='word_1_15' title='bbox 597 560 765 640; x_wconf 74' lang='grc' dir='ltr'><em>δέξο,</em></span> <span class='ocrx_word' id='word_1_16' title='bbox 815 560 921 626; x_wconf 80' lang='grc' dir='ltr'><strong>καὶ</strong></span> <span class='ocrx_word' id='word_1_17' title='bbox 968 561 1303 634; x_wconf 68' lang='grc' dir='ltr'><strong>ἀντιδιδοὺς</strong></span> <span class='ocrx_word' id='word_1_18' title='bbox 1353 561 1449 635; x_wconf 81' lang='grc' dir='ltr'><strong>δὸς</strong></span> <span class='ocrx_word' id='word_1_19' title='bbox 1498 560 1685 627; x_wconf 79' lang='grc' dir='ltr'><em>πλέον</em></span> <span class='ocrx_word' id='word_1_20' title='bbox 1731 557 1807 625; x_wconf 78' lang='grc' dir='ltr'><em>ὧν</em></span> <span class='ocrx_word' id='word_1_21' title='bbox 1858 557 2109 637; x_wconf 78' lang='grc' dir='ltr'><em>ἔλαβες.</em></span> 
     </span>
     <span class='ocr_line' id='line_1_4' title="bbox 235 663 2563 753; baseline -0 -20"><span class='ocrx_word' id='word_1_22' title='bbox 235 666 476 734; x_wconf 85' lang='lat' dir='ltr'><strong>Putido</strong></span> <span class='ocrx_word' id='word_1_23' title='bbox 523 687 728 734; x_wconf 86' lang='lat' dir='ltr'><strong>errore</strong></span> <span class='ocrx_word' id='word_1_24' title='bbox 770 666 974 733; x_wconf 84' lang='lat' dir='ltr'><strong>libera</strong></span> <span class='ocrx_word' id='word_1_25' title='bbox 1017 687 1112 733; x_wconf 80' lang='lat' dir='ltr'><strong>vs.</strong></span> <span class='ocrx_word' id='word_1_26' title='bbox 1161 667 1460 751; x_wconf 89' lang='lat' dir='ltr'><strong>quintum</strong></span> <span class='ocrx_word' id='word_1_27' title='bbox 1509 663 1877 753; x_wconf 81' lang='lat' dir='ltr'><strong>corrigendo</strong></span> <span class='ocrx_word' id='word_1_28' title='bbox 1919 663 1999 730; x_wconf 78' lang='grc' dir='ltr'><strong>τὸ</strong></span> <span class='ocrx_word' id='word_1_29' title='bbox 2046 683 2161 749; x_wconf 88' lang='lat' dir='ltr'><strong>pro</strong></span> <span class='ocrx_word' id='word_1_30' title='bbox 2207 665 2405 734; x_wconf 82' lang='lat' dir='ltr'><strong>altero</strong></span> <span class='ocrx_word' id='word_1_31' title='bbox 2451 668 2563 733; x_wconf 80' lang='grc' dir='ltr'><em>τα.</em></span> 
     </span>
    </p>

    <p class='ocr_par' dir='ltr' id='par_1_3' title="bbox 323 769 919 861">
     <span class='ocr_line' id='line_1_5' title="bbox 323 769 919 861; baseline -0.005 -23"><span class='ocrx_word' id='word_1_32' title='bbox 323 772 544 861; x_wconf 78' lang='lat' dir='ltr'><strong>Epigr.</strong></span> <span class='ocrx_word' id='word_1_33' title='bbox 597 769 706 837; x_wconf 83' lang='lat'><strong>43.</strong></span> <span class='ocrx_word' id='word_1_34' title='bbox 754 770 797 837; x_wconf 80' lang='lat'>2</span> <span class='ocrx_word' id='word_1_35' title='bbox 826 792 919 856; x_wconf 89' lang='lat' dir='ltr'><strong>sq.</strong></span> 
     </span>
    </p>

    <p class='ocr_par' dir='ltr' id='par_1_4' title="bbox 550 874 2273 1066">
     <span class='ocr_line' id='line_1_6' title="bbox 1665 874 1998 957; baseline -0.003 -17"><span class='ocrx_word' id='word_1_36' title='bbox 1665 874 1998 957; x_wconf 69' lang='grc' dir='ltr'><em>βάτραχον</em></span> 
     </span>
     <span class='ocr_line' id='line_1_7' title="bbox 550 978 2273 1066; baseline -0.002 -17"><span class='ocrx_word' id='word_1_37' title='bbox 550 984 840 1064; x_wconf 75' lang='grc' dir='ltr'><em>χαλκῷ</em></span> <span class='ocrx_word' id='word_1_38' title='bbox 886 984 1327 1066; x_wconf 80' lang='grc' dir='ltr'><em>μορφώσας</em></span> <span class='ocrx_word' id='word_1_39' title='bbox 1373 1005 1465 1056; x_wconf 88' lang='grc' dir='ltr'><strong>τις</strong></span> <span class='ocrx_word' id='word_1_40' title='bbox 1515 979 1809 1061; x_wconf 76' lang='grc' dir='ltr'><em>ὃδοιπδρος</em></span> <span class='ocrx_word' id='word_1_41' title='bbox 1857 978 2038 1060; x_wconf 81' lang='grc' dir='ltr'><em>εὖχος</em></span> <span class='ocrx_word' id='word_1_42' title='bbox 2086 979 2273 1056; x_wconf 73' lang='grc' dir='ltr'><em>ἔθηκε</em></span> 
     </span>
    </p>

    <p class='ocr_par' dir='ltr' id='par_1_5' title="bbox 226 1085 2617 2436">
     <span class='ocr_line' id='line_1_8' title="bbox 327 1085 2610 1174; baseline 0.001 -20"><span class='ocrx_word' id='word_1_43' title='bbox 327 1086 495 1168; x_wconf 82' lang='lat' dir='ltr'><strong>Quia</strong></span> <span class='ocrx_word' id='word_1_44' title='bbox 555 1108 763 1156; x_wconf 87' lang='lat' dir='ltr'><strong>sermo</strong></span> <span class='ocrx_word' id='word_1_45' title='bbox 822 1092 918 1153; x_wconf 88' lang='lat' dir='ltr'><strong>est</strong></span> <span class='ocrx_word' id='word_1_46' title='bbox 973 1087 1050 1154; x_wconf 90' lang='lat' dir='ltr'><strong>de</strong></span> <span class='ocrx_word' id='word_1_47' title='bbox 1094 1108 1248 1154; x_wconf 87' lang='lat' dir='ltr'><strong>rana</strong></span> <span class='ocrx_word' id='word_1_48' title='bbox 1291 1109 1363 1152; x_wconf 66' lang='lat' dir='ltr'><strong>ea·</strong></span> <span class='ocrx_word' id='word_1_49' title='bbox 1406 1108 1545 1151; x_wconf 78' lang='lat' dir='ltr'><strong>aere</strong></span> <span class='ocrx_word' id='word_1_50' title='bbox 1568 1087 1760 1172; x_wconf 78' lang='lat' dir='ltr'><strong>faeta</strong></span> <span class='ocrx_word' id='word_1_51' title='bbox 1806 1085 2072 1174; x_wconf 89' lang='lat' dir='ltr'><strong>(lemma</strong></span> <span class='ocrx_word' id='word_1_52' title='bbox 2114 1086 2307 1153; x_wconf 87' lang='lat' dir='ltr'><strong>habet</strong></span> <span class='ocrx_word' id='word_1_53' title='bbox 2353 1088 2440 1161; x_wconf 77' lang='grc' dir='ltr'><em>εἷς</em></span> <span class='ocrx_word' id='word_1_54' title='bbox 2483 1088 2610 1168; x_wconf 74' lang='grc' dir='ltr'><em>βοὶ·</em></span> 
     </span>
     <span class='ocr_line' id='line_1_9' title="bbox 231 1188 2613 1279; baseline 0.001 -21"><span class='ocrx_word' id='word_1_55' title='bbox 231 1216 470 1275; x_wconf 79' lang='grc' dir='ltr'><em>τραχον</em></span> <span class='ocrx_word' id='word_1_56' title='bbox 524 1197 806 1275; x_wconf 75' lang='grc' dir='ltr'><em>χαλκοῦν</em></span> <span class='ocrx_word' id='word_1_57' title='bbox 865 1193 1041 1279; x_wconf 62' lang='lat' dir='ltr'><strong>xri),</strong></span> <span class='ocrx_word' id='word_1_58' title='bbox 1096 1194 1405 1259; x_wconf 86' lang='lat' dir='ltr'><strong>sermonis</strong></span> <span class='ocrx_word' id='word_1_59' title='bbox 1448 1193 1612 1257; x_wconf 85' lang='lat' dir='ltr'><strong>ratio</strong></span> <span class='ocrx_word' id='word_1_60' title='bbox 1654 1191 1935 1277; x_wconf 86' lang='lat' dir='ltr'><strong>postulat</strong></span> <span class='ocrx_word' id='word_1_61' title='bbox 1979 1188 2369 1259; x_wconf 78' lang='lat' dir='ltr'><strong>Genetivum</strong></span> <span class='ocrx_word' id='word_1_62' title='bbox 2411 1199 2613 1262; x_wconf 89' lang='lat' dir='ltr'><strong>mate-</strong></span> 
     </span>
     <span class='ocr_line' id='line_1_10' title="bbox 230 1296 2615 1386; baseline 0 -20"><span class='ocrx_word' id='word_1_63' title='bbox 230 1301 390 1379; x_wconf 84' lang='lat' dir='ltr'><strong>riei,</strong></span> <span class='ocrx_word' id='word_1_64' title='bbox 458 1303 811 1380; x_wconf 71' lang='grc' dir='ltr'><em>χαλκοῢ.</em></span> <span class='ocrx_word' id='word_1_65' title='bbox 896 1297 1171 1381; x_wconf 87' lang='lat' dir='ltr'><strong>Recepta</strong></span> <span class='ocrx_word' id='word_1_66' title='bbox 1235 1301 1331 1364; x_wconf 89' lang='lat' dir='ltr'><strong>est</strong></span> <span class='ocrx_word' id='word_1_67' title='bbox 1392 1298 1816 1382; x_wconf 84' lang='lat' dir='ltr'><strong>superscripta</strong></span> <span class='ocrx_word' id='word_1_68' title='bbox 1869 1296 2060 1362; x_wconf 89' lang='lat' dir='ltr'><strong>lectio</strong></span> <span class='ocrx_word' id='word_1_69' title='bbox 2116 1297 2452 1379; x_wconf 73' lang='grc' dir='ltr'><strong>μορφώσας</strong></span> <span class='ocrx_word' id='word_1_70' title='bbox 2499 1320 2615 1386; x_wconf 86' lang='lat' dir='ltr'><strong>pro</strong></span> 
     </span>
     <span class='ocr_line' id='line_1_11' title="bbox 231 1399 2614 1491; baseline 0 -20"><span class='ocrx_word' id='word_1_71' title='bbox 231 1424 313 1471; x_wconf 90' lang='lat' dir='ltr'><strong>eo</strong></span> <span class='ocrx_word' id='word_1_72' title='bbox 357 1403 527 1491; x_wconf 90' lang='lat' dir='ltr'><strong>quod</strong></span> <span class='ocrx_word' id='word_1_73' title='bbox 570 1402 764 1471; x_wconf 85' lang='lat' dir='ltr'><strong>codex</strong></span> <span class='ocrx_word' id='word_1_74' title='bbox 807 1402 1000 1470; x_wconf 88' lang='lat' dir='ltr'><strong>habet</strong></span> <span class='ocrx_word' id='word_1_75' title='bbox 1044 1403 1114 1467; x_wconf 90' lang='lat' dir='ltr'><strong>in</strong></span> <span class='ocrx_word' id='word_1_76' title='bbox 1157 1405 1341 1467; x_wconf 85' lang='lat' dir='ltr'><strong>textu</strong></span> <span class='ocrx_word' id='word_1_77' title='bbox 1397 1399 1690 1473; x_wconf 75' lang='grc' dir='ltr'><em>τυπώσας</em></span> <span class='ocrx_word' id='word_1_78' title='bbox 1731 1405 1941 1466; x_wconf 88' lang='lat' dir='ltr'><strong>metro</strong></span> <span class='ocrx_word' id='word_1_79' title='bbox 1983 1402 2344 1468; x_wconf 87' lang='lat' dir='ltr'><strong>inimicum.</strong></span> <span class='ocrx_word' id='word_1_80' title='bbox 2431 1403 2614 1485; x_wconf 80' lang='lat' dir='ltr'><strong>Quod</strong></span> 
     </span>
     <span class='ocr_line' id='line_1_12' title="bbox 229 1505 2615 1596; baseline 0 -21"><span class='ocrx_word' id='word_1_81' title='bbox 229 1511 532 1596; x_wconf 84' lang='lat' dir='ltr'><strong>opposuit</strong></span> <span class='ocrx_word' id='word_1_82' title='bbox 574 1508 906 1575; x_wconf 84' lang='lat' dir='ltr'><strong>Heckerus</strong></span> <span class='ocrx_word' id='word_1_83' title='bbox 946 1505 1283 1590; x_wconf 76' lang='grc' dir='ltr'><em>μορφώσας</em></span> <span class='ocrx_word' id='word_1_84' title='bbox 1329 1526 1464 1573; x_wconf 87' lang='lat' dir='ltr'><strong>esse</strong></span> <span class='ocrx_word' id='word_1_85' title='bbox 1504 1507 1828 1573; x_wconf 80' lang='lat' dir='ltr'><strong>novitium</strong></span> <span class='ocrx_word' id='word_1_86' title='bbox 1844 1553 1863 1584; x_wconf 86' lang='lat'><em>,</em></span> <span class='ocrx_word' id='word_1_87' title='bbox 1911 1505 2084 1574; x_wconf 89' lang='lat' dir='ltr'><strong>idem</strong></span> <span class='ocrx_word' id='word_1_88' title='bbox 2122 1506 2251 1573; x_wconf 88' lang='lat' dir='ltr'><strong>dici</strong></span> <span class='ocrx_word' id='word_1_89' title='bbox 2287 1513 2498 1594; x_wconf 89' lang='lat' dir='ltr'><strong>potest</strong></span> <span class='ocrx_word' id='word_1_90' title='bbox 2535 1510 2615 1577; x_wconf 91' lang='lat' dir='ltr'><strong>de</strong></span> 
     </span>
     <span class='ocr_line' id='line_1_13' title="bbox 226 1610 2617 1701; baseline 0 -20"><span class='ocrx_word' id='word_1_91' title='bbox 226 1616 437 1701; x_wconf 84' lang='lat' dir='ltr'><strong>ipsius</strong></span> <span class='ocrx_word' id='word_1_92' title='bbox 495 1615 855 1681; x_wconf 81' lang='lat' dir='ltr'><strong>coniectura</strong></span> <span class='ocrx_word' id='word_1_93' title='bbox 913 1610 1562 1693; x_wconf 74' lang='grc' dir='ltr'><em>χαλκοτνπησοὶμενος</em></span> <span class='ocrx_word' id='word_1_94' title='bbox 1585 1658 1603 1689; x_wconf 86' lang='grc'><em>,</em></span> <span class='ocrx_word' id='word_1_95' title='bbox 1669 1613 1854 1677; x_wconf 88' lang='lat' dir='ltr'><strong>cuius</strong></span> <span class='ocrx_word' id='word_1_96' title='bbox 1910 1612 2092 1678; x_wconf 83' lang='lat' dir='ltr'><strong>verbi</strong></span> <span class='ocrx_word' id='word_1_97' title='bbox 2134 1612 2341 1680; x_wconf 88' lang='lat' dir='ltr'><strong>forma</strong></span> <span class='ocrx_word' id='word_1_98' title='bbox 2383 1616 2617 1683; x_wconf 77' lang='lat' dir='ltr'><strong>Activa</strong></span> 
     </span>
     <span class='ocr_line' id='line_1_14' title="bbox 227 1716 2617 1806; baseline 0 -19"><span class='ocrx_word' id='word_1_99' title='bbox 227 1721 548 1806; x_wconf 86' lang='lat' dir='ltr'><strong>reperitur</strong></span> <span class='ocrx_word' id='word_1_100' title='bbox 606 1717 776 1806; x_wconf 83' lang='lat' dir='ltr'><strong>apud</strong></span> <span class='ocrx_word' id='word_1_101' title='bbox 833 1719 1158 1785; x_wconf 90' lang='lat' dir='ltr'><strong>neminem</strong></span> <span class='ocrx_word' id='word_1_102' title='bbox 1217 1716 1565 1782; x_wconf 74' lang='lat' dir='ltr'><strong>Plutarcho</strong></span> <span class='ocrx_word' id='word_1_103' title='bbox 1625 1717 2049 1801; x_wconf 76' lang='lat' dir='ltr'><strong>antiquiorem</strong></span> <span class='ocrx_word' id='word_1_104' title='bbox 2069 1762 2087 1794; x_wconf 87' lang='lat'><strong><em>,</em></strong></span> <span class='ocrx_word' id='word_1_105' title='bbox 2151 1717 2310 1784; x_wconf 90' lang='lat' dir='ltr'><strong>dum</strong></span> <span class='ocrx_word' id='word_1_106' title='bbox 2365 1720 2617 1787; x_wconf 86' lang='lat' dir='ltr'><strong>mediae</strong></span> 
     </span>
     <span class='ocr_line' id='line_1_15' title="bbox 230 1818 2613 1911; baseline -0 -19"><span class='ocrx_word' id='word_1_107' title='bbox 230 1823 606 1911; x_wconf 84' lang='lat' dir='ltr'><strong>exemplum</strong></span> <span class='ocrx_word' id='word_1_108' title='bbox 621 1871 640 1902; x_wconf 88' lang='lat'><em>,</em></span> <span class='ocrx_word' id='word_1_109' title='bbox 673 1823 840 1910; x_wconf 88' lang='lat' dir='ltr'><strong>quod</strong></span> <span class='ocrx_word' id='word_1_110' title='bbox 864 1826 1064 1890; x_wconf 90' lang='lat' dir='ltr'><strong>sciam</strong></span> <span class='ocrx_word' id='word_1_111' title='bbox 1080 1868 1098 1900; x_wconf 88' lang='lat'><strong><em>,</em></strong></span> <span class='ocrx_word' id='word_1_112' title='bbox 1139 1821 1396 1888; x_wconf 92' lang='lat' dir='ltr'><strong>nullum</strong></span> <span class='ocrx_word' id='word_1_113' title='bbox 1419 1825 1646 1886; x_wconf 84' lang='lat' dir='ltr'><strong>exstat.</strong></span> <span class='ocrx_word' id='word_1_114' title='bbox 1694 1818 1821 1887; x_wconf 83' lang='lat' dir='ltr'><strong>Sed</strong></span> <span class='ocrx_word' id='word_1_115' title='bbox 1843 1824 2055 1888; x_wconf 90' lang='lat' dir='ltr'><strong>nescio</strong></span> <span class='ocrx_word' id='word_1_116' title='bbox 2077 1841 2157 1887; x_wconf 86' lang='lat' dir='ltr'><strong>an</strong></span> <span class='ocrx_word' id='word_1_117' title='bbox 2180 1825 2579 1910; x_wconf 74' lang='lat' dir='ltr'><strong>epigramma</strong></span> <span class='ocrx_word' id='word_1_118' title='bbox 2594 1871 2613 1903; x_wconf 87' lang='lat'>,</span> 
     </span>
     <span class='ocr_line' id='line_1_16' title="bbox 231 1924 2615 2016; baseline -0.001 -20"><span class='ocrx_word' id='word_1_119' title='bbox 231 1929 406 2016; x_wconf 88' lang='lat' dir='ltr'><strong>quod</strong></span> <span class='ocrx_word' id='word_1_120' title='bbox 464 1931 535 1995; x_wconf 88' lang='lat' dir='ltr'><strong>in</strong></span> <span class='ocrx_word' id='word_1_121' title='bbox 592 1928 921 1995; x_wconf 88' lang='lat' dir='ltr'><strong>Planudea</strong></span> <span class='ocrx_word' id='word_1_122' title='bbox 981 1934 1077 1995; x_wconf 90' lang='lat' dir='ltr'><strong>est</strong></span> <span class='ocrx_word' id='word_1_123' title='bbox 1123 1926 1462 1994; x_wconf 71' lang='grc' dir='ltr'><em>ἀδέσποτον</em></span> <span class='ocrx_word' id='word_1_124' title='bbox 1479 1973 1499 2007; x_wconf 87' lang='grc'><em>,</em></span> <span class='ocrx_word' id='word_1_125' title='bbox 1548 1946 1587 1992; x_wconf 88' lang='grc'><strong>8</strong></span> <span class='ocrx_word' id='word_1_126' title='bbox 1628 1924 1895 1992; x_wconf 90' lang='lat' dir='ltr'><strong>Platone</strong></span> <span class='ocrx_word' id='word_1_127' title='bbox 1937 1926 2339 2012; x_wconf 87' lang='lat' dir='ltr'><strong>(philosopho</strong></span> <span class='ocrx_word' id='word_1_128' title='bbox 2382 1927 2615 2009; x_wconf 87' lang='lat' dir='ltr'><strong>certe),</strong></span> 
     </span>
     <span class='ocr_line' id='line_1_17' title="bbox 231 2030 2615 2108; baseline -0.001 -6"><span class='ocrx_word' id='word_1_129' title='bbox 231 2057 274 2102; x_wconf 88' lang='lat' dir='ltr'><strong>a</strong></span> <span class='ocrx_word' id='word_1_130' title='bbox 333 2037 519 2102; x_wconf 85' lang='lat' dir='ltr'><strong>cuius</strong></span> <span class='ocrx_word' id='word_1_131' title='bbox 575 2055 732 2102; x_wconf 80' lang='lat' dir='ltr'><strong>aevo</strong></span> <span class='ocrx_word' id='word_1_132' title='bbox 790 2032 1232 2100; x_wconf 83' lang='lat' dir='ltr'><strong>huiuscemodi</strong></span> <span class='ocrx_word' id='word_1_133' title='bbox 1275 2032 1457 2099; x_wconf 88' lang='lat' dir='ltr'><strong>lusus</strong></span> <span class='ocrx_word' id='word_1_134' title='bbox 1502 2030 1916 2108; x_wconf 88' lang='lat' dir='ltr'><strong>alienissimi,</strong></span> <span class='ocrx_word' id='word_1_135' title='bbox 1966 2033 2056 2096; x_wconf 89' lang='lat' dir='ltr'><strong>sit</strong></span> <span class='ocrx_word' id='word_1_136' title='bbox 2096 2032 2615 2099; x_wconf 83' lang='lat' dir='ltr'><strong>abiudicandum.</strong></span> 
     </span>
     <span class='ocr_line' id='line_1_18' title="bbox 233 2137 2617 2224; baseline -0 -19"><span class='ocrx_word' id='word_1_137' title='bbox 233 2139 493 2221; x_wconf 82' lang='lat' dir='ltr'><strong>Quanta</strong></span> <span class='ocrx_word' id='word_1_138' title='bbox 558 2146 776 2207; x_wconf 88' lang='lat' dir='ltr'><strong>autem</strong></span> <span class='ocrx_word' id='word_1_139' title='bbox 841 2138 1107 2206; x_wconf 78' lang='lat' dir='ltr'><strong>levitate</strong></span> <span class='ocrx_word' id='word_1_140' title='bbox 1170 2138 1495 2206; x_wconf 80' lang='lat' dir='ltr'><strong>veteribus</strong></span> <span class='ocrx_word' id='word_1_141' title='bbox 1559 2139 2026 2224; x_wconf 79' lang='lat' dir='ltr'><strong>epigrammata</strong></span> <span class='ocrx_word' id='word_1_142' title='bbox 2090 2137 2434 2203; x_wconf 72' lang='lat' dir='ltr'><strong>tribuerint</strong></span> <span class='ocrx_word' id='word_1_143' title='bbox 2490 2140 2617 2204; x_wconf 88' lang='lat' dir='ltr'><strong>seri</strong></span> 
     </span>
     <span class='ocr_line' id='line_1_19' title="bbox 233 2240 2612 2331; baseline -0.003 -18"><span class='ocrx_word' id='word_1_144' title='bbox 233 2243 631 2313; x_wconf 73' lang='lat' dir='ltr'><strong>Graecorum</strong></span> <span class='ocrx_word' id='word_1_145' title='bbox 687 2251 948 2331; x_wconf 78' lang='lat' dir='ltr'><strong>nepotes</strong></span> <span class='ocrx_word' id='word_1_146' title='bbox 963 2290 981 2322; x_wconf 87' lang='lat'>‚</span> <span class='ocrx_word' id='word_1_147' title='bbox 1025 2242 1430 2310; x_wconf 81' lang='lat' dir='ltr'><strong>luculentum</strong></span> <span class='ocrx_word' id='word_1_148' title='bbox 1474 2240 1842 2326; x_wconf 82' lang='lat' dir='ltr'><strong>exemplum</strong></span> <span class='ocrx_word' id='word_1_149' title='bbox 1885 2241 2146 2328; x_wconf 88' lang='lat' dir='ltr'><strong>praebet</strong></span> <span class='ocrx_word' id='word_1_150' title='bbox 2190 2244 2390 2330; x_wconf 76' lang='lat' dir='ltr'><strong>epigr.</strong></span> <span class='ocrx_word' id='word_1_151' title='bbox 2446 2241 2575 2308; x_wconf 82' lang='lat'><strong>145</strong></span> <span class='ocrx_word' id='word_1_152' title='bbox 2591 2289 2612 2324; x_wconf 84' lang='lat'>‚</span> 
     </span>
     <span class='ocr_line' id='line_1_20' title="bbox 236 2342 2611 2436; baseline 0 -21"><span class='ocrx_word' id='word_1_153' title='bbox 236 2370 365 2436; x_wconf 88' lang='lat' dir='ltr'><strong>quo</strong></span> <span class='ocrx_word' id='word_1_154' title='bbox 395 2351 720 2417; x_wconf 77' lang='lat' dir='ltr'><strong>Anacreon</strong></span> <span class='ocrx_word' id='word_1_155' title='bbox 752 2349 994 2417; x_wconf 87' lang='lat' dir='ltr'><strong>scilicet</strong></span> <span class='ocrx_word' id='word_1_156' title='bbox 1030 2349 1305 2416; x_wconf 80' lang='lat' dir='ltr'><strong>celebrat</strong></span> <span class='ocrx_word' id='word_1_157' title='bbox 1339 2367 1518 2413; x_wconf 85' lang='lat' dir='ltr'><strong>aram</strong></span> <span class='ocrx_word' id='word_1_158' title='bbox 1542 2350 1930 2413; x_wconf 83' lang='lat' dir='ltr'><strong>exstructam</strong></span> <span class='ocrx_word' id='word_1_159' title='bbox 1952 2365 1991 2412; x_wconf 89' lang='grc'><strong>8</strong></span> <span class='ocrx_word' id='word_1_160' title='bbox 2012 2342 2323 2432; x_wconf 78' lang='lat' dir='ltr'><strong>Sophocle</strong></span> <span class='ocrx_word' id='word_1_161' title='bbox 2345 2349 2611 2436; x_wconf 77' lang='lat' dir='ltr'><strong>tragico.</strong></span> 
     </span>
    </p>

    <p class='ocr_par' dir='ltr' id='par_1_6' title="bbox 329 2453 919 2545">
     <span class='ocr_line' id='line_1_21' title="bbox 329 2453 919 2545; baseline -0.007 -22"><span class='ocrx_word' id='word_1_162' title='bbox 329 2454 553 2545; x_wconf 78' lang='lat' dir='ltr'><strong>Epigr.</strong></span> <span class='ocrx_word' id='word_1_163' title='bbox 602 2453 709 2521; x_wconf 86' lang='lat'><strong>95.</strong></span> <span class='ocrx_word' id='word_1_164' title='bbox 762 2453 803 2520; x_wconf 81' lang='lat'><strong>3</strong></span> <span class='ocrx_word' id='word_1_165' title='bbox 826 2475 919 2542; x_wconf 90' lang='lat' dir='ltr'><strong>sq.</strong></span> 
     </span>
    </p>

    <p class='ocr_par' dir='ltr' id='par_1_7' title="bbox 514 2556 2343 2746">
     <span class='ocr_line' id='line_1_22' title="bbox 514 2556 2343 2642; baseline -0.002 -16"><span class='ocrx_word' id='word_1_166' title='bbox 514 2559 782 2640; x_wconf 71' lang='grc' dir='ltr'><em>γαμψόν</em></span> <span class='ocrx_word' id='word_1_167' title='bbox 824 2585 898 2625; x_wconf 85' lang='grc' dir='ltr'><em>τε</em></span> <span class='ocrx_word' id='word_1_168' title='bbox 941 2560 1230 2641; x_wconf 81' lang='grc' dir='ltr'><em>δρέπανον</em></span> <span class='ocrx_word' id='word_1_169' title='bbox 1274 2557 1774 2642; x_wconf 73' lang='grc' dir='ltr'><em>ςαχυητόμον,</em></span> <span class='ocrx_word' id='word_1_170' title='bbox 1821 2556 2007 2624; x_wconf 75' lang='grc' dir='ltr'><em>ὅπλον</em></span> <span class='ocrx_word' id='word_1_171' title='bbox 2055 2557 2343 2639; x_wconf 68' lang='grc' dir='ltr'><em>ἀρούρης,</em></span> 
     </span>
     <span class='ocr_line' id='line_1_23' title="bbox 605 2660 2279 2746; baseline -0.003 -15"><span class='ocrx_word' id='word_1_172' title='bbox 605 2665 710 2732; x_wconf 77' lang='grc' dir='ltr'><strong>καὶ</strong></span> <span class='ocrx_word' id='word_1_173' title='bbox 759 2665 1447 2746; x_wconf 74' lang='grc' dir='ltr'><em>παλιουρόΦορον,</em></span> <span class='ocrx_word' id='word_1_174' title='bbox 1496 2672 1685 2746; x_wconf 81' lang='grc' dir='ltr'><em>χεῖρα</em></span> <span class='ocrx_word' id='word_1_175' title='bbox 1730 2660 1975 2742; x_wconf 85' lang='grc' dir='ltr'><em>θέρευς,</em></span> <span class='ocrx_word' id='word_1_176' title='bbox 2022 2662 2279 2742; x_wconf 76' lang='grc' dir='ltr'><em>τρίνακα</em></span> 
     </span>
    </p>

    <p class='ocr_par' dir='ltr' id='par_1_8' title="bbox 516 2765 2172 2957">
     <span class='ocr_line' id='line_1_24' title="bbox 516 2765 2172 2852; baseline -0.004 -15"><span class='ocrx_word' id='word_1_177' title='bbox 516 2770 620 2837; x_wconf 74' lang='grc' dir='ltr'><strong>καὶ</strong></span> <span class='ocrx_word' id='word_1_178' title='bbox 666 2772 917 2852; x_wconf 83' lang='grc' dir='ltr'><em>τρητοὺς</em></span> <span class='ocrx_word' id='word_1_179' title='bbox 966 2772 1266 2844; x_wconf 83' lang='grc' dir='ltr'><em>ποδεῶνας</em></span> <span class='ocrx_word' id='word_1_180' title='bbox 1316 2770 1345 2834; x_wconf 79' lang='grc' dir='ltr'><strong><em>ὅ</em></strong></span> <span class='ocrx_word' id='word_1_181' title='bbox 1393 2768 1675 2850; x_wconf 74' lang='grc' dir='ltr'><em>γατόμος</em></span> <span class='ocrx_word' id='word_1_182' title='bbox 1729 2765 1962 2832; x_wconf 80' lang='grc' dir='ltr'><em>ἄνθετο</em></span> <span class='ocrx_word' id='word_1_183' title='bbox 2012 2773 2172 2842; x_wconf 76' lang='grc' dir='ltr'><em>Δηοῖ</em></span> 
     </span>
     <span class='ocr_line' id='line_1_25' title="bbox 606 2875 1031 2957; baseline -0.002 -14"><span class='ocrx_word' id='word_1_184' title='bbox 606 2875 853 2957; x_wconf 74' lang='grc' dir='ltr'><em>Πάρμις</em></span> <span class='ocrx_word' id='word_1_185' title='bbox 900 2875 1031 2942; x_wconf 78' lang='grc' dir='ltr'><strong>κτὲ.</strong></span> 
     </span>
    </p>

    <p class='ocr_par' dir='ltr' id='par_1_9' title="bbox 239 2974 2627 3489">
     <span class='ocr_line' id='line_1_26' title="bbox 331 2974 2620 3070; baseline -0.002 -22"><span class='ocrx_word' id='word_1_186' title='bbox 331 2981 670 3070; x_wconf 80' lang='lat' dir='ltr'><strong>Agricolae</strong></span> <span class='ocrx_word' id='word_1_187' title='bbox 727 2984 797 3048; x_wconf 87' lang='lat' dir='ltr'><strong>in</strong></span> <span class='ocrx_word' id='word_1_188' title='bbox 855 2980 1247 3069; x_wconf 84' lang='lat' dir='ltr'><strong>Anthologia</strong></span> <span class='ocrx_word' id='word_1_189' title='bbox 1304 2978 1576 3045; x_wconf 85' lang='lat' dir='ltr'><strong>audiunt</strong></span> <span class='ocrx_word' id='word_1_190' title='bbox 1616 2974 1990 3059; x_wconf 75' lang='grc' dir='ltr'><em>ἀρουροπδνοι</em></span> <span class='ocrx_word' id='word_1_191' title='bbox 2003 3023 2022 3054; x_wconf 83' lang='grc'><em>,</em></span> <span class='ocrx_word' id='word_1_192' title='bbox 2083 2974 2378 3054; x_wconf 71' lang='grc' dir='ltr'><em>γεωπδνοι</em></span> <span class='ocrx_word' id='word_1_193' title='bbox 2395 3026 2413 3054; x_wconf 92' lang='grc'><em>,</em></span> <span class='ocrx_word' id='word_1_194' title='bbox 2459 3000 2620 3056; x_wconf 75' lang='grc' dir='ltr'><em>γειο-</em></span> 
     </span>
     <span class='ocr_line' id='line_1_27' title="bbox 240 3079 2622 3167; baseline -0.001 -14"><span class='ocrx_word' id='word_1_195' title='bbox 240 3088 441 3161; x_wconf 80' lang='grc' dir='ltr'><em>πὸνοι,</em></span> <span class='ocrx_word' id='word_1_196' title='bbox 488 3085 790 3166; x_wconf 65' lang='lat' dir='ltr'><em>yon-6201,</em></span> <span class='ocrx_word' id='word_1_197' title='bbox 856 3086 1195 3167; x_wconf 72' lang='grc' dir='ltr'><em>γειομόροι,</em></span> <span class='ocrx_word' id='word_1_198' title='bbox 1246 3083 1603 3165; x_wconf 71' lang='grc' dir='ltr'><em>γειαρόται,</em></span> <span class='ocrx_word' id='word_1_199' title='bbox 1649 3079 2010 3164; x_wconf 69' lang='grc' dir='ltr'><em>ἀγρονόμοι,</em></span> <span class='ocrx_word' id='word_1_200' title='bbox 2071 3081 2183 3147; x_wconf 86' lang='lat' dir='ltr'><strong>sed</strong></span> <span class='ocrx_word' id='word_1_201' title='bbox 2231 3083 2369 3149; x_wconf 84' lang='lat' dir='ltr'><strong>sine</strong></span> <span class='ocrx_word' id='word_1_202' title='bbox 2411 3103 2622 3150; x_wconf 81' lang='lat' dir='ltr'><strong>exem·</strong></span> 
     </span>
     <span class='ocr_line' id='line_1_28' title="bbox 239 3185 2625 3280; baseline -0.001 -21"><span class='ocrx_word' id='word_1_203' title='bbox 239 3192 351 3280; x_wconf 89' lang='lat' dir='ltr'><strong>plo</strong></span> <span class='ocrx_word' id='word_1_204' title='bbox 396 3192 649 3258; x_wconf 88' lang='lat' dir='ltr'><strong>Parmis</strong></span> <span class='ocrx_word' id='word_1_205' title='bbox 692 3191 758 3257; x_wconf 91' lang='lat' dir='ltr'><strong>h.</strong></span> <span class='ocrx_word' id='word_1_206' title='bbox 804 3191 851 3258; x_wconf 90' lang='lat'><strong>1.</strong></span> <span class='ocrx_word' id='word_1_207' title='bbox 897 3197 1163 3260; x_wconf 79' lang='lat' dir='ltr'><strong>vocatur</strong></span> <span class='ocrx_word' id='word_1_208' title='bbox 1208 3215 1255 3271; x_wconf 79' lang='lat' dir='ltr'><em>y</em></span> <span class='ocrx_word' id='word_1_209' title='bbox 1273 3215 1316 3257; x_wconf 89' lang='grc' dir='ltr'><em>α</em></span> <span class='ocrx_word' id='word_1_210' title='bbox 1334 3188 1423 3255; x_wconf 83' lang='grc' dir='ltr'><strong>τό</strong></span> <span class='ocrx_word' id='word_1_211' title='bbox 1436 3211 1534 3268; x_wconf 92' lang='grc' dir='ltr'><strong>μο</strong></span> <span class='ocrx_word' id='word_1_212' title='bbox 1554 3213 1584 3262; x_wconf 87' lang='grc' dir='ltr'><em>ς</em></span> <span class='ocrx_word' id='word_1_213' title='bbox 1604 3235 1620 3253; x_wconf 95' lang='grc'><strong>.</strong></span> <span class='ocrx_word' id='word_1_214' title='bbox 1684 3185 2225 3274; x_wconf 85' lang='lat' dir='ltr'><strong>quemadmodum</strong></span> <span class='ocrx_word' id='word_1_215' title='bbox 2266 3188 2625 3277; x_wconf 80' lang='lat' dir='ltr'><strong>Aeschylus</strong></span> 
     </span>
     <span class='ocr_line' id='line_1_29' title="bbox 242 3292 2627 3381; baseline -0.002 -18"><span class='ocrx_word' id='word_1_216' title='bbox 242 3300 597 3364; x_wconf 85' lang='lat' dir='ltr'><strong>rectissime</strong></span> <span class='ocrx_word' id='word_1_217' title='bbox 614 3343 633 3374; x_wconf 86' lang='lat'><em>,</em></span> <span class='ocrx_word' id='word_1_218' title='bbox 695 3296 807 3363; x_wconf 87' lang='lat' dir='ltr'><strong>sed</strong></span> <span class='ocrx_word' id='word_1_219' title='bbox 866 3296 1039 3363; x_wconf 89' lang='lat' dir='ltr'><strong>solus</strong></span> <span class='ocrx_word' id='word_1_220' title='bbox 1061 3345 1077 3374; x_wconf 88' lang='lat'>‚</span> <span class='ocrx_word' id='word_1_221' title='bbox 1143 3296 1312 3381; x_wconf 88' lang='lat' dir='ltr'><strong>quod</strong></span> <span class='ocrx_word' id='word_1_222' title='bbox 1356 3298 1555 3360; x_wconf 87' lang='lat' dir='ltr'><strong>sciam</strong></span> <span class='ocrx_word' id='word_1_223' title='bbox 1573 3339 1591 3371; x_wconf 87' lang='lat'><strong><em>,</em></strong></span> <span class='ocrx_word' id='word_1_224' title='bbox 1640 3293 1805 3358; x_wconf 77' lang='lat' dir='ltr'><strong>dixit</strong></span> <span class='ocrx_word' id='word_1_225' title='bbox 1848 3292 2133 3380; x_wconf 83' lang='lat' dir='ltr'><strong>ligonem</strong></span> <span class='ocrx_word' id='word_1_226' title='bbox 2172 3294 2242 3358; x_wconf 87' lang='lat' dir='ltr'><strong>in</strong></span> <span class='ocrx_word' id='word_1_227' title='bbox 2285 3294 2627 3359; x_wconf 65' lang='lat' dir='ltr'><strong>Promea-90</strong></span> 
     </span>
     <span class='ocr_line' id='line_1_30' title="bbox 243 3399 1511 3489; baseline -0.002 -21"><span class='ocrx_word' id='word_1_228' title='bbox 243 3403 436 3468; x_wconf 68' lang='lat' dir='ltr'><strong>soluto</strong></span> <span class='ocrx_word' id='word_1_229' title='bbox 482 3422 580 3486; x_wconf 89' lang='lat' dir='ltr'><strong>ap.</strong></span> <span class='ocrx_word' id='word_1_230' title='bbox 629 3399 846 3487; x_wconf 82' lang='lat' dir='ltr'><strong>Steph.</strong></span> <span class='ocrx_word' id='word_1_231' title='bbox 896 3401 1052 3489; x_wconf 79' lang='lat' dir='ltr'><strong>Byz.</strong></span> <span class='ocrx_word' id='word_1_232' title='bbox 1099 3404 1143 3485; x_wconf 77' lang='grc'><strong>1.</strong></span> <span class='ocrx_word' id='word_1_233' title='bbox 1192 3423 1257 3468; x_wconf 82' lang='lat' dir='ltr'><strong>v.</strong></span> <span class='ocrx_word' id='word_1_234' title='bbox 1295 3399 1511 3479; x_wconf 79' lang='grc' dir='ltr'><em>’Ἃβιοι</em></span> 
     </span>
    </p>

    <p class='ocr_par' dir='ltr' id='par_1_10' title="bbox 1130 3500 2271 3586">
     <span class='ocr_line' id='line_1_31' title="bbox 1130 3500 2271 3586; baseline -0.004 -14"><span class='ocrx_word' id='word_1_235' title='bbox 1130 3503 1201 3572; x_wconf 76' lang='grc' dir='ltr'><em>ἵν’</em></span> <span class='ocrx_word' id='word_1_236' title='bbox 1248 3506 1376 3572; x_wconf 81' lang='grc' dir='ltr'><em>οὔτ’</em></span> <span class='ocrx_word' id='word_1_237' title='bbox 1423 3504 1666 3586; x_wconf 79' lang='grc' dir='ltr'><em>ἄροτρον</em></span> <span class='ocrx_word' id='word_1_238' title='bbox 1712 3504 1853 3570; x_wconf 81' lang='grc' dir='ltr'><em>οὔτε</em></span> <span class='ocrx_word' id='word_1_239' title='bbox 1899 3500 2271 3582; x_wconf 74' lang='grc' dir='ltr'><em>γατόμος</em></span> 
     </span>
    </p>

    <p class='ocr_par' dir='ltr' id='par_1_11' title="bbox 245 3609 2629 4014">
     <span class='ocr_line' id='line_1_32' title="bbox 520 3609 1407 3693; baseline -0.002 -16"><span class='ocrx_word' id='word_1_240' title='bbox 520 3610 730 3692; x_wconf 79' lang='grc' dir='ltr'><em>τέμνει</em></span> <span class='ocrx_word' id='word_1_241' title='bbox 778 3612 852 3679; x_wconf 88' lang='grc' dir='ltr'><strong>δι’</strong></span> <span class='ocrx_word' id='word_1_242' title='bbox 866 3616 1083 3678; x_wconf 53' lang='lat' dir='ltr'><strong>usal?</strong></span> <span class='ocrx_word' id='word_1_243' title='bbox 1131 3609 1407 3693; x_wconf 79' lang='grc' dir='ltr'><em>ἄρουραν.</em></span> 
     </span>
     <span class='ocr_line' id='line_1_33' title="bbox 245 3712 2629 3803; baseline -0.002 -18"><span class='ocrx_word' id='word_1_244' title='bbox 245 3717 466 3785; x_wconf 80' lang='lat' dir='ltr'><strong>L&#39;ectio</strong></span> <span class='ocrx_word' id='word_1_245' title='bbox 523 3718 630 3783; x_wconf 91' lang='lat' dir='ltr'><strong>hic</strong></span> <span class='ocrx_word' id='word_1_246' title='bbox 688 3738 761 3783; x_wconf 92' lang='lat' dir='ltr'><strong>eo</strong></span> <span class='ocrx_word' id='word_1_247' title='bbox 822 3719 1170 3803; x_wconf 87' lang='lat' dir='ltr'><strong>suspectior</strong></span> <span class='ocrx_word' id='word_1_248' title='bbox 1188 3764 1204 3794; x_wconf 90' lang='lat'><em>,</em></span> <span class='ocrx_word' id='word_1_249' title='bbox 1269 3715 1437 3800; x_wconf 91' lang='lat' dir='ltr'><strong>quod</strong></span> <span class='ocrx_word' id='word_1_250' title='bbox 1498 3713 1894 3801; x_wconf 81' lang='lat' dir='ltr'><strong>paenultimo</strong></span> <span class='ocrx_word' id='word_1_251' title='bbox 1950 3732 2140 3779; x_wconf 83' lang='lat' dir='ltr'><strong>versu</strong></span> <span class='ocrx_word' id='word_1_252' title='bbox 2184 3712 2629 3801; x_wconf 78' lang='lat' dir='ltr'><strong>praegreditur</strong></span> 
     </span>
     <span class='ocr_line' id='line_1_34' title="bbox 246 3816 2626 3904; baseline -0.003 -12"><span class='ocrx_word' id='word_1_253' title='bbox 246 3845 504 3903; x_wconf 74' lang='grc' dir='ltr'><em>ςαχυητ</em></span> <span class='ocrx_word' id='word_1_254' title='bbox 519 3821 551 3887; x_wconf 83' lang='grc' dir='ltr'><em>ό</em></span> <span class='ocrx_word' id='word_1_255' title='bbox 567 3846 618 3900; x_wconf 82' lang='grc' dir='ltr'><em>μ</em></span> <span class='ocrx_word' id='word_1_256' title='bbox 634 3844 662 3886; x_wconf 91' lang='grc' dir='ltr'><em>ο</em></span> <span class='ocrx_word' id='word_1_257' title='bbox 679 3846 726 3886; x_wconf 87' lang='grc' dir='ltr'><strong>ν.</strong></span> <span class='ocrx_word' id='word_1_258' title='bbox 779 3820 985 3903; x_wconf 83' lang='lat' dir='ltr'><strong>Quare</strong></span> <span class='ocrx_word' id='word_1_259' title='bbox 1029 3841 1154 3886; x_wconf 90' lang='lat' dir='ltr'><strong>non</strong></span> <span class='ocrx_word' id='word_1_260' title='bbox 1199 3821 1328 3887; x_wconf 90' lang='lat' dir='ltr'><strong>fere</strong></span> <span class='ocrx_word' id='word_1_261' title='bbox 1375 3820 1600 3885; x_wconf 88' lang='lat' dir='ltr'><strong>dubito</strong></span> <span class='ocrx_word' id='word_1_262' title='bbox 1647 3819 1801 3904; x_wconf 90' lang='lat' dir='ltr'><strong>quin</strong></span> <span class='ocrx_word' id='word_1_263' title='bbox 1847 3817 2278 3902; x_wconf 89' lang='lat' dir='ltr'><strong>reponendum</strong></span> <span class='ocrx_word' id='word_1_264' title='bbox 2326 3819 2413 3883; x_wconf 87' lang='lat' dir='ltr'><strong>sit</strong></span> <span class='ocrx_word' id='word_1_265' title='bbox 2457 3816 2626 3903; x_wconf 89' lang='lat' dir='ltr'><strong>quod</strong></span> 
     </span>
     <span class='ocr_line' id='line_1_35' title="bbox 247 3927 1128 4014; baseline -0.003 -21"><span class='ocrx_word' id='word_1_266' title='bbox 247 3927 510 3994; x_wconf 85' lang='lat' dir='ltr'><strong>auribus</strong></span> <span class='ocrx_word' id='word_1_267' title='bbox 553 3947 801 4013; x_wconf 91' lang='lat' dir='ltr'><strong>quoque</strong></span> <span class='ocrx_word' id='word_1_268' title='bbox 846 3928 1128 4014; x_wconf 80' lang='lat' dir='ltr'><strong>gratius:</strong></span> 
     </span>
    </p>

    <p class='ocr_par' dir='ltr' id='par_1_12' title="bbox 245 4026 2627 4430">
     <span class='ocr_line' id='line_1_36' title="bbox 523 4026 2256 4112; baseline -0.002 -16"><span class='ocrx_word' id='word_1_269' title='bbox 523 4034 625 4098; x_wconf 77' lang='grc' dir='ltr'><strong>καὶ</strong></span> <span class='ocrx_word' id='word_1_270' title='bbox 675 4032 925 4112; x_wconf 84' lang='grc' dir='ltr'><em>τρητοὺς</em></span> <span class='ocrx_word' id='word_1_271' title='bbox 974 4030 1274 4102; x_wconf 81' lang='grc' dir='ltr'><em>ποδεῶνας</em></span> <span class='ocrx_word' id='word_1_272' title='bbox 1321 4032 1349 4095; x_wconf 78' lang='grc' dir='ltr'><strong><em>ὁ</em></strong></span> <span class='ocrx_word' id='word_1_273' title='bbox 1397 4028 1757 4109; x_wconf 73' lang='grc' dir='ltr'><em>γαπόνος</em></span> <span class='ocrx_word' id='word_1_274' title='bbox 1805 4026 2032 4094; x_wconf 74' lang='grc' dir='ltr'><em>ἄνθετο</em></span> <span class='ocrx_word' id='word_1_275' title='bbox 2084 4038 2256 4103; x_wconf 82' lang='grc' dir='ltr'><em>Δηοῖ.</em></span> 
     </span>
     <span class='ocr_line' id='line_1_37' title="bbox 245 4132 2624 4224; baseline -0.002 -21"><span class='ocrx_word' id='word_1_276' title='bbox 245 4138 353 4203; x_wconf 87' lang='lat' dir='ltr'><strong>Vs.</strong></span> <span class='ocrx_word' id='word_1_277' title='bbox 418 4156 783 4224; x_wconf 82' lang='lat' dir='ltr'><strong>praegresso</strong></span> <span class='ocrx_word' id='word_1_278' title='bbox 844 4156 958 4220; x_wconf 90' lang='lat' dir='ltr'><strong>pro</strong></span> <span class='ocrx_word' id='word_1_279' title='bbox 1004 4134 1477 4219; x_wconf 75' lang='grc' dir='ltr'><em>παλιουρόφορον</em></span> <span class='ocrx_word' id='word_1_280' title='bbox 1496 4185 1514 4209; x_wconf 90' lang='grc'><em>,</em></span> <span class='ocrx_word' id='word_1_281' title='bbox 1578 4134 1655 4199; x_wconf 92' lang='lat' dir='ltr'><strong>de</strong></span> <span class='ocrx_word' id='word_1_282' title='bbox 1698 4136 1880 4200; x_wconf 90' lang='lat' dir='ltr'><strong>cuius</strong></span> <span class='ocrx_word' id='word_1_283' title='bbox 1924 4132 2221 4199; x_wconf 83' lang='lat' dir='ltr'><strong>vocabuli</strong></span> <span class='ocrx_word' id='word_1_284' title='bbox 2265 4133 2624 4219; x_wconf 82' lang='lat' dir='ltr'><strong>corruptela</strong></span> 
     </span>
     <span class='ocr_line' id='line_1_38' title="bbox 245 4238 2627 4320; baseline -0.003 -11"><span class='ocrx_word' id='word_1_285' title='bbox 245 4263 436 4309; x_wconf 90' lang='lat' dir='ltr'><strong>nemo</strong></span> <span class='ocrx_word' id='word_1_286' title='bbox 497 4241 782 4317; x_wconf 86' lang='lat' dir='ltr'><strong>dubitat,</strong></span> <span class='ocrx_word' id='word_1_287' title='bbox 844 4241 1104 4307; x_wconf 87' lang='lat' dir='ltr'><strong>fortasse</strong></span> <span class='ocrx_word' id='word_1_288' title='bbox 1160 4240 1679 4306; x_wconf 89' lang='lat' dir='ltr'><strong>substituendum</strong></span> <span class='ocrx_word' id='word_1_289' title='bbox 1731 4261 1962 4305; x_wconf 85' lang='grc' dir='ltr'><em>ποτιο</em></span> <span class='ocrx_word' id='word_1_290' title='bbox 1983 4261 2061 4319; x_wconf 87' lang='grc' dir='ltr'><strong>υρ</strong></span> <span class='ocrx_word' id='word_1_291' title='bbox 2083 4262 2110 4304; x_wconf 91' lang='grc' dir='ltr'><em>ο</em></span> <span class='ocrx_word' id='word_1_292' title='bbox 2130 4238 2402 4320; x_wconf 80' lang='grc' dir='ltr'><em>φόρον,</em></span> <span class='ocrx_word' id='word_1_293' title='bbox 2466 4242 2511 4303; x_wconf 92' lang='grc'><strong>1.</strong></span> <span class='ocrx_word' id='word_1_294' title='bbox 2573 4261 2627 4304; x_wconf 88' lang='grc'><strong>6.</strong></span> 
     </span>
     <span class='ocr_line' id='line_1_39' title="bbox 250 4344 2621 4430; baseline -0.002 -19"><span class='ocrx_word' id='word_1_295' title='bbox 250 4350 430 4430; x_wconf 85' lang='grc' dir='ltr'><em>φέρον</em></span> <span class='ocrx_word' id='word_1_296' title='bbox 471 4351 614 4427; x_wconf 86' lang='grc' dir='ltr'><em>πρὸς</em></span> <span class='ocrx_word' id='word_1_297' title='bbox 656 4347 758 4411; x_wconf 81' lang='grc' dir='ltr'><em>τὸν</em></span> <span class='ocrx_word' id='word_1_298' title='bbox 800 4346 1021 4423; x_wconf 73' lang='grc' dir='ltr'><em>ἄνεμον</em></span> <span class='ocrx_word' id='word_1_299' title='bbox 1056 4347 1137 4410; x_wconf 70' lang='grc' dir='ltr'><strong>τοὶ</strong></span> <span class='ocrx_word' id='word_1_300' title='bbox 1182 4346 1423 4425; x_wconf 75' lang='grc' dir='ltr'><em>ἄχυρα,</em></span> <span class='ocrx_word' id='word_1_301' title='bbox 1473 4350 1697 4429; x_wconf 71' lang='lat' dir='ltr'><strong>aptum</strong></span> <span class='ocrx_word' id='word_1_302' title='bbox 1740 4365 1885 4409; x_wconf 83' lang='lat' dir='ltr'><strong>sane</strong></span> <span class='ocrx_word' id='word_1_303' title='bbox 1929 4345 2245 4409; x_wconf 72' lang='lat' dir='ltr'><strong>ventilabri</strong></span> <span class='ocrx_word' id='word_1_304' title='bbox 2278 4344 2621 4428; x_wconf 81' lang='lat' dir='ltr'><strong>epitheton.</strong></span> 
     </span>
    </p>
   </div>
  </div>
 </body>
</html>
