2934 5050
351 264 482 330 384
1347 282 1723 332 purorum.

345 451 577 531 ἕτερον,
646 453 751 517 vel
810 456 1188 537 praepositio
1251 455 1395 519 άντί
1408 500 1427 531 ,
1492 458 1568 517 ut
1615 452 1782 538 apud
1828 450 2273 537 Thucydidem
2319 449 2369 514 L
2428 453 2579 516 120.
2628 455 2731 518 τὸν

346 557 620 635 πόλεμον
675 558 813 622 ἀντ’
877 558 1103 638 εἶρῆνης
1155 556 1706 636 μεταλαμβάνειν.
1780 555 1854 621 111
1897 556 2018 621 hoc
2063 556 2256 622 verbo
2302 558 2548 623 scribae
2592 580 2725 642 pas-

347 664 473 727 sim
534 669 795 748 peccant
846 683 959 749 pro
1000 664 1404 742 μεταλαβεῖν
1450 665 1667 728 notius
1713 662 1839 728 sibi
1883 661 2286 741 μεταβαλεῖν
2330 662 2725 727 substitum·

347 774 465 833 tes.
560 768 825 836 Duobus
867 768 1025 834 locis
1070 769 1240 853 apud
1284 768 1661 854 Euripidem
1706 788 1820 852 pro
1865 768 2287 844 μεταΒΛΛων
2328 765 2564 841 ἄλλους
2594 767 2725 846 ud·

345 896 496 945 πους
555 880 623 940 et
680 872 869 978 ὄνομα
928 874 1350 951 μεταΒΑΛὼν
1412 868 1615 937 καινόν
1660 871 2143 936 emendavimus
2188 873 2618 948 μεταΛΛΒῶν
2658 873 2724 936 in

360 978 502 1044 γαν.
562 980 749 1044 Lacu.
806 999 956 1067 pag.
1010 977 1162 1046 572.
1235 978 1481 1044 Eodem
1546 976 1736 1041 modo
1780 974 2039 1041 Platoni
2081 975 2479 1041 reddendum
2520 999 2727 1055 μετα·

347 1092 610 1152 ΛΑΒεῖν
662 1085 733 1150 τὸ
778 1091 1009 1165 σχῆμα
1053 1085 1125 1150 τὸ
1171 1086 1286 1162 μὲν
1331 1083 1433 1147 σὸν
1479 1082 1641 1160 ἐγώ,
1689 1082 1765 1145 σὺ
1812 1081 1876 1147 δὲ
1921 1081 2166 1160 τούμόν.
2262 1082 2555 1166 Depoeita
2600 1106 2723 1148 noa

334 1211 598 1271 perrona
654 1212 876 1256 rumam
934 1197 1131 1267 tuam,
1195 1190 1444 1274 itemque
1511 1196 1580 1252 tu
1626 1210 1827 1252 meam.
1900 1185 2364 1264 Μεταβάλλειν
2407 1188 2477 1252 id
2522 1195 2618 1254 est
2658 1191 2723 1250 ia

299 1352 313 1366 ,
346 1294 533 1358 diam
559 1294 834 1379 formam
876 1301 1211 1361 convertere
1255 1295 1334 1359 ab
1379 1292 1751 1359 huiusmodi
1796 1313 1863 1358 re
1904 1291 2188 1359 alienum
2232 1299 2332 1359 est
2345 1339 2364 1371 ,
2412 1299 2479 1357 et
2524 1316 2722 1372 μετα-

346 1397 574 1476 βάλλω
620 1399 691 1464 τὸ
737 1399 841 1464 σὸν
886 1406 1117 1480 σχῆμα
1164 1398 1286 1476 ἐγώ
1335 1405 1431 1464 est
1475 1397 1663 1483 plane
1709 1418 1898 1463 sensu
1940 1419 2237 1465 vacuum.

437 1608 843 1694 Quamquam
885 1608 1144 1697 Dialogi
1190 1613 1410 1675 auctor
1452 1610 1520 1673 in
1568 1611 1831 1675 caeteris
1876 1611 2189 1676 rationem
2226 1613 2595 1693 temporum
2634 1611 2719 1674 di·

344 1714 620 1801 lig-enter
664 1717 979 1792 servavit,
1022 1717 1260 1781 erravit
1303 1719 1518 1779 tamen
1567 1717 1636 1778 in
1681 1733 1755 1778 eo
1800 1714 1969 1798 quod
2010 1716 2265 1799 scripsit
2308 1734 2460 1800 pag.
2492 1713 2642 1780 118.
2663 1733 2716 1780 c.

346 1817 607 1896 λέγεται
659 1817 712 1906 (ὃ
759 1827 1083 1904 Περικλῆς)
1130 1821 1236 1885 οὐκ
1277 1818 1401 1883 άπὸ
1448 1823 1558 1883 τοῦ
1604 1817 1965 1896 αὐτομάτου
2012 1818 2205 1901 σοφὸς
2244 1819 2575 1897 γεγονέναι
2610 1822 2717 1885 α’λ·

345 1923 438 1989 λοὶ
499 1932 751 1996 πολλοῖς
809 1925 917 1990 καὶ
961 1931 1173 2007 σοφοῖς
1220 1923 1670 2003 συγγεγονέναι
1719 1922 1824 1988 καὶ
1872 1924 2244 2006 Πυθοκλείδῃ
2290 1925 2395 1989 καὶ
2448 1923 2721 2001 Ἀναξα-

345 2027 541 2112 γόρᾳ·
588 2030 693 2094 καὶ
742 2039 926 2096 ΝΤΝ
967 2032 1141 2095 ”eTl
1187 2033 1545 2103 τηλικοῦτος
1587 2027 1664 2091 ὢν
1707 2026 1959 2105 Δάμωνι
1998 2026 2238 2104 {ioman
2277 2031 2474 2095 αὐτοῦ
2512 2030 2721 2097 τούτου

344 2131 548 2199 ἕνεκα.
640 2134 939 2201 Primum
1008 2137 1483 2220 compositionis
1540 2132 1754 2199 labem
1814 2134 2060 2220 corrige
2120 2133 2513 2218 reponendo:
2575 2136 2720 2199 ἀλλ’

345 2236 588 2325 (ἄλλοις
657 2239 755 2327 τε)
819 2249 1073 2313 πολλοῖς
1132 2240 1237 2305 καὶ
1286 2245 1500 2321 σοφοῖς
1549 2236 1998 2316 συγγεγονέναι
2044 2237 2151 2303 καὶ
2199 2238 2575 2322 Πυθοκλείδῃ
2620 2264 2718 2305 και

327 2342 766 2428 ,ἫΑναξαγόρα
861 2343 1136 2411 Fallitur
1194 2350 1411 2411 autem
1472 2342 1642 2428 quod
1700 2346 1888 2427 putat
1942 2342 2261 2409 Periclem
2321 2364 2487 2409 anno
2556 2343 2720 2422 430,

346 2468 474 2514 uno
521 2468 683 2514 anno
728 2453 876 2514 ante
922 2454 1230 2528 mortem,
1278 2448 1588 2515 Damonis
1633 2448 2086 2514 consuetudine
2132 2468 2325 2513 usum
2370 2470 2528 2514 esse.
2594 2448 2725 2515 Diu

344 2559 492 2620 ante
545 2553 796 2621 Damon
857 2557 925 2619 in
988 2555 1288 2620 exsilium
1345 2557 1526 2619 ierat.
1609 2552 1993 2620 Plutarchus
2035 2557 2105 2618 in
2148 2554 2388 2619 Pericle
2431 2575 2567 2641 cap.
2614 2553 2721 2620 IV.

345 2660 375 2725 ὅ
423 2659 661 2738 Δάμων
684 2698 769 2709 -
793 2662 871 2734 ὥς
920 2659 1486 2739 μεγαλοπράγμων
1532 2658 1636 2724 καὶ
1685 2660 2121 2741 φιλοτύραννος
2166 2658 2614 2741 ἐξωςρακίσθη,
2660 2666 2725 2727 et

343 2769 633 2831 constans
678 2771 812 2832 erat
857 2766 1029 2831 fama
1071 2763 1391 2830 Periclem
1430 2784 1559 2830 non
1605 2767 1811 2829 aetate
1861 2771 2234 2849 provectum
2272 2765 2387 2831 sed
2424 2767 2725 2832 iuvenem

342 2867 649 2936 Damonis
707 2872 1056 2955 praeceptis
1117 2890 1251 2935 esse
1290 2871 1686 2935 institutum.
1759 2867 1833 2933 In
1876 2868 2167 2936 Platonis
2213 2866 2465 2936 Comici
2508 2869 2725 2935 fabula

345 2973 542 3059 (apud
584 2973 761 3040 Plut.
810 2975 854 3040 1.
902 2974 977 3063 1.)
1023 2973 1275 3040 Damon
1318 2973 1629 3060 agebatur
1674 2975 1742 3037 in
1787 2993 1974 3040 scena
2017 2975 2485 3061 quaerebatque
2527 2996 2607 3040 ex
2653 2995 2724 3040 eo

340 3077 609 3164 aliquis:

614 3189 847 3265 πρῶτον
890 3186 1004 3265 μὲν
1051 3182 1150 3251 οὖν
1195 3209 1297 3263 μοι
1349 3182 1554 3262 λέξον,
1604 3186 1910 3263 άντιβολῶ
1932 3207 1946 3224 ·
1996 3186 2072 3252 σὺ
2117 3184 2246 3267 γάρ

612 3286 690 3361 ὥς
734 3296 897 3371 φασι
946 3291 1167 3371 Χείρων
1213 3290 1543 3371 ἐξέθρεψας
1590 3289 1915 3370 Περικλέα.

433 3394 741 3462 Damonis
787 3396 867 3461 ob
912 3396 1381 3481 philosophiam
1423 3395 1920 3461 Atheniensibus
1962 3397 2156 3462 invisi
2198 3396 2505 3463 exsilium
2551 3418 2716 3464 com-

341 3505 810 3567 memoraverat
864 3503 1060 3567 etiam
1109 3499 1482 3587 Polycrates
1538 3501 1599 3564 έν
1644 3510 1721 3583 τῇ
1767 3506 1876 3566 τοῦ
1926 3499 2286 3581 Σωκράτους
2335 3504 2712 3584 κατηγορίᾳ,

341 3624 535 3689 quem
593 3604 900 3672 Libanius
959 3626 1084 3672 non
1142 3608 1546 3671 nominatum
1593 3605 1654 3668 ἐν
1701 3614 1780 3687 τῇ
1836 3609 1943 3670 τοῦ
1994 3605 2353 3686 Σωκράτους
2400 3606 2713 3687 ἀπολογία

340 3710 434 3775 sic
493 3710 728 3775 refutat
788 3708 1130 3783 Το111.,ΙΠ.
1195 3731 1342 3798 pag.
1390 3708 1502 3775 56.
1566 3708 1803 3788 Δάμων
1868 3709 1931 3775 δὲ
1993 3712 2045 3775 εἷ
2105 3712 2222 3789 μὲν
2277 3712 2468 3787 ἠδίκει
2514 3717 2713 3783 καλῶς

344 3813 772 3895 ἐκβέβληται,
840 3817 892 3882 εἰ
956 3816 1018 3881 δὲ
1077 3816 1555 3896 ἐσυκοφαντεῖτο
1616 3822 1887 3896 κρεῖττον
1952 3811 2018 3890 ἦν
2077 3816 2221 3894 μηδ’
2271 3817 2495 3883 ἐκεῖνον
2539 3820 2711 3882 τοῦτο

342 3922 563 3987 παθεῖν
623 3920 657 3996 ἢ
714 3920 789 3986 δι’
836 3923 1054 3987 ἐκεῖνον
1100 3920 1205 3985 καὶ
1255 3918 1607 4000 Σωκράτην.
1655 3920 1855 3986 καίτοι
1901 3919 2093 4004 φησὶν
2143 3921 2564 4009 (Polycrates)
2615 3920 2710 3985 ἐπ’

343 4025 674 4092 ἐλάττοσιν
733 4026 966 4100 αἰτίαις
1028 4023 1390 4102 ἐξελαθῆναι
1443 4024 1549 4090 τὸν
1594 4023 1916 4103 Δάμωνα·
1979 4029 2192 4091 τοῦτον
2239 4027 2367 4108 γάρ
2412 4028 2560 4106 μηδ’
2601 4025 2709 4091 ὑπὸ

337 4109 461 4196 τάν
509 4132 733 4212 ἐχθρῶν
776 4131 987 4197 αἰτίαν
1030 4134 1138 4197 τοῦ
1185 4130 1526 4196 καταλύειν
1570 4130 1673 4196 τὸν
1718 4130 1904 4210 δῆμον
1949 4131 2178 4211 λαβεῖν
2216 4130 2416 4214 ὥσπερ
2453 4132 2559 4197 τὸν
2595 4131 2709 4197 νυνὶ

340 4233 698 4316 κρινόμενον.

430 4338 673 4404 Melius
717 4361 831 4423 pro
873 4340 1159 4407 Damone
1204 4341 1620 4428 Protagoram
1666 4345 2087 4419 nominasset,
2152 4364 2425 4427 quocum
2475 4350 2703 4408 constat
