2934 5050
357 307 442 371 84
1288 321 1365 369 An
1410 321 1814 369 mucvmnzn.

355 493 861 582 subtersuqerant
926 493 1017 582 (et
1074 511 1247 558 nune
1313 491 1658 582 sedebant).
1763 489 1901 557 Non
1964 510 2126 579 opus
2183 509 2322 556 esse
2389 489 2453 555 in
2528 510 2606 556 ea
2679 509 2747 557 re

356 597 1030 685 Plusquamperseeto,
1084 598 1401 664 neminem
1454 597 1696 665 Graece
1743 598 2024 684 peritum
2076 594 2320 662 latebit.

446 703 605 792 Cap.
673 710 758 772 98
833 706 1039 771 initio,
1137 703 1348 786 Μέχρι
1412 704 1528 783 μὲν
1575 700 1669 770 οὖν
1712 704 1764 770 οἱ
1812 700 2060 780 τοξόται
2108 699 2282 786 εἶχόν
2327 727 2399 768 τε
2445 702 2532 769 τὰ
2582 702 2745 783 βέλη

354 813 566 885 αὐτοῖς
632 812 734 876 καὶ
783 807 892 878 οἷοί
936 836 1006 877 τε
1056 807 1212 886 ἦσαν
1255 811 1565 892 χρῆσθαι,
1616 810 1666 874 οἱ
1710 809 1762 873 δ’
1810 811 2138 891 άντεῖχον·
2188 806 2569 888 τοξευόμενοι
2619 810 2749 892 γάρ

352 918 403 983 οἱ
453 918 714 984 Αἰτωλοὶ
776 917 1194 1006 [ἄνθρωποι
1241 916 1499 1003 ψιλοὶ]
1551 915 1984 984 άνεςέλλοντο..
2024 914 2338 1001 Suspecta
2390 913 2547 978 mihi
2594 924 2750 980 sunt

354 1042 518 1109 quae
580 1024 750 1109 sepsi
820 1025 1092 1090 unciniS.
1182 1020 1345 1087 Nam
1398 1039 1478 1086 ne
1527 1021 1782 1087 ὁπλῖται
1831 1021 2093 1107 quiden]
2144 1020 2399 1105 sagittis
2446 1028 2602 1086 sunt
2655 1020 2752 1086 in·

350 1127 784 1194 vuinerabiies
830 1138 893 1195 et
942 1129 1061 1215 ipsi
1111 1126 1429 1213 sagittarii
1486 1145 1606 1191 non
1658 1127 1877 1192 minus
1923 1126 2101 1206 ψιλοί
2148 1133 2333 1192 erant
2385 1145 2579 1212 quam
2633 1127 2750 1192 Ae·

357 1232 488 1298 toli.
562 1233 880 1299 Videntur
940 1244 1154 1299 antem
1223 1233 1343 1297 ista
1408 1230 1715 1297 voeabula
1781 1230 1908 1296 hue
1981 1230 2306 1319 adscripta
2370 1251 2511 1297 esse
2560 1252 2598 1297 e
2646 1251 2754 1298 se·

354 1338 733 1425 quentibus:
818 1341 868 1405 οἱ
925 1340 977 1403 δ’
1031 1337 1295 1404 Αἰτωλοὶ
1360 1335 1847 1419 ἐσακοντίζοντες
1904 1336 2171 1411 πολλοὺς
2233 1339 2346 1417 μὲν
2417 1339 2615 1404 αὐτοῦ
2691 1339 2758 1403 ἔν

353 1452 432 1526 τῇ
495 1454 687 1528 τροπῇ
753 1446 924 1510 κατα
971 1443 1168 1517 πόδας
1216 1445 1521 1524 αἱροῦντες
1571 1441 1969 1525 ἄνθρωποι
2021 1446 2304 1518 ποδώκεις
2354 1444 2461 1509 καὶ
2509 1444 2756 1527 ψιλοὶ

356 1550 717 1632 διέφθειρον,
775 1549 878 1616 ubi
930 1558 1085 1614 sunt
1131 1550 1488 1636 aptissima.
1571 1547 1731 1614 Vide
1779 1550 1972 1615 etiam
2026 1569 2164 1635 cap.
2223 1553 2347 1614 112
2392 1547 2564 1615 med.

446 1655 595 1742 Cep.
632 1660 777 1722 115.
823 1655 1337 1737 ἀναχωρήσαντες
1384 1653 1438 1719 δ’
1486 1656 1547 1729 ἐς
1596 1656 1836 1733 Ῥήγιον
1875 1655 2212 1737 Πυθόδωρον
2254 1655 2356 1721 τὸν
2396 1656 2757 1738 Ἰσολόχου,

363 1762 695 1837 ’Λθηναίων
742 1762 1188 1844 ςρατηγὸν,
1235 1761 2055 1841 καταλαμβάνουσιν
2094 1762 2749 1836 ἕπὶταςναῦςδιάδο-

354 1890 473 1948 χον
532 1864 608 1933 ὧν
674 1870 702 1933 ὃ
763 1867 993 1950 Λάχης
1057 1864 1231 1950 ἦρχε.
1312 1867 1704 1952 Praepositio
1767 1868 1867 1933 ἐπὶ
1932 1887 2079 1933 eum
2134 1870 2281 1935 Aee.
2333 1887 2541 1954 neque
2590 1888 2747 1934 eum

358 1974 964 2053 καταλαμβάνουσιν
1012 1974 1191 2058 iungi
1246 1980 1448 2057 potest
1503 1991 1707 2058 neque
1755 1993 1902 2039 eum
1955 1972 2256 2055 διάδοχον.
2331 1972 2552 2040 Set-iba
2599 1994 2750 2060 pro·

358 2076 507 2143 clivi
547 2099 764 2145 errore
805 2086 2199 2146 CTPATHFONKATAAAMBANOTCIN
2229 2078 2458 2164 legisse
2484 2079 2753 2146 videtur

362 2204 478 2271 pro
525 2190 2327 2263 CTPATHPONHKONTAKATAAAMBANOTCIN,
2378 2186 2416 2250 ἰ.
2468 2204 2523 2250 e.
2574 2209 2758 2265 ςρα-

361 2291 620 2370 τηγὸν
666 2290 962 2368 ἥκοντα
1003 2287 1822 2369 καταλαμβάνουσιν
1865 2291 2112 2364 ε’πὶτας
2137 2294 2284 2362 ναῦς
2310 2288 2596 2373 διάδοχον
2621 2291 2756 2356 κτὲ.

458 2499 628 2567 Luem
690 2500 774 2567 lv
832 2520 974 2589 cap.
1044 2505 1107 2569 6.
1179 2499 1322 2581 ἅμα
1387 2500 1449 2567 δὲ
1516 2503 1670 2586 πρῲ
1724 2501 2125 2583 ἐσβαλόντες.
2223 2501 2462 2569 Vocula
2502 2501 2633 2585 πρῲ
2682 2502 2754 2567 de

361 2607 567 2693 primo
633 2630 775 2674 vere
823 2610 1117 2695 quamvis
1168 2627 1392 2695 parum
1448 2610 1757 2674 usitatum
1811 2611 1969 2675 satis
2018 2608 2269 2675 defendi
2321 2607 2581 2675 videtur
2635 2628 2760 2673 usn

366 2712 833 2780 adieetivorum
885 2717 1073 2798 πρῷος
1125 2725 1188 2780 et
1227 2716 1501 2797 πρῷμος,
1551 2713 1853 2780 similiter
1892 2715 2044 2780 anni
2089 2723 2535 2802 tempestatem
2577 2734 2762 2800 spec·

365 2821 669 2886 tantinm.
764 2819 943 2903 Quod
993 2831 1209 2888 autem
1260 2819 1785 2887 substituendum
1839 2822 2171 2908 proposuit
2216 2822 2279 2886 in
2328 2821 2564 2887 Herme
2607 2820 2765 2887 Mei-

370 2927 600 2994 nekius
647 2925 734 3010 ἦρι
784 2948 857 2995 eo
903 2929 1120 2993 minus
1171 2925 1612 3015 probandum,
1685 2925 1854 3013 quod
1905 2927 1994 2992 ita
2057 2928 2500 3013 unusquisque
2552 2925 2768 2992 lector

370 3043 594 3099 eontra
642 3044 921 3101 mentem
974 3034 1263 3100 historici
1306 3030 1425 3111 ἅμ’
1475 3028 1562 3113 ἦρι
1612 3033 2006 3099 coniunctim
2059 3034 2346 3099 lecturus
2393 3041 2553 3099 erat.

460 3140 611 3227 Cap.
681 3146 742 3205 8.
830 3140 1181 3223 ἐλπίζοντες
1257 3139 1470 3224 ῥαδίως
1552 3140 1821 3220 αἱρήσειν
1897 3139 2280 3218 οἰκοδόμημα
2338 3138 2440 3205 δια
2507 3135 2765 3218 ταχέων

371 3245 772 3327 εἰργασμένον
856 3246 960 3311 καὶ
1026 3246 1451 3327 άνθρώπων
1500 3244 1726 3324 ὀλίγων
1774 3245 2040 3313 ἐνόντων.
2118 3245 2206 3311 De
2252 3243 2562 3310 militibus
2609 3244 2765 3329 qnia

372 3369 585 3416 sermo
630 3359 766 3430 est,
816 3353 1032 3418 neseio
1070 3371 1150 3417 an
1192 3349 1647 3436 corrigendum
1691 3352 1772 3416 sit
1818 3350 2120 3432 ἀνδρῶν
2161 3370 2275 3437 pro
2313 3348 2766 3432 ἀνθρώπων,

373 3457 499 3521 nisi
551 3456 711 3524 sorte
761 3457 1140 3524 vocabulum
1195 3467 1291 3524 est
1340 3456 1716 3544 glossatoris
1766 3455 2305 3522 additamentum.

462 3563 614 3652 Cap.
676 3573 775 3631 ll.
826 3564 983 3644 ἐβόα
1029 3563 1231 3644 λέγων
1276 3566 1351 3638 ὥς
1402 3563 1509 3629 οὐκ
1554 3563 1712 3634 εἰκὸς
1760 3561 1853 3638 εἴη
1896 3562 2153 3641 ξύλων
2191 3559 2583 3646 φειδομένους
2625 3562 2762 3628 κτὲ.

372 3669 662 3737 Naberus
713 3671 1087 3758 (Versiagen
1138 3690 1213 3735 en
1268 3668 1786 3754 mededeeiingen
1838 3667 1953 3735 der
2000 3650 2161 3733 Kon.
2214 3666 2407 3733 Aead.
2459 3686 2581 3732 van
2633 3687 2766 3734 we·

374 3775 625 3844 tenseh.
679 3776 807 3843 ard.
860 3776 998 3843 lett.
1059 3775 1257 3865 1870)
1306 3795 1419 3863 pro
1466 3772 1667 3851 ξύλων
1713 3775 1991 3840 coniecit
2046 3772 2288 3853 κάλων,
2342 3782 2410 3839 ut
2467 3772 2770 3839 Brasides

378 3901 538 3948 usus
580 3903 720 3949 esse
768 3890 1032 3970 putetur
1080 3881 1386 3947 vocabulo
1431 3880 1779 3956 Laconico,
1828 3878 1998 3965 qnod
2045 3887 2145 3945 est
2191 3880 2258 3944 in
2309 3889 2459 3945 nota
2496 3878 2772 3966 epistola

381 3987 551 4076 apud
614 3989 1095 4075 Xenophontem
1160 3988 1223 4053 in
1290 3987 1665 4053 nettenieis:
1729 3983 1875 4067 ἔρρει
1939 3986 2024 4050 τὰ
2087 3989 2301 4052 κᾶλα
2365 3987 2496 4051 κτὲ.
2589 3985 2772 4066 Quae

383 4115 510 4161 non
557 4094 760 4160 solnm
814 4095 1284 4175 incertissima,
1336 4092 1442 4160 sed
1494 4095 1687 4159 etiam
1742 4112 1969 4178 parum
2024 4091 2371 4177 probabilis
2413 4108 2513 4156 me
2554 4089 2776 4157 iudice

385 4201 667 4289 suspicio
704 4212 823 4268 est.
874 4200 1033 4269 Nam
1076 4221 1195 4266 cur
1231 4200 1394 4277 ξύλα
1436 4198 1541 4264 hie
1568 4217 1764 4263 naves
1791 4206 1967 4264 recte
1992 4195 2553 4272 dicidubitentuS,
2608 4216 2774 4262 nen·

391 4308 637 4396 tiquam
697 4326 1024 4395 assequor.
1096 4307 1301 4372 Immo
1365 4304 1427 4371 h.
1480 4305 1517 4370 Ι.
1568 4324 1642 4371 ex
1697 4323 1834 4370 mea
1884 4301 2144 4390 quidem
2195 4302 2513 4369 sententia
2563 4301 2775 4368 mutto

387 4415 601 4501 aptius
635 4423 734 4483 est
771 4413 848 4481 ad
888 4420 1325 4498 contemptum
1368 4409 1866 4496 significandum
1902 4429 2095 4497 qnam
2134 4406 2555 4485 vocabulum,
2596 4407 2771 4495 quod
