2934 5050
1040 278 1426 326 rmnommca
1472 279 1546 325 ιιι·
1592 279 1848 326 carrion.
2553 263 2636 325 55

237 444 427 521 ἰῶτα,
494 443 650 512 ἄνευ
709 452 814 513 τοῦ
862 447 1038 513 ἰῶτα.
1136 447 1208 513 In
1259 447 1378 514 hoc
1428 449 1565 535 ipso
1612 456 1946 515 ΤΡΩΙΟΟ
1997 446 2129 514 iam
2174 454 2428 516 veteres
2480 464 2633 512 non-

239 547 398 613 nulli
450 551 892 637 ambigebant.
988 551 1083 617 Ad
1134 552 1203 619 ll.
1255 564 1330 619 Ε.
1386 558 1505 619 461

509 656 734 740 ΤΡςῦσις
782 660 845 724 δὲ
892 659 1086 739 ςίχας
1126 654 1299 733 οὖλος
1339 662 1534 741 ’Ἀρης
1581 658 1795 741 ὤτρυνε
1842 657 2173 736 μετελθών.

240 758 580 845 perierunt
647 762 899 829 Scholia
962 766 1271 851 antiqua,
1337 764 1447 830 sed
1512 785 1586 831 ex
1653 764 1990 830 (lodicibus
2055 761 2159 828 LV
2217 762 2520 829 affertur:
2567 764 2628 829 ἐν

235 874 310 945 τῦ
374 877 697 951 Σινωπικῇ
760 869 866 935 καὶ
929 871 1173 954 Κυπρίῳ
1236 871 1341 936 καὶ
1387 869 1780 952 Ἀντιμάχου
1829 868 2147 950 Τρωΐας
2196 864 2334 949 εἶχε
2383 870 2492 935 σὺν
2537 871 2623 950 τῷ

238 972 420 1050 ἰῶτα,
467 976 554 1047 ὥς
605 974 903 1048 ἵππους
950 977 1028 1042 δὲ
1068 975 1462 1056 Τρωΐους·
1515 979 1550 1053 ἧ
1589 977 1798 1056 μέντοι
1837 977 1996 1050 κοινῆ
2037 980 2314 1056 Τρῶας
2355 977 2432 1048 ὡς
2476 977 2625 1040 Κᾶ-

235 1101 377 1157 ρας,
432 1079 549 1143 ubi
603 1080 815 1147 scribe
859 1082 1080 1163 Τρῳάς
1129 1090 1193 1146 et
1239 1081 1502 1163 Τρῳούς.
1601 1081 1766 1166 Ergo
1809 1079 2272 1146 vetustissimis
2312 1078 2626 1145 Editioni·

236 1181 351 1248 bus
414 1182 732 1271 Sinopica
797 1195 862 1252 et
926 1185 1162 1274 Cypria
1221 1196 1284 1252 et
1335 1185 1701 1253 Antimachi
1752 1195 1891 1252 erat
1939 1205 2099 1272 opus
2148 1193 2221 1251 ut
2269 1184 2626 1250 constitue·

236 1297 413 1355 retur
471 1299 709 1357 utrum
778 1290 995 1374 Τρῳάς
1042 1311 1123 1358 an
1170 1299 1389 1374 Τρῶας
1437 1300 1606 1359 esset
1653 1289 2064 1358 scribendum
2092 1340 2109 1370 ,
2161 1300 2225 1357 et
2265 1288 2625 1377 praevaluit

236 1393 296 1458 in
369 1395 645 1482 vulgata
711 1396 936 1463 vitiosa
1000 1399 1327 1483 scriptura
1389 1405 1628 1479 Τρῶας.
1746 1396 2004 1463 Poterat
2063 1405 2280 1462 tamen
2346 1395 2425 1460 lis
2483 1395 2623 1462 sine

229 1505 405 1566 tanto
457 1501 799 1569 molimine
846 1524 924 1570 ex
970 1511 1146 1570 certa
1199 1503 1491 1588 analogia
1537 1503 1869 1588 componi,
1935 1510 2007 1568 ut
2071 1521 2216 1567 mox
2263 1498 2619 1566 ostendam.

235 1604 542 1692 Superest
606 1608 799 1674 etiam
870 1611 932 1674 in
999 1609 1339 1676 Codicibus
1399 1607 1552 1675 BLV
1608 1606 1948 1674 Nicanoris
1993 1613 2099 1675 τοῦ
2146 1607 2490 1688 simma-lov
2538 1605 2618 1672 ad

234 1709 292 1776 h.
352 1710 394 1780 1.
453 1716 799 1779 annotatio
847 1714 1032 1781 haec:
1087 1713 1396 1798 Τρῳάςε
1461 1714 1599 1779 ἀντὶ
1648 1719 1756 1780 τοῦ
1798 1714 2083 1796 Τρωϊκάς
2112 1763 2129 1793 ,
2181 1713 2284 1777 καὶ
2333 1711 2428 1778 δεῖ
2470 1711 2618 1776 ὑπο-

230 1817 410 1898 ςίζειν
470 1822 563 1893 εἰς
631 1823 701 1887 τὸ
763 1821 1054 1901 elxam.
1116 1822 1168 1886 εἷ
1219 1821 1281 1886 δὲ
1321 1818 1645 1903 γράφεται
1691 1826 1972 1902 Τρῶοις
2021 1822 2055 1898 ἢ
2105 1820 2190 1892 εἷς
2238 1818 2308 1883 τὸ
2353 1819 2616 1897 elxam

233 1924 593 1993 ὑποςικτέον
646 1923 718 1990 ἵν’
781 1923 816 2007 ᾖ
886 1933 1170 2007 Τρῶας
1237 1926 1377 1992 ἀντὶ
1443 1931 1550 1992 τοῦ
1614 1927 1891 2006 Τρώων
1953 1929 2031 1999 ὥς
2099 1924 2351 2006 ’ἐρινεὸν
2412 1922 2615 2001 τάμνε

230 2028 384 2103 νέους
446 2030 776 2110 &pa-nna?
845 2031 1056 2119 (Iliad.
1125 2041 1196 2098 Φ.
1265 2032 1414 2118 58),
1477 2031 1512 2108 ἢ
1570 2033 1657 2103 εἷς
1704 2031 1776 2096 τὸ
1824 2032 1900 2097 δέ
1950 2031 2301 2099 ὑποςικτέον
2345 2025 2417 2095 ἵν’
2464 2026 2499 2111 ᾖ
2547 2029 2619 2095 τὸ

231 2132 399 2210 ἑξῆς·
467 2144 697 2219 Τρῶας
756 2139 974 2220 ὤτρυνε
1020 2139 1138 2212 τοὶς
1185 2138 1380 2218 :lxxa
1426 2136 1758 2215 μετελθών.
1858 2135 1960 2202 En
2009 2157 2116 2204 cor
2163 2135 2496 2212 Zenodoti,
2545 2155 2646 2199 en·

228 2241 394 2306 iecur
459 2243 753 2309 Cratetis.
853 2243 982 2310 Hoc
1048 2244 1309 2311 demum
1376 2251 1475 2309 cst
1542 2244 1983 2329 interpretari!
2074 2240 2198 2309 Sed
2263 2261 2437 2307 nunc
2501 2239 2620 2306 hoc

236 2356 483 2415 tantum
568 2369 689 2434 ago
764 2358 832 2414 ut
911 2349 1344 2415 demonstrem
1411 2359 1660 2415 veteres
1724 2367 1976 2435 quoque
2039 2351 2385 2433 magistros
2452 2347 2622 2413 inter

231 2453 441 2536 Τρῳάς
492 2462 567 2521 et
615 2461 830 2536 Τρῶας
878 2454 1106 2520 dubios
1153 2455 1453 2521 haesisse.
1551 2454 1638 2521 De
1686 2452 1891 2520 forma
1936 2454 2157 2537 Τρωάς
2205 2473 2394 2521 nemo
2440 2452 2619 2538 cogi·

237 2568 356 2635 tat.
413 2580 590 2647 quae
654 2560 824 2627 nulla
889 2570 1029 2627 erat
1070 2563 1351 2628 omnino.
1445 2560 1632 2627 Nulla
1680 2569 1777 2627 est
1833 2560 2003 2646 apud
2053 2560 2319 2628 Veteres
2368 2569 2618 2625 contro·

236 2667 436 2733 versia
490 2668 654 2754 quin
703 2676 1034 2734 ΤΡΩΙΟΟ
1083 2667 1190 2733 ubi
1239 2667 1323 2732 sit
1371 2666 1757 2755 disyllabum
1810 2663 2012 2748 Τρῳάς
2060 2665 2259 2731 scribi
2303 2672 2615 2751 oporteat.

235 2769 399 2838 Dabo
449 2782 676 2839 testes·
752 2773 1152 2840 Herodianus
1219 2772 1298 2838 ad
1369 2781 1453 2838 Ψ.
1522 2777 1672 2840 291.
1729 2773 2047 2853 Τρῳούς
2087 2774 2191 2845 ’ὥς
2254 2769 2615 2841 πολλούς

233 2877 614 2957 ἀνεγνώσθη.
665 2882 1032 2961 προείπομεν
1076 2880 1138 2945 δὲ
1184 2879 1316 2960 περὶ
1364 2887 1476 2955 τῆς
1516 2879 1871 2961 προσῳδίας.
1968 2875 2207 2962 Nempe
2250 2874 2328 2941 ad
2369 2883 2444 2941 E.
2485 2876 2609 2939 461

237 2982 339 3047 ubi
386 2984 650 3051 Scholia
692 2987 958 3072 antiqua
1002 2987 1064 3050 in
1113 2984 1340 3051 lacuna
1388 2984 1640 3051 Codicis
1686 2982 1991 3050 Marciani
2036 2992 2096 3046 A
2136 3002 2252 3047 nos
2286 2978 2615 3046 deficiunt.

237 3088 718 3157 Grammaticus
756 3092 1040 3157 Crameri
1085 3090 1382 3157 laudatus
1419 3111 1454 3156 a
1496 3088 1819 3157 Dindorfio
1846 3089 1910 3153 in
1935 3086 2125 3153 Thes,
2152 3085 2309 3152 τὸδὲ
2349 3082 2612 3167 Τρῳάς

238 3197 615 3278 παραλόγως
663 3195 923 3274 ὠξύνθη.
974 3197 1217 3277 γίνεται
1263 3191 1361 3262 οὖν
1409 3198 1480 3262 ἐκ
1524 3201 1633 3263 τοῦ
1680 3197 1848 3277 Τρώς
1894 3193 2097 3275 Τρωός
2145 3201 2205 3259 Τ
2221 3217 2252 3274 ρ
2273 3192 2457 3265 ὠϊος
2506 3188 2610 3255 καὶ

241 3304 532 3384 Τρῳάς.
586 3301 845 3374 »ἵππους
892 3304 953 3369 δὲ
997 3303 1365 3385 Τρῳούς”
1410 3303 1509 3389 (ll.
1562 3314 1643 3369 Ψ.
1700 3301 1879 3389 291).

326 3408 412 3474 Ex
483 3409 591 3474 his
652 3408 844 3476 credo
892 3409 1021 3474 iam
1072 3407 1258 3475 facile
1306 3417 1403 3475 est
1451 3409 1765 3474 rationem
1817 3401 2200 3472 concludere
2242 3410 2307 3468 et
2356 3400 2614 3485 linguae

248 3511 616 3582 Homericae
663 3515 1022 3598 analogiam
1072 3513 1345 3579 firmiter
1384 3516 1804 3580 constituere.
1871 3506 2425 3592 Quemadmodum
2469 3524 2616 3571 con·

247 3626 486 3688 stanter
550 3631 665 3687 aut
724 3620 1032 3703 Τρωὶόὶδες
1096 3629 1210 3686 aut
1272 3620 1556 3704 Τρῳάδες
1620 3617 1863 3686 dicitur
1923 3614 2074 3705 (non
2120 3611 2459 3700 Τρωιάδες),
2522 3609 2617 3676 sic

248 3734 352 3790 aut
407 3729 636 3810 Τρῶϊος
699 3735 811 3794 aut
871 3725 1071 3810 Τρῳάς
1133 3746 1386 3793 summa
1454 3725 1813 3793 constantia
1868 3722 2305 3791 scribendum.
2403 3715 2616 3798 Tpcooel

250 3847 445 3917 neque
509 3842 708 3900 testes
774 3832 961 3899 habet
1022 3841 1087 3899 et
1148 3853 1296 3898 cum
1363 3832 1657 3917 analogia
1722 3839 1985 3917 pugnat.
2081 3830 2168 3896 De
2228 3831 2500 3891 accentu
2551 3821 2617 3886 in

249 3937 438 4018 Τρῳάς
511 3939 684 4006 nulla
754 3948 849 4005 est
914 3939 1374 4005 controversia.
1487 3937 1699 4018 Quum
1763 3945 1978 4002 autem
2045 3934 2303 4001 dicatur
2370 3927 2615 4010 ἄρσενες

250 4035 409 4109 ἵπποι
471 4054 784 4112 ΤΡΩΙΟΙ
846 4053 911 4111 et
978 4053 1268 4124 γυναῖκες
1330 4052 1639 4110 ΤΡΩΙΛΙ
1686 4052 1745 4107 et
1798 4042 1968 4115 κύνες
2017 4046 2325 4108 ΤΡΩΙΛΙ
2373 4043 2437 4101 et
2486 4032 2619 4100 δού-

251 4168 404 4222 Ρατιι
447 4159 766 4230 ΤΡΩΙΑ,
813 4152 1039 4237 ecquis
1078 4159 1176 4217 est
1214 4150 1326 4235 qui
1367 4152 1537 4215 serio
1576 4147 1824 4214 dubitet
1865 4149 2021 4233 quin
2066 4148 2127 4213 in
2175 4146 2274 4210 bis
2316 4139 2615 4207 omnibus

253 4257 550 4322 ΤΡΩΙΟΙ
617 4265 681 4322 et
726 4265 1031 4323 ΤΡΩΙΑΙ
1078 4265 1144 4322 et
1191 4264 1469 4322 ΤΡΩΙΛ
1517 4253 1603 4319 sit
1650 4253 2027 4320 vocabulum
2078 4269 2280 4319 unum
2331 4253 2396 4312 et
2441 4244 2609 4312 idem

258 4373 478 4441 genere
532 4361 864 4430 diversum
916 4371 1114 4448 atque
1159 4358 1318 4428 adeo
1366 4379 1495 4427 uno
1541 4357 1893 4447 eodemque
1939 4357 2127 4426 modo
2171 4354 2413 4441 ubique
2458 4353 2615 4424 scri·
