2934 5050
1029 320 1428 367 commune
1494 317 1725 366 ιΑτικΑ.
2440 301 2569 365 425

235 505 357 552 esse
400 485 747 553 credamus,
798 485 923 553 Sed
962 485 1304 553 confirmat
1334 485 1501 552 banc
1544 487 1743 552 crisin
1784 486 2003 552 minus
2028 483 2190 550 bona
2215 483 2572 563 LatinitaS,

230 590 562 677 siquidem,
632 600 704 658 ut
773 594 1096 678 perspexit
1168 591 1541 676 Wagnerus
1602 592 1900 678 quamvis
1967 588 2128 655 nibil
2201 588 2570 656 huiusmodi

227 697 598 780 suspicatus,
651 716 843 782 prava
894 706 990 764 est
1037 696 1350 783 oppositio
1398 697 1570 761 inter
1606 697 1881 773 iuvenis,
1929 715 2093 782 quae
2135 714 2251 760 vox
2291 694 2566 761 alterum

224 818 424 865 sexum
472 822 591 867 non
643 801 980 880 excludat,
1031 812 1095 867 et
1140 802 1418 888 semina,-
1469 809 1540 866 ut
1591 810 1833 867 taceam
1877 781 2043 866 male
2080 804 2255 865 coire
2301 800 2573 866 Caeneus

222 913 279 969 et
328 905 633 984 revoluta,
700 926 863 993 quae
924 927 1029 973 res
1078 906 1396 994 Heynium
1447 907 1697 990 coegit,
1750 913 1822 972 ut
1873 905 2091 972 Caenis
2140 924 2256 991 pro
2305 903 2411 970 illo
2462 924 2573 970 no·

221 1009 377 1076 mine
414 1011 867 1090 substitueret,
916 1010 1336 1100 probantibus
1383 1009 1626 1076 multia.

1112 1116 1254 1182 Vss.
1308 1120 1437 1181 745
1485 1135 1659 1201 sqq.:

375 1258 462 1272 -
505 1219 710 1288 donec
753 1220 943 1306 longa
992 1221 1126 1288 dies
1176 1219 1457 1305 perlecto
1507 1221 1778 1306 tempori
1831 1217 1985 1285 orbe

378 1334 741 1393 concretam
786 1328 1024 1393 exemit
1073 1326 1279 1391 labem
1329 1344 1698 1411 purumque
1745 1323 2009 1410 reliquit

388 1431 747 1497 aetherium
795 1450 1054 1497 sensum
1104 1440 1296 1517 atque
1343 1430 1527 1495 aurai
1575 1427 1886 1513 simplicis
1935 1428 2167 1513 ignem.

388 1534 514 1601 Has
560 1556 743 1602 ouans
792 1535 900 1601 ubi
931 1524 1124 1600 'mille
1172 1543 1375 1599 rotam
1424 1534 1678 1601 volvere
1727 1552 1838 1618 per
1882 1552 2121 1613 annos,

383 1639 734 1707 Lethaeum
786 1641 862 1706 ad
916 1640 1190 1707 fluuium
1242 1639 1401 1705 deus
1447 1648 1671 1704 evocat
1718 1639 1977 1725 agmine
2024 1657 2303 1724 magno,

384 1744 645 1811 Scilicet
697 1747 1110 1810 immemores
1157 1763 1390 1829 supera
1441 1754 1514 1809 ut
1560 1762 1842 1809 convexa
1891 1744 2174 1809 revisant

378 1869 608 1916 rursus
656 1859 720 1915 et
772 1851 1088 1936 incipiant
1138 1850 1200 1913 in
1251 1867 1520 1935 corpora
1572 1847 1729 1914 velle
1777 1848 2033 1913 reverti.

300 1953 590 2021 Servius:
645 1964 880 2020 »rotam
927 1954 1171 2020 volvere
1209 1975 1326 2039 per
1372 1974 1599 2018 annos:
1651 1960 2004 2037 exegerunt
2052 1959 2367 2017 statutum
2418 1961 2581 2019 tem-

219 2076 326 2141 pus
363 2079 471 2143 per
508 2079 828 2125 annorum
875 2058 1374 2124 volubilitatem.
1425 2058 1544 2124 Est
1577 2066 1793 2123 autem
1836 2075 2047 2122 sermo
2086 2057 2352 2123 Ennii.'-’
2402 2057 2579 2124 Hane

217 2161 790 2249 interpretationem
873 2151 1004 2230 fere
1068 2172 1432 2249 sequuntur
1493 2163 1617 2226 viri
1677 2160 1850 2226 docti
1915 2170 2169 2246 praeter
2216 2161 2579 2228 Peerlkam-

221 2266 418 2351 pium‚
483 2271 593 2357 qui
662 2272 803 2335 iure
852 2268 1123 2334 haerens
1175 2270 1238 2332 in
1291 2268 1573 2353 permira
1646 2265 1966 2331 locutione
2031 2286 2258 2352 parum
2311 2265 2584 2333 feliciter

221 2374 502 2438 coniecit:
567 2396 790 2439 aevum
848 2375 1113 2440 volvere.
1189 2371 1346 2437 Nam
1397 2382 1601 2437 rotam
1649 2369 2064 2457 depravatum
2118 2390 2242 2437 non
2291 2390 2428 2437 esse
2476 2390 2580 2437 ex·

226 2482 312 2542 tra
369 2498 620 2547 omnem
683 2478 1147 2546 dubitationem
1227 2478 1504 2565 positum
1570 2495 1709 2542 esse
1771 2475 2087 2557 arbitror3
2143 2475 2252 2542 sed
2294 2476 2579 2556 animae,

224 2581 270 2644 si
356 2604 542 2650 unam
600 2585 843 2651 Ixionis
905 2583 1201 2649 umbram
1272 2582 1645 2668 exceperiS‚
1711 2591 1911 2645 rotam
1975 2582 2217 2647 volvere
2277 2581 2405 2647 dici
2456 2601 2580 2647 uon

230 2698 498 2771 possunt.
573 2689 829 2776 Optime
877 2699 1100 2754 contra
1148 2698 1348 2753 rotam
1394 2687 1638 2752 volvere
1682 2684 1991 2751 dicuutur
2039 2686 2168 2763 sol,
2217 2684 2372 2773 luna
2419 2689 2583 2757 cete-

231 2810 414 2878 raque
474 2815 746 2882 corpora
809 2794 1106 2870 celestia,
1173 2802 1236 2858 et
1299 2790 1616 2857 eiusmodi
1679 2791 1830 2875 quid
1881 2789 2081 2855 latere
2125 2793 2419 2876 suspicor
2466 2789 2586 2855 sub

224 2915 361 2963 voce
420 2900 654 2975 omnis,
721 2918 889 2984 quae
953 2898 1083 2963 sola
1158 2904 1363 2982 potest
1422 2897 1630 2962 iacere
1693 2897 1758 2960 in
1826 2895 2073 2960 mendo.
2163 2896 2305 2983 lpsa
2369 2903 2583 2962 tamen

226 3002 571 3070 emendatio
629 3002 775 3069 aliis
836 3004 1106 3068 fortasse
1163 3000 1395 3067 melius
1438 3000 1620 3067 cedet
1671 3019 1863 3085 quam
1907 3000 2099 3075 mibi;
2163 3019 2307 3066 nam
2360 3003 2423 3067 in
2474 3019 2583 3077 eo,

226 3107 376 3191 quod
421 3110 706 3175 tentavi:

266 3210 427 3290 EaS,
491 3213 654 3278 soles
704 3211 810 3277 ubi
859 3211 1034 3278 mille
1080 3221 1288 3277 rotam
1341 3211 1592 3276 volvere
1641 3228 1755 3295 per
1799 3227 2000 3273 annos
2045 3217 2199 3275 cett.

282 3315 563 3404 displicet
613 3337 771 3382 usus
819 3320 1071 3383 numeri
1121 3316 1426 3393 Pluralis,
1479 3334 1686 3401 neque
1729 3314 1810 3380 ab
1855 3314 2028 3378 omni
2056 3324 2236 3399 parte
2259 3314 2588 3381 satisfacit:

269 3420 386 3487 Has
445 3432 612 3500 tum,
676 3423 854 3509 siqua
922 3422 1028 3487 ubi
1095 3422 1269 3487 mille
1335 3430 1540 3487 rotam
1605 3418 1855 3485 volvere
1918 3438 2033 3504 per
2094 3437 2314 3484 annoS.

309 3526 512 3607 Quare
555 3547 694 3594 rem
745 3528 1151 3594 acutioribus
1199 3528 1578 3613 permittere
1625 3523 1826 3600 malo,
1866 3541 1988 3588 non
2033 3520 2335 3589 dubitans
2374 3532 2589 3588 tamen

231 3631 370 3713 quin
420 3653 638 3699 veram
672 3632 1063 3719 ‘corrigendi
1129 3634 1302 3698 viam
1370 3629 1787 3697 ostenderim.
1878 3627 2148 3693 Interim
2209 3625 2288 3693 cl.
2339 3627 2588 3693 Ennius

231 3752 321 3820 ap.
366 3737 585 3806 Isidor.
635 3737 808 3823 Orig.
859 3743 980 3815 18,
1035 3742 1151 3804 36·
1200 3737 1346 3801 inde
1385 3736 1683 3822 patefecit
1727 3733 1925 3798 radiis
1971 3740 2106 3797 rota
2148 3731 2408 3797 eandida
2456 3752 2589 3798 cae·

233 3836 351 3905 lum
373 3842 613 3909 Senec.
665 3844 738 3908 H.
802 3842 942 3910 Oet.
1000 3847 1207 3907 1022:
1265 3852 1453 3907 testor
1496 3839 1748 3905 nitentis
1796 3840 2156 3922 flammeam
2204 3834 2440 3902 Phoebi
2485 3857 2589 3901 ro-

232 3952 383 4021 tam,
429 3947 662 4015 Tibull.
718 3947 781 4022 1,
839 3952 959 4024 10,
1010 3951 1122 4011 62:
1177 3947 1344 4011 Dum
1387 3958 1523 4010 rota
1564 3944 1848 4031 Luciferi
1890 3951 2171 4028 provocet
2218 3949 2351 4005 orla
2396 3940 2586 4005 diem.

1144 4050 1296 4126 vll,
1350 4054 1477 4116 146
1526 4068 1665 4135 sqq.

847 4158 1128 4222 certatim
1176 4157 1529 4221 instaurant
1577 4154 1816 4239 epulas.

317 4256 664 4327 Obscurum
709 4270 840 4338 est,
885 4281 1016 4348 quo
1055 4270 1242 4347 pacto
1290 4260 1408 4326 hoc
1460 4260 1597 4327 fieri
1648 4258 1925 4345 potuerit
1980 4263 2124 4342 post
2162 4275 2238 4323 ea
2281 4273 2446 4342 quae
2483 4273 2588 4320 su·

244 4378 342 4443 pra
378 4376 630 4434 narrata
685 4376 839 4433 sunt
884 4387 978 4433 vs.
1038 4372 1163 4431 112
1212 4386 1399 4452 sqq.:
