2934 5050
320 293 410 357 80
1228 309 1305 356 ιιι)
1351 306 1762 359 ratramnum

309 476 635 564 vulgatam
683 474 1022 544 defendere
1067 498 1413 567 aggressus
1461 479 1584 544 nisi
1636 478 1800 544 forte
1847 475 1964 545 tibi
2013 475 2222 561 magis
2277 494 2477 562 quam
2529 474 2692 541 mibi

312 585 733 671 persuaserit,
779 582 1051 651 fortasse
1102 605 1355 653 mecum
1408 584 1605 652 facies
1655 584 2075 651 rescribenti:
2132 582 2166 658 ἢ
2214 582 2433 663 σφίσιν
2480 582 2693 655 αὐτοῖς

310 692 445 757 sive
495 689 679 755 malis
727 691 762 767 ἦ
808 691 984 757 αὐτοὶ
1018 692 1298 774 σφίσιν
1344 691 1669 779 (αὐτοῖς)
1711 691 1840 757 κτὲ.
1889 689 2138 776 Quippe
2175 708 2299 754 non
2334 688 2690 774 genuinam

307 815 446 863 esse
500 796 1030 884 praepositionem
1096 799 1221 863 noli
1289 795 1612 863 dubitare.
1719 795 1836 872 Qui
1881 796 2053 863 enim
2101 815 2213 859 sua
2260 793 2460 881 ipsius
2508 794 2697 879 culpa

308 900 526 967 incidie
567 902 634 965 in
683 901 1133 979 calamitatem,
1181 904 1380 986 ἐαυτῷ
1427 903 1819 983 περιπίπτειν
1863 901 2104 968 Graece
2147 897 2408 965 dicitur.
2505 896 2698 985 Apu-t

314 1004 541 1071 Herod.
586 1005 609 1070 Ι
667 1011 792 1072 108
843 1008 1155 1096 Astyages
1201 1009 1279 1075 ad
1309 1010 1714 1095 llas-pagum,
1766 1009 1871 1073 cui
1903 1005 2151 1096 Cyrum
2180 1003 2494 1070 infantem
2520 1004 2698 1070 occi-

310 1109 589 1179 dendum
635 1111 1028 1179 tradiderat:
1079 1112 1376 1194 Ἅρπαγε
1421 1121 1693 1195 πρῆγμα
1725 1115 1795 1180 τὸ
1844 1112 1922 1179 ἄν
1959 1136 2051 1179 τοι
2093 1108 2353 1193 προσθέω
2387 1109 2701 1189 μηδαμῶς

312 1219 721 1302 παραχρήσῃ,
770 1220 927 1297 μηδὲ
966 1221 1079 1298 ἐμέ
1126 1245 1197 1286 τε
1244 1221 1597 1303 παραβάλῃ
1630 1221 1735 1285 καὶ
1777 1218 2008 1293 ἄλλους
2049 1218 2335 1297 ἐλόμενος
2372 1214 2445 1346 ἐξ
2483 1214 2706 1296 ὖςέρης

311 1324 431 1390 σοι
479 1325 691 1405 αύτῷ
738 1325 1208 1410 περιπέσῃς.

405 1426 562 1514 Cap.
625 1433 714 1495 (38
781 1432 999 1496 initio:
1062 1433 1233 1498 κατὰ.
1299 1432 1363 1499 δὲ
1404 1434 1544 1505 τοὺς
1590 1433 1814 1506 αὐτοὺς
1861 1430 2114 1515 χρόνους
2163 1430 2296 1520 [τοῦ
2343 1429 2537 1511 θέρους
2589 1452 2707 1493 τε-

310 1534 698 1622 λευτῶντος].
803 1535 1005 1603 Verba
1071 1538 1315 1604 inclusa
1382 1556 1608 1603 vereor
1663 1557 1742 1603 ue
1789 1538 1919 1604 sint
1970 1536 2368 1624 interpretis.
2444 1533 2536 1601 Cf.
2583 1553 2706 1601 ca·

318 1640 471 1726 pitis
520 1639 963 1726 praecedentis
1006 1643 1286 1709 initium.

401 1746 551 1832 Cap.
622 1751 703 1811 75
765 1756 928 1813 extr.
1024 1748 1122 1817 Cf.
1187 1750 1512 1836 Dexippus
1574 1770 1634 1836 p.
1691 1753 1856 1828 186,
1915 1752 1995 1815 10
2043 1768 2182 1835 sqq.
2234 1750 2296 1814 in
2350 1748 2518 1814 [list.
2569 1746 2691 1814 Gr.

314 1852 469 1919 min.
518 1851 618 1919 ed.
670 1851 857 1918 Dind.
906 1852 1027 1920 vol.
1077 1855 1127 1920 1.

401 1960 552 2046 Cap.
618 1963 702 2025 92
773 1970 911 2047 post
977 1961 1176 2027 med.:
1240 1959 1470 2037 ἔςησαν
1530 1963 1591 2029 δὲ
1640 1962 1746 2028 καὶ
1793 1962 1846 2027 οἱ
1893 1961 2359 2038 Πελοποννήσιοι
2406 1969 2700 2044 τροπαῖον

320 2065 424 2153 [ῶς
449 2066 820 2142 νενικηκότες
862 2074 973 2143 τῆς
1020 2077 1282 2148 τροπῆς,
1319 2061 1394 2141 ἃς
1444 2069 1590 2149 πρὸς
1634 2079 1713 2151 τῇ·
1757 2078 1842 2151 γῇ
1870 2071 2019 2141 ναῦς
2044 2067 2439 2156 διέφθειραν].
2492 2066 2700 2132 Voca-

316 2173 458 2238 bula
520 2180 630 2247 τῆς
698 2180 920 2254 τροπῆς
980 2174 1292 2259 expungit
1344 2172 1705 2240 Badhamus
1752 2174 2012 2240 Adleort.
2062 2194 2126 2260 p.
2186 2179 2290 2240 12.
2359 2173 2542 2255 Quod
2585 2193 2699 2239 me

314 2278 525 2345 iudice
587 2298 709 2345 non
782 2276 1044 2345 sufficit.
1140 2279 1387 2365 Quippe
1453 2278 1559 2345 illa
1625 2278 1925 2345 vocabula
1989 2281 2068 2353 ὡς
2130 2279 2505 2355 νενικηκότες
2557 2281 2694 2365 ipsa

314 2403 428 2472 per
486 2404 555 2450 se
620 2384 920 2451 videntur
976 2383 1330 2468 glossema,
1394 2383 1563 2471 quod
1629 2393 1690 2451 et
1758 2384 1908 2450 alibi
1973 2386 2038 2450 in
2096 2385 2254 2452 locis
2299 2383 2690 2471 quibusdam

312 2489 634 2557 similibus
693 2489 863 2578 apud
930 2498 1219 2556 nostrum
1285 2498 1569 2577 apparet.
1663 2488 1820 2557 Vide
1882 2509 2048 2578 quae
2109 2488 2436 2578 disputavi
2504 2488 2685 2557 Stud.

312 2594 429 2663 Th.
483 2618 543 2682 p.
600 2601 682 2663 57
730 2605 795 2662 et
843 2601 951 2664 98.
1026 2594 1327 2663 Succedit
1378 2596 1479 2661 liis
1525 2595 1701 2663 aliud
1748 2595 2063 2663 scholium
2112 2606 2226 2674 τῆς
2271 2605 2537 2677 τροπῆς,
2586 2596 2692 2664 de·

312 2702 459 2769 inde
508 2703 771 2770 tertium
813 2694 1354 2785 εἲς-διέφθειραν,
1401 2704 1673 2789 petitum
1715 2722 1752 2770 e
1789 2701 2005 2767 verbis
2043 2704 2464 2790 praegressis.
2520 2702 2696 2768 Thu·

309 2806 617 2896 cydides,
683 2810 740 2875 si
798 2807 951 2895 quid
1011 2808 1246 2875 addere
1311 2807 1659 2886 voluisset,
1724 2809 2093 2894 scripsisset
2157 2809 2408 2895 potins:
2464 2807 2696 2884 ἔςησαν

311 2922 596 2995 τροπαῖον
644 2924 756 2991 τῆς
803 2915 946 2996 πρὸς
994 2925 1072 2999 τῇ
1113 2925 1199 2998 γῇ
1248 2915 1579 2998 διαφθορᾶς
1627 2921 1743 2980 τῶν
1790 2922 1949 2990 νεῶν,
1994 2923 2064 2980 ut
2107 2913 2335 2979 scribit
2363 2912 2520 2993 vn,
2573 2919 2688 2980 54:

306 3027 418 3095 τῆς
484 3023 629 3102 πρὸς
688 3025 774 3104 τῷ
834 3021 1037 3103 τείχει
1100 3021 1477 3102 ἀπολήψεως
1539 3026 1656 3086 τῶν
1703 3021 1988 3086 ὁπλιτῶν.
2054 3019 2270 3101 Quare
2315 3039 2444 3087 una
2493 3021 2694 3087 litura

307 3126 652 3194 deleverim
703 3125 892 3192 verba
940 3146 975 3193 e
1026 3125 1319 3214 pluribus
1364 3125 1629 3193 scholiis
1676 3125 2143 3192 consarcinata.

397 3337 564 3403 Luam
617 3335 706 3403 111
770 3356 911 3424 cap.
963 3341 1002 3402 5
1065 3347 1229 3404 extr.
1301 3340 1351 3404 ol
1399 3337 1593 3404 δὀύτε
1641 3338 1702 3411 ές
1745 3341 1848 3405 τὸν
1893 3338 2239 3405 Μαλόεντα
2300 3335 2551 3415 ἐξῆλθον
2603 3338 2695 3405 τά

305 3469 395 3510 τε
443 3442 667 3509 ἄλλα
714 3449 831 3509 τῶν
876 3448 1104 3526 τειχῶν
1152 3442 1257 3509 καὶ
1307 3450 1424 3509 τῶν
1447 3444 1710 3522 λιμένων
1748 3445 1925 3524 περὶ
1968 3444 2056 3510 τὰ
2098 3443 2488 3522 ἧμιτέλεστα
2526 3450 2691 3527 Φρα·

306 3549 559 3629 ξάμενοι
623 3549 1122 3633 ἐφύλασσον.
1218 3548 1559 3616 Classenns
1617 3569 1694 3615 ex
1767 3550 1977 3616 Haasii
2048 3550 2419 3615 coniectura
2483 3549 2691 3617 edidit

304 3656 474 3736 πέρι,
524 3667 695 3722 recte
745 3655 1064 3723 refutatus
1110 3675 1149 3721 a
1198 3655 1513 3722 Meinekio
1563 3656 1626 3720 in
1681 3655 1913 3720 Iler-me
1962 3654 2050 3720 111
2104 3676 2161 3740 p.
2209 3660 2329 3720 2151
2399 3657 2690 3724 monenti

306 3759 748 3848 Thucydidem
779 3764 1179 3848 scripturum
1209 3759 1406 3827 fuisse
1432 3768 1549 3826 τῶν
1574 3767 1801 3842 τειχῶν
1826 3762 1957 3843 πέρι
1985 3763 2223 3828 καὶτῶν
2239 3761 2520 3840 λιμένων.
2549 3763 2692 3843 Quo

305 3866 477 3932 circa
526 3868 660 3953 ipse
694 3865 1049 3934 Meinekius
1076 3867 1428 3955 proposuit:
1472 3873 1588 3932 τῶν
1611 3874 1838 3949 τειχῶν
1862 3867 2112 3933 καὶτῶν
2140 3864 2407 3945 λεμένων
2457 3865 2693 3950 πέριξ

302 3971 387 4036 τὰ
415 3970 760 4049 ἦμιτέλεςα
785 4022 802 4048 ,
854 3974 955 4056 ἐφ
973 3974 1006 4039 ύ
1025 3989 1066 4040 λ
1085 3996 1283 4040 ασσο
1302 3997 1353 4039 ν.
1409 3973 1548 4038 Iam
1577 3991 1725 4038 vero
1749 3971 2050 4038 vocabula
2077 3972 2164 4039 τὰ
2188 3971 2366 4038 ἄλλα
2395 3992 2519 4038 non
2543 3994 2690 4062 pos·

303 4085 451 4140 sunt
493 4096 634 4143 esse
675 4076 995 4146 obiectum
1038 4078 1230 4146 verbo
1270 4076 1668 4161 ἐφύλασσον,
1710 4076 2229 4164 quandoquidem
2260 4079 2562 4144 insanum
2589 4089 2694 4147 est

304 4180 590 4247 scribere
637 4181 1051 4270 Mytilenaeos
1095 4185 1340 4273 reliqua
1386 4183 1842 4259 custodivisse,
1896 4182 1999 4248 ubi
2053 4202 2176 4248 non
2221 4193 2492 4270 apparat
2536 4185 2694 4272 quid

303 4307 422 4351 non
485 4288 880 4356 mestode‘rcnt.
978 4291 1187 4358 Unum
1256 4299 1493 4364 restat,
1556 4297 1626 4354 ut
1688 4287 1905 4354 τᾶλλα
1968 4287 2321 4375 significet:
2385 4290 2553 4378 quod
2608 4291 2694 4356 ad

305 4402 505 4458 cetera
551 4395 801 4472 attinet,
849 4406 913 4463 et
960 4398 1320 4480 ἐφύλασσον
1363 4395 1447 4462 sit
1495 4395 1979 4462 intransitivum
2021 4418 2108 4456 :z
2147 4396 2451 4475 Φυλακιὶς
2494 4394 2690 4481 εἶχον.
