2934 5050
1167 311 1592 359 mmmm.
2489 290 2572 355 15

229 480 342 546 κτῦ.
404 477 493 546 Of.
537 498 626 546 vr.
675 480 780 546 14.
827 487 987 547 extr.
1035 480 1141 546 καὶ
1188 479 1260 546 τὸ
1306 485 1513 551 καλῶς
1557 479 1741 561 ἄρξαι
1786 482 1955 548 τοῦτ’
1997 476 2153 544 εἶναι
2200 473 2285 552 ὃς
2328 480 2422 547 ἂν
2465 484 2577 557 σὺν

229 585 473 665 πατρίδα
518 588 807 668 ὦφελήση
852 589 982 654 xri.
1071 586 1144 653 Si
1188 589 1295 653 cui
1353 586 1614 653 insolita
1672 588 1931 654 videtur
1988 588 2057 650 in
2102 585 2381 672 pedestri
2444 608 2578 654 ora-

225 692 379 757 tione
417 696 620 771 κρᾶσις
670 715 749 760 ex
792 695 902 759 καί
948 700 1014 760 et
1058 691 1135 758 ἄν
1182 714 1369 759 sensu
1423 697 1533 757 τοῦ
1581 693 1649 768 ἥν
1693 692 1802 760 vel
1860 691 1970 757 δαν
2015 691 2297 758 conferat
2337 693 2579 759 librum

226 794 318 861 VI.
362 796 463 863 21.
523 797 733 870 ἄλλως
793 823 866 863 τε
913 799 1019 865 καὶ
1069 799 1135 863 ,εἴ
1188 797 1445 874 ξυςῶσιν
1494 799 1557 862 αὶ
1620 796 1831 872 πόλεις
1856 847 1874 876 ,
1936 797 2300 883 indicetque
2357 803 2579 864 utrum

221 905 341 967 veri
381 904 654 970 similius
690 906 778 971 sit
818 906 870 970 εἰ
905 926 1022 992 pro
1059 905 1168 971 ἒα’ν
1215 926 1254 971 a
1288 905 1570 971 librariis
1608 911 1846 972 temere
1882 905 2309 969 substitutum
2346 904 2542 970 fuisse
2559 951 2577 982 ‚

219 1029 290 1075 an
325 1009 682 1097 suppletum
725 1018 1065 1098 postquam
1112 1018 1288 1077 KAN
1334 1014 1404 1076 in
1446 1011 1553 1075 καὶ
1594 1011 2012 1097 depravatum
2057 1015 2173 1075 est.

295 1219 362 1286 In
404 1242 535 1308 cap.
588 1217 693 1286 57.
765 1223 880 1287 vix
946 1227 1043 1287 est
1101 1242 1323 1309 operae
1382 1223 1665 1309 pretium
1728 1228 1806 1287 ut
1873 1242 2168 1287 moneam
2239 1218 2398 1294 ὅπως
2470 1222 2578 1286 οὐκ

216 1323 624 1402 darom-‘oum
672 1326 1038 1415 legendum.
1123 1327 1454 1398 Bekkerus
1513 1325 1854 1394 Codicibus
1869 1375 1887 1406 ‚
1947 1332 2024 1392 ut
2084 1326 2343 1393 videtur
2360 1375 2379 1406 ,
2437 1347 2580 1393 con-

214 1433 613 1498 sentientibus
657 1431 1079 1510 ἀποδέξωνται
1120 1433 1314 1499 dedit.

292 1639 437 1730 ΟΨ.
486 1641 596 1710 58.
643 1643 911 1728 δημοσίᾳ
955 1644 1259 1724 ἐσθήμασι
1302 1681 1394 1695 --·
1439 1664 1521 1711 an
1566 1645 1872 1724 δημοσίοις
1923 1642 2196 1722 θύμασιῖ

289 1851 435 1941 ΟΨ.
485 1853 594 1921 59.
642 1849 809 1937 ᾧτινί
852 1857 993 1921 ποτ’
1040 1855 1119 1922 ἂν
1157 1857 1264 1921 καὶ
1307 1854 1540 1937 ἀναξίῳ
1579 1854 1884 1935 ξυμπέσοι
1924 1895 2039 1932 -,
2082 1857 2216 1922 imo
2260 1852 2298 1920 ὅ
2326 1880 2451 1930 ,τινι
2496 1896 2581 1906 -

209 1958 469 2037 ἐμπέσοι.
543 1961 708 2030 Mox
766 1961 1241 2028 Plataeensium
1300 1962 1681 2049 supplicatio
1742 1961 1931 2029 facile
1984 1962 2288 2048 explicari
2347 1964 2586 2049 poterit

210 2067 260 2129 si
296 2067 612 2134 trifariam
657 2066 1001 2133 dividatur.
1087 2067 1388 2132 Primum
1448 2068 1617 2135 Deos
1680 2076 1863 2135 orant
1919 2074 1996 2134 ut
2054 2067 2585 2134 Lacedaemonios

207 2191 447 2240 movere
490 2176 774 2261 possint3
824 2173 1050 2240 deinde
1093 2175 1264 2259 ipsos
1308 2173 1839 2241 Lacedaemonios
1889 2176 2220 2241 obsecrant
2261 2194 2341 2239 ne
2384 2176 2584 2240 maio-

210 2297 341 2343 rum
403 2279 763 2366 sepulchris
826 2279 1138 2367 neglectis
1204 2281 1654 2345 iusiurandum
1721 2281 1890 2366 quod
1970 2280 2075 2346 illi
2139 2284 2587 2365 praestiterant

208 2384 450 2451 irritum
495 2386 705 2452 facere
750 2385 957 2451 velint
968 2405 986 2464 3
1052 2388 1322 2450 tertium
1364 2391 1653 2453 mortuos
1713 2386 2243 2453 Lacedaemonios
2288 2387 2587 2452 invocant

210 2508 279 2553 ne
319 2511 382 2557 se
426 2488 751 2559 Thebanis
810 2492 1003 2558 obiici
1063 2494 1409 2578 patiantur.
1480 2491 1707 2560 Deleto
1766 2495 1975 2581 igitur
2035 2493 2201 2572 ὑμᾶς
2251 2490 2358 2558 vel
2418 2497 2585 2559 certe

208 2601 337 2680 post
391 2598 799 2677 ἐπιβοώμενοι
857 2599 1066 2684 posito
1137 2600 1350 2684 prima
1401 2619 1549 2684 pars
1615 2598 1846 2665 mendo
1916 2600 2189 2676 carebit;
2260 2600 2331 2662 in
2388 2596 2589 2663 altera

210 2707 315 2767 τᾶν
356 2705 662 2787 πατρῴων
698 2707 920 2787 τάφων
960 2706 1050 2783 μὴ
1099 2705 1472 2783 ἀμνημονεῖν
1511 2706 1902 2770 coniunctim
1924 2694 2244 2792 ‘legendam
2293 2705 2363 2768 in
2398 2706 2590 2769 tertia

210 2812 408 2875 omnia
449 2817 625 2877 recte
670 2818 861 2897 atque
905 2811 1123 2877 ordine
1166 2812 1516 2897 procedunt
1530 2857 1548 2887 ,
1595 2811 1705 2876 sed
1748 2831 1862 2896 pro
1908 2815 2272 2888 κεκμηῶταο
2317 2808 2589 2874 scriben-

209 2910 352 2979 dum
394 2916 815 2995 κεκμηκότας.

289 3021 445 3087 Mox
489 3022 572 3088 ad
619 3022 811 3100 λόγου
857 3026 1165 3087 τελευτᾶν
1226 3025 1370 3109 quis
1413 3043 1540 3088 non
1583 3019 1885 3088 offendit?
1941 3022 2051 3087 sed
2095 3020 2251 3107 quid
2295 3019 2550 3085 facilius
2567 3068 2584 3099 ,

211 3128 352 3212 quid
408 3128 773 3217 elegantius
818 3148 1013 3214 quam
1059 3128 1366 3194 παύεσθαι
1421 3129 1491 3191 in
1538 3127 1870 3205 παυόμενοι
1917 3122 2286 3193 subaudiri?
2366 3126 2590 3212 Itaque

212 3232 645 3319 importunum
689 3232 1208 3319 supplementum
1253 3233 1557 3299 facessere
1598 3233 1954 3298 iubeamus.

294 3440 442 3531 ΟΨ.
492 3443 606 3510 63.
654 3444 833 3520 ἱκανή
878 3468 959 3522 γε
1008 3440 1079 3517 ἦν
1122 3445 1253 3510 κτὲ.
1303 3444 1528 3530 supple
1574 3434 1609 3517 ἣ
1656 3444 1836 3519 ἱκανή
1885 3468 1964 3522 γε
2013 3442 2102 3520 ἦν.

293 3653 443 3744 ΟΨ.
495 3655 608 3721 64.
662 3655 845 3730 δῆλόν
905 3679 976 3720 τε
1034 3655 1369 3729 ἐποιήσατε
1429 3655 1562 3721 οὐδὲ
1633 3655 1777 3723 τότε
1856 3662 1976 3721 τῶν
2039 3656 2348 3730 Ἑλλήνων
2410 3653 2591 3720 ἕνεκα

214 3759 367 3834 μόνοι
415 3764 483 3828 οὗ
532 3761 944 3839 μηδίσαντες,
1006 3763 1155 3827 ἀλλ’
1217 3759 1308 3828 ὅτι
1365 3761 1489 3827 οὐδ’
1550 3763 1853 3837 Ἀθηναῖοι
1878 3813 1897 3837 .
1949 3763 2124 3839 ὑμεῖς
2178 3762 2243 3827 δὲ
2301 3768 2429 3835 τοῖς
2476 3764 2591 3839 μὲν

214 3868 409 3934 ταύτὰ
454 3869 822 3946 βουλόμενοι
871 3876 1062 3934 ποιεῖν
1079 3917 1099 3942 ,
1146 3877 1272 3939 τοῖς
1318 3869 1382 3934 δὲ
1426 3867 1741 3933 τάναντία
1834 3871 2049 3945 ’Ὑμεῖς
2099 3867 2166 3933 δέ
2211 3890 2336 3935 non
2382 3868 2592 3955 expel-

213 3970 466 4040 lendum
483 4022 502 4052 ‚
567 3977 659 4040 sic
702 3976 875 4041 enim
920 3973 1087 4039 nibil
1130 3979 1294 4039 esset
1340 3994 1465 4059 quo
1517 3981 1645 4045 τοῖς
1708 3973 1773 4038 δέ
1817 3974 2036 4039 referri
2079 3981 2291 4061 posset
2307 4022 2324 4052 ‚
2374 3975 2484 4042 sed
2523 3977 2592 4040 in

217 4078 382 4154 ἡμεῖς
429 4080 495 4146 δέ
542 4080 949 4145 mutandum.
1034 4078 1207 4145 Infra
1251 4080 1312 4143 ἐν
1372 4079 1664 4151 σπονδαῖς
1710 4079 1816 4145 καὶ
1864 4080 2228 4160 ἱερομηνίαις
2279 4083 2346 4146 in
2391 4083 2594 4148 omni·

216 4182 328 4250 bus
385 4183 589 4252 Godd.
654 4191 719 4250 et
769 4184 931 4249 Edd.
979 4185 1441 4251 circumfertur.
1527 4185 1995 4251 Existimabam
2055 4206 2253 4251 unam
2312 4192 2594 4253 tantum-

218 4291 396 4357 modo
440 4290 669 4357 lunam
727 4309 860 4355 esse
914 4295 980 4356 et
1037 4310 1166 4356 uno
1225 4290 1557 4356 novilunio
1610 4291 1767 4357 haec
1810 4290 1999 4357 facta.
2087 4290 2160 4357 Si
2203 4291 2324 4358 hoc
2367 4313 2595 4359 verum

220 4400 310 4460 est
349 4401 700 4481 praestaret
743 4394 1004 4461 fortasse
1046 4397 1375 4479 ἱερομηνίᾳ.
