2934 5050
1025 288 1411 339 νιιιιοιοαιαᾼ
1459 290 1533 338 ιιι·
1575 289 1831 339 omncs.
2538 274 2623 336 59

229 465 309 539 τῇ
350 455 515 539 χειρὶ
556 463 838 532 νεῦσαι,
883 457 1051 545 quod
1093 479 1128 525 a
1169 457 1399 527 Codice
1439 458 1726 526 ohiatum
1763 459 1971 527 editor
2004 459 2267 547 sprevit.
2317 457 2625 525 Homines

226 559 398 627 docti
465 561 545 628 de
610 563 804 629 verbo
867 572 1050 630 NHN
1100 565 1165 630 in
1212 585 1444 652 magno
1494 586 1713 633 errore
1758 580 2138 642 versantur,
2186 572 2252 631 et
2301 572 2450 631 utar
2496 563 2616 631 hac

226 669 568 734 occasione
633 676 705 734 ut
779 669 948 736 hunc
1018 690 1341 749 errorem,
1412 674 1467 738 si
1544 672 1819 758 possim,
1894 671 2168 739 refutem
2242 677 2307 737 et
2376 668 2618 737 tottam.

229 772 577 839 Doctorum
644 776 860 861 opinio
923 785 1023 843 est
1094 778 1359 844 verbum
1420 778 1610 845 nendi
1659 777 1980 864 triplicem
2038 775 2208 865 apud
2256 784 2505 843 veteres
2550 784 2618 841 et

227 878 529 965 probatos
590 881 941 968 scriptores
1007 881 1277 950 formam
1330 883 1565 951 habere
1613 892 1733 950 νεῖν
1779 893 1844 951 et
1892 893 1996 961 νῆν
2040 892 2106 950 et
2154 882 2364 958 νήθειν.
2463 880 2617 946 Mihi

226 993 451 1052 contra
518 1006 898 1074 persuasum
967 998 1064 1054 est
1133 1009 1325 1055 unam
1385 1010 1528 1057 esse
1576 989 1778 1056 solam
1823 988 1993 1076 apud
2043 996 2292 1056 veteres
2342 986 2612 1053 sormam

224 1099 448 1168 NHN,
518 1114 713 1159 unam
774 1093 943 1180 apud
992 1096 1322 1181 sequiores
1369 1105 1727 1162 ΝΗΘΕΙΝ.
1826 1093 2018 1162 Nemo
2066 1094 2373 1161 Veterum
2426 1094 2614 1169 νήθειν

225 1195 426 1275 dicit,
476 1220 661 1264 nemo
700 1203 1135 1267 recentiorum
1184 1210 1308 1278 νῆν.
1401 1202 1670 1287 Excipio
1715 1221 1823 1267 eos
1869 1202 1984 1288 qui
2036 1203 2250 1287 inepte
2292 1201 2614 1281 ὑπεραττι·

227 1302 527 1386 κιζουσιν,
578 1313 651 1369 ut
699 1304 1002 1372 Aelianus
1049 1306 1231 1373 sotet.
1326 1306 1396 1372 ld
1447 1326 1562 1393 per
1603 1327 1673 1373 se
1727 1308 1937 1394 ipsum
1986 1326 2289 1394 magnam
2341 1326 2423 1373 ex
2463 1324 2610 1372 ana·

228 1407 397 1494 logia
459 1411 593 1476 veri
658 1413 934 1497 speciem
1002 1411 1234 1479 habere
1295 1410 1566 1479 fortasse
1616 1412 1774 1479 mihi
1823 1412 2173 1479 concedent
2220 1413 2332 1500 qui
2381 1413 2444 1477 in
2498 1410 2609 1477 tali

228 1534 423 1580 causa
486 1515 733 1582 iudices
797 1537 937 1584 esse
999 1527 1304 1605 possunt,
1367 1538 1649 1604 quorum
1718 1520 2040 1585 neminem
2091 1527 2410 1605 antepono
2456 1517 2611 1583 Din-

227 1619 465 1699 dorfio,
529 1623 641 1707 qui
697 1621 1028 1709 vulgarem
1078 1625 1443 1711 opinionem
1495 1626 1556 1690 in
1611 1623 1919 1712 Stephani
1968 1623 2300 1691 Thesauro
2346 1632 2610 1688 strenue

227 1723 552 1805 defendit,
597 1736 662 1794 et
708 1729 925 1795 omnia
973 1750 1137 1816 quae
1188 1729 1313 1797 huc
1362 1729 1614 1798 faciunt
1654 1729 1999 1817 diligenter
2041 1729 2306 1797 collecta
2354 1748 2608 1814 compo·

226 1832 384 1899 suit.
479 1832 1033 1914 Quemadmodum
1086 1837 1283 1902 Attici
1336 1846 1585 1904 veteres
1631 1847 1773 1916 κνῆν
1816 1836 2114 1904 dicebant
2166 1856 2287 1902 non
2338 1834 2609 1913 κνήθειν,

223 1948 293 2004 et
342 1948 504 2018 σμῆν
551 1959 676 2006 non
726 1942 1037 2024 σμήχειν,
1087 1950 1153 2008 et
1193 1946 1319 2020 ψῆν
1365 1962 1490 2008 non
1530 1944 1805 2025 ψήχειν,
1854 1952 1917 2009 et
1957 1951 2076 2009 νεῖν
2118 1962 2241 2009 non
2284 1941 2612 2025 νήχεσθαι,

224 2045 325 2111 sic
387 2054 451 2111 et
513 2053 616 2122 νῆν
677 2057 1054 2113 constanter
1110 2046 1413 2114 dicebant
1475 2068 1598 2114 non
1659 2048 1871 2125 νήθειν.
1970 2046 2064 2113 Ex
2111 2054 2211 2122 νῆν
2262 2056 2410 2114 nata
2457 2054 2613 2113 sunt

225 2160 437 2231 νῆμα,
482 2152 790 2234 ἑτίνητρον
837 2162 904 2219 et
950 2156 1200 2233 νητική,
1251 2173 1376 2220 non
1425 2174 1502 2221 ex
1552 2155 1783 2235 νήθειν,
1837 2153 2005 2220 unde
2051 2159 2261 2232 νῆσμα
2306 2162 2366 2221 et
2410 2153 2610 2230 ἐκίνη-

223 2281 364 2340 ςρον
409 2266 475 2324 et
522 2259 731 2335 νηςική
778 2270 1129 2346 propagata
1173 2258 1467 2326 fuissent.
1563 2262 1671 2330 Sic
1720 2270 1786 2328 et
1830 2260 2035 2337 νητδς.
2085 2258 2255 2326 unde
2302 2258 2611 2346 composi·

224 2372 369 2429 tum
421 2363 696 2439 ἓΰννητος
740 2363 983 2450 legitur
1031 2365 1210 2432 ttiad.
1263 2377 1338 2432 Σ.
1391 2372 1522 2433 595
1569 2370 1844 2448 χιτῶνας
1883 2369 2199 2445 ἐϋννήτους
2241 2373 2306 2432 et
2347 2374 2439 2431 Ω.
2479 2367 2611 2430 580

223 2468 506 2546 ἐΰννητόν
572 2494 645 2538 τε
712 2478 989 2553 χιτῶνα,
1059 2482 1126 2540 et
1198 2471 1433 2563 Odyss.
1506 2483 1582 2541 H.
1632 2477 1718 2541 97
1768 2471 1898 2540 ·ἔνθ’
1963 2471 2046 2542 ἔνι
2107 2474 2331 2541 πέπλοι
2394 2469 2609 2537 λεπτοὶ

225 2577 515 2653 &vum-01.
612 2577 970 2645 Audiamus
1035 2578 1467 2647 Herodianum
1533 2580 1597 2645 in
1666 2580 1882 2670 Etym.
1951 2582 2178 2667 Magno
2241 2599 2302 2644 v,
2364 2585 2603 2656 Νῆμαε

224 2686 335 2751 οὐκ
378 2684 507 2753 ἓςιν
551 2684 681 2750 απὸ
733 2689 838 2750 τοῦ
903 2686 1128 2763 νήθω.
1189 2694 1458 2766 νῆσμα
1507 2686 1633 2770 γὰρ
1682 2687 1759 2754 ἂν
1807 2685 1923 2767 ἦν,
1971 2687 2122 2754 ἀλλ’
2158 2685 2289 2754 ἀπὸ
2334 2689 2442 2751 τοῦ
2487 2688 2610 2749 N&

226 2789 301 2855 τὸ
346 2790 530 2868 νήθω.
582 2788 713 2855 ὅθεν
756 2791 863 2857 καὶ

945 2905 1038 2965 νεῖ
1077 2900 1368 2978 νήματα,

227 2999 500 3075 Ἠσίοδος
523 3049 541 3066 .
590 3001 696 3068 καὶ
743 3003 772 3067 ὃ
821 3004 1247 3085 παρατατικός

940 3108 1251 3176 Μάλιστα
1299 3108 1447 3197 (teg.
1489 3107 1735 3197 Μιῖλις)
1784 3108 1900 3188 μὲν
1937 3107 1968 3173 ἓ
1982 3133 2105 3185 νη,

228 3213 357 3278 ἀπὸ
418 3211 639 3279 τούτου
690 3207 792 3279 οὖν
832 3214 904 3279 τὸ
959 3222 1192 3294 νῆμα.
1292 3214 1633 3281 Herodiani
1686 3213 1842 3280 haec
1888 3231 2065 3290 esse,
2112 3213 2339 3299 optimi
2389 3213 2611 3287 testis,

228 3317 493 3404 colliges
550 3337 627 3385 ex
689 3317 965 3409 Etymol.
1028 3329 1125 3387 M.
1179 3342 1237 3386 v·
1286 3324 1511 3397 ’'Evvn:
1568 3320 1660 3390 ἔςι
1708 3325 1799 3385 νῶ
1846 3321 1917 3386 τὸ
1959 3327 2256 3400 σημαῖνον
2300 3318 2371 3385 τὸ
2418 3318 2612 3395 νήθω

230 3426 394 3490 -ὃ
449 3425 884 3507 παρατατικὸς
942 3422 1164 3502 ἔνων,
1221 3423 1434 3502 ἔνης,
1494 3424 1621 3503 ἔνη
1667 3429 1747 3498 ὥς
1794 3422 2017 3506 ἔζων,
2061 3423 2277 3508 ἔζης,
2328 3424 2461 3507 ἔζη
2504 3425 2609 3491 καὶ

230 3532 607 3612 πλεονασμῷ
666 3536 775 3598 τοῦ
815 3540 877 3597 N
916 3531 1219 3597 ’'ENNH.
1276 3528 1461 3606 οὕτως
1510 3530 1889 3613 Ἣρωδιανός.
1986 3530 2241 3618 Optime
2289 3529 2604 3598 Gaisi'ord.

235 3636 314 3703 ad
377 3636 444 3702 h.
512 3637 551 3702 Ι.
616 3645 682 3703 et
743 3636 1116 3703 Dindorfius
1179 3636 1287 3703 itia
1336 3637 1703 3704 retulerunt
1771 3637 1850 3703 ad
1902 3637 2090 3704 verba
2138 3645 2249 3713 τῆς
2298 3641 2611 3720 Σαπφοῦς

235 3751 486 3809 servata
538 3741 619 3806 ab
673 3741 1143 3828 Hephaestione
1190 3764 1248 3830 p.
1293 3748 1370 3810 81
1400 3793 1418 3821 ‚
1474 3749 1556 3811 10
1602 3742 1797 3811 Gaiss.

420 3852 643 3922 Μᾶλις
686 3849 802 3927 μὲν
848 3847 1025 3933 ἓννη
1073 3848 1301 3915 λέπτον
1349 3848 1542 3930 ἕχοισ’
1591 3851 1689 3915 ἐπ’
1734 3849 2024 3931 οὶτροὶκτω
2069 3850 2248 3916 λίνον.

323 3953 461 4020 lam
529 3963 598 4019 tu
663 3952 997 4020 considera
1057 3955 1214 4021 mihi
1264 3955 1609 4040 diiigenter
1656 3957 1934 4042 priorem
1984 3954 2327 4021 Herodiani
2378 3953 2611 4020 iocum.

236 4058 400 4141 Quid
467 4061 602 4145 agit
665 4059 1190 4127 Grammaticus?
1286 4060 1523 4148 Nempe
1587 4069 1660 4127 ut
1712 4060 2110 4127 demonstret
2155 4081 2295 4127 esse
2339 4058 2608 4125 verbum

238 4172 311 4230 νῶ
378 4165 480 4252 (ex
546 4164 667 4232 ναίω
732 4165 1169 4255 contractum)
1236 4165 1404 4233 unde
1469 4168 1554 4232 sit
1617 4175 1787 4245 νῆμα
1847 4177 1909 4232 et
1976 4164 2074 4242 ἔνη
2127 4165 2312 4255 (ἔννη)
2363 4174 2435 4232 ut
2481 4163 2609 4247 ἔζη.

240 4268 405 4351 Quid
451 4271 653 4358 igitur
695 4269 821 4336 sibi
867 4270 1001 4338 vuit
1049 4272 1430 4339 Hesiodeum
1489 4271 1669 4359 Oper.
1720 4283 1777 4337 et
1826 4272 1907 4338 D.
1963 4278 2112 4338 775.

506 4390 583 4464 τῇ
628 4377 760 4458 γάρ
806 4399 896 4444 τοι
944 4386 1089 4443 Ne!
1135 4378 1362 4458 νήματ’
1408 4375 1848 4460 ἀερσιπότητος
1894 4375 2207 4459 ἀράχνης,
