2934 5050
987 335 1295 382 suetum
1343 335 1418 381 ιτ
1466 335 1777 385 tumtun.
2428 323 2566 389 243

170 499 362 585 podas
406 499 456 566 1.
508 505 630 580 43„
677 502 847 589 quod
894 502 960 568 in
1012 502 1156 569 Par.
1206 505 1564 594 ueropodas
1600 511 1852 583 exstat,
1900 503 2169 592 reliquis
2209 505 2567 597 οἱὶηομοιὶαε

170 605 657 695 praebentibus,
724 609 848 675 nisi
911 607 1079 675 sorte
1135 610 1381 679 Graece
1445 614 1690 690 κλείνη,
1739 611 2093 684 κλεινόπους
2139 611 2555 685 scribendum

170 722 371 796 putas,
478 712 690 780 Treico
751 715 1063 782 scribitur
1125 716 1233 784 xl.
1295 724 1411 797 t7,
1461 719 1614 785 alibi
1664 718 1852 795 trica,
1903 726 2165 805 propter
2213 717 2431 797 Rern..
2486 728 2558 788 ut

167 817 453 896 videtur,
526 820 589 884 in
654 838 782 905 quo
828 829 927 887 est
976 823 1191 895 troico.
1244 823 1405 891 Aliis
1453 843 1708 911 quoque
1754 823 1915 891 locis
1960 821 2309 889 admodum
2361 824 2557 893 dubia

163 931 270 990 aut
313 923 472 992 falsa
516 924 674 993 adeo
704 927 1022 993 correctio
1046 936 1182 1007 est,
1222 950 1384 1017 quos
1406 941 1742 1017 propterea
1771 929 1874 996 hic
1898 928 2295 1016 subiungere
2320 929 2552 1019 placet.

249 1030 353 1098 Vi.
410 1037 526 1098 15:
577 1051 706 1098 uno
753 1032 938 1099 oculo
988 1031 1380 1121 pedibusque
1426 1035 1681 1103 duobus
1725 1033 2119 1103 dimidiateis

571 1146 647 1204 ut
691 1158 952 1225 porcus.

239 1241 632 1310 Dimidium:
679 1242 871 1331 vulgo
918 1244 1086 1332 apud
1138 1244 1414 1313 Gellium
1464 1246 1575 1314 ΙΙΙ.
1633 1252 1732 1314 14.
1785 1253 1863 1325 6,
1913 1245 2084 1313 unde
2130 1244 2288 1313 haec
2325 1257 2545 1316 sumta

157 1357 330 1424 sunt;
402 1351 790 1418 rectissime.
888 1352 982 1418 An
1050 1371 1202 1418 vero
1263 1351 1503 1438 singuli
1571 1352 1763 1439 pedes
1812 1353 1986 1436 porci
2037 1351 2543 1423 discinduntur?

159 1451 415 1523 Minime
485 1478 668 1533 vero,
714 1456 1097 1524 dimidiatur
1143 1476 1377 1543 porcus
1423 1465 1789 1539 mactatus,
1837 1468 2111 1546 utraque
2161 1478 2312 1546 pars
2365 1462 2543 1547 porci

157 1555 340 1629 habet
389 1562 560 1630 duos
601 1563 794 1651 pedes
839 1572 903 1629 et
954 1562 1509 1641 unumooutum,
1560 1563 1645 1631 cl'.
1698 1565 1905 1633 XXX.
1959 1570 2077 1633 131
2133 1574 2197 1633 et
2250 1564 2542 1635 Coniect.

147 1662 215 1732 11.
265 1672 326 1734 7.
426 1669 583 1735 Post
629 1669 874 1735 duobus
915 1667 1453 1755 distinguendum
1504 1678 1625 1736 est.

225 1771 456 1841 XXVI.
499 1780 609 1842 84.
662 1775 816 1842 Sine
858 1775 939 1842 Μ.
964 1773 1390 1861 explicatione
1416 1794 1541 1841 non
1570 1774 1755 1843 facile
1782 1775 1937 1842 haer.
1966 1774 2533 1861 intellegerentur:

283 1878 477 1947 malis
528 1883 803 1948 vesceist
854 1881 1102 1948 lautum
1152 1900 1189 1947 e
1236 1901 1503 1962 mensa,
1556 1901 1753 1968 pure,
1800 1890 2105 1967 capturos
2153 1882 2397 1949 cibum.

151 1981 557 2063 ·Sententia,
605 1989 857 2075 inquit,
907 1986 1062 2054 baec
1103 1986 1273 2053 decet
1313 1997 1456 2073 post
1501 2009 1782 2055 mensam
1834 1987 2022 2054 malis
2066 1987 2231 2056 vesci
2275 2008 2379 2054 eos
2424 1989 2537 2075 qui

148 2090 480 2159 etiamnum
531 2095 962 2160 emortuum...
999 2113 1162 2181 pare
1211 2094 1253 2160 i.
1306 2112 1362 2159 e.
1409 2096 1674 2180 puere.”
1743 2093 1883 2160 Non
1934 2103 2087 2160 sunt
2138 2092 2294 2161 baec
2337 2112 2533 2161 aurea

149 2196 298 2263 mala
369 2199 444 2265 in
505 2201 833 2286 argenteis
896 2198 1189 2265 lancibus
1253 2201 1571 2286 apposita.
1670 2199 1834 2267 Mala
1891 2219 2013 2266 cur
2078 2197 2297 2265 lautus
2341 2198 2528 2267 cibus

144 2303 582 2389 appellantur?
666 2307 830 2372 Tum
882 2315 1058 2372 totus
1111 2323 1339 2370 versus
1388 2304 1655 2372 moleste
1699 2306 2078 2373 enuntiatus
2123 2313 2190 2371 et
2240 2304 2526 2373 verbose.

145 2405 335 2479 Libri:
383 2412 583 2478 malis
628 2431 1115 2496 necesse-mae
1160 2418 1276 2477 aut
1318 2432 1495 2498 pure.
1590 2409 1680 2477 Cf.
1732 2412 2011 2477 Coniect.
2064 2410 2141 2476 11.
2187 2415 2302 2485 154.
2368 2411 2527 2478 Pro-

146 2515 276 2600 pius
323 2541 444 2586 nec
481 2540 614 2585 esse
659 2539 853 2606 quam
900 2516 1156 2584 veracis!
1195 2515 1527 2603 aliquanto
1568 2516 1648 2584 ad
1692 2517 1871 2585 MSS.
1913 2515 2187 2585 accedit.
2234 2514 2361 2585 Sed
2404 2515 2525 2586 hoe

149 2630 281 2689 utut
316 2634 453 2703 est,
500 2624 663 2690 nihil
695 2632 811 2692 est
857 2643 978 2692 cur
1021 2624 1080 2690 ei
1121 2621 1241 2690 hoc
1289 2622 1427 2689 loco
1474 2624 1804 2690 scribatur
1850 2624 1904 2688 si
1947 2622 2098 2692 alibi
2142 2625 2168 2688 i
2203 2623 2522 2690 intactum

148 2726 566 2817 relinquitur,
630 2737 703 2796 ut
747 2731 973 2818 μιαρέ,
1023 2729 1170 2797 alia.
1270 2731 1355 2796 At
1400 2729 1465 2794 in
1521 2728 1657 2796 loco
1705 2727 1953 2794 difficili
1996 2749 2073 2795 ac
2120 2748 2322 2816 paene
2367 2747 2524 2795 cou-

147 2830 404 2903 clamato
454 2835 692 2903 habent
737 2836 958 2915 σεμνόν
1002 2860 1062 2902 τι
1108 2835 1216 2902 καὶ
1265 2833 1667 2917 πεφροντικώς
1715 2834 1863 2902 illae
1911 2842 2201 2901 vetustae
2245 2832 2489 2902 formae
2501 2883 2523 2913 ,

145 2943 540 3028 speciemque
584 2941 908 3028 quandam
958 2948 1027 3008 et
1071 2942 1555 3008 exeusationem
1604 2940 1982 3007 obscuritati
2028 2938 2406 3017 conciliant,
2450 2946 2524 3006 ut

147 3041 204 3108 iu
257 3045 362 3116 illo
428 3047 481 3113 1.
531 3053 617 3114 59
670 3048 952 3135 »preimo
1001 3046 1341 3114 cerebrum
1391 3044 1545 3113 huic
1597 3044 1795 3113 refert
1844 3045 2090 3112 minuet‘
2138 3045 2255 3112 re”
2307 3044 2518 3135 (libriz

141 3169 334 3232 promo
373 3163 491 3221 aut
523 3154 731 3240 primo
767 3153 881 3220 lioc
919 3153 1244 3220 minuendi
1279 3156 1480 3240 refert
1519 3173 1622 3218 res
1642 3201 1659 3232 ‚
1688 3151 2005 3220 cerebrum
2033 3171 2108 3220 ex
2137 3150 2409 3219 cerebro
2432 3151 2514 3219 M.

148 3260 423 3348 accessit)
488 3260 530 3324 i.
590 3278 652 3325 e.
715 3257 911 3325 refert
976 3277 1081 3334 re,
1147 3257 1298 3324 huic
1360 3259 1574 3345 primo
1629 3258 1985 3324 comminui
2034 3258 2376 3326 cerebrum
2431 3257 2514 3347 (si

151 3358 477 3454 intellego).
572 3364 750 3430 Talia
813 3364 879 3429 in
946 3362 1139 3430 verba
1198 3365 1485 3431 auctoris
1535 3360 1732 3430 insert
1777 3362 1870 3440 is,
1918 3364 2033 3450 qui
2081 3362 2513 3431 Ribbeckium

150 3466 361 3537 nimiae
409 3469 838 3537 confidentiae
882 3478 1173 3540 aceusat.

221 3573 450 3644 XXVI.
517 3581 595 3642 71
657 3576 1074 3664 depeilassere
1124 3575 1422 3663 scripsit,
1480 3593 1631 3642 cum
1682 3574 1745 3640 in
1796 3572 1981 3642 codd.
2029 3574 2118 3641 sit
2163 3580 2280 3641 aut
2323 3572 2510 3660 depo-

149 3680 436 3750 euenum
495 3689 612 3749 aut
669 3681 1166 3768 depeculassere:
1489 3743 1495 3748 ,

437 3788 851 3876 depeilassere
892 3787 1108 3874 aliqua
1155 3806 1423 3875 sperans
1474 3807 1577 3853 me
1621 3807 1699 3854 ac
1744 3785 2272 3873 deargentassere

427 3894 940 3972 decalauticare,
989 3894 1238 3961 eburno
1284 3892 1546 3981 speculo
1592 3892 2133 3979 despeculassere.

227 3997 695 4088 Depeculassere
733 4020 810 4068 ex
858 4000 1125 4067 alterius
1171 4019 1400 4066 versus
1447 3998 1845 4065 correctione
1892 3999 2190 4084 irrepstt;
2235 3995 2502 4081 depecu-

151 4097 356 4172 lauere
421 4106 662 4195 optime
730 4126 798 4172 se
867 4105 1091 4183 habet,
1167 4106 1355 4172 modo
1426 4104 1854 4171 contrahatur
1914 4104 1980 4169 in
2044 4101 2497 4191 deportasset-e.

153 4207 402 4296 Apparet
445 4215 694 4279 comica
741 4211 1043 4278 vocabula
1095 4211 1247 4298 fingi
1296 4231 1332 4278 a
1373 4211 1670 4299 poculum
1694 4259 1711 4287 ,
1777 4219 2147 4298 arqentum,
2197 4207 2503 4275 calantica

157 4309 320 4398 (quod
366 4319 605 4385 iniuria
652 4337 689 4384 a
731 4316 923 4391 καλός
971 4315 1152 4384 ducit
1200 4316 1348 4406 M),
1394 4316 1735 4403 speculum.

237 4419 454 4491 xxlx.
521 4428 643 4491 18:
700 4423 889 4492 cuius
935 4422 1026 4491 aei
1067 4423 1140 4490 in
1186 4422 1432 4510 periclo
1478 4419 1709 4491 leceris
1754 4419 2137 4509 periculum.
