2934 5050
585 1076 1155 1169 LECTIONES
1223 1071 1751 1175 QUAEDAM
1826 1070 1938 1160 IN
2006 1070 2536 1160 CICERONIS

1417 1290 1735 1340 onnon

1017 1481 1140 1530 rao
1186 1460 1260 1529 G.
1307 1462 1662 1530 RABIRIO
1706 1458 2137 1529 POSTUMO.

907 1736 1191 1785 ScmPsu·
1261 1717 1404 1783 Μῑ.
1477 1717 1549 1782 Β.
1622 1714 1823 1781 ΤΕΝ
1888 1712 2248 1780 ΒΒΙΝΚ.

1392 2018 1741 2043 *κιαι-ν·-

475 2274 576 2339 Ex
619 2272 983 2360 apographo
1041 2271 1377 2359 Poggiano
1435 2291 1656 2336 omnes
1712 2270 1910 2337 huius
1967 2270 2276 2337 orationis
2320 2267 2561 2332 codices
2600 2260 2729 2327 deri·

381 2386 564 2446 vatos
610 2400 744 2444 esee
791 2385 957 2444 recte
1005 2384 1071 2443 et
1126 2376 1295 2442 vidit
1341 2384 1406 2442 et
1449 2378 1728 2442 ostendit
1784 2374 2110 2441 Halmius.
2204 2372 2510 2439 Fluxerat
2548 2374 2731 2435 autem

381 2485 820 2574 apographum
862 2485 1029 2551 illud
1073 2505 1152 2551 ex
1197 2483 1408 2550 codice
1455 2488 1823 2570 pervetusto
1842 2531 1859 2560 ,
1922 2481 2129 2548 lacero
2175 2484 2242 2547 et
2288 2483 2577 2564 corrupto
2592 2522 2608 2553 ,
2659 2490 2732 2537 εθ-

384 2592 528 2659 culo
573 2592 670 2657 XI
717 2595 1086 2677 superstite,
1150 2594 1333 2686 cuius
1376 2598 1561 2656 notae
1577 2640 1594 2668 ,
1658 2589 1857 2677 siglae
1871 2637 1889 2668 ,
1940 2596 2147 2655 cetera
2189 2587 2557 2653 litterarum
2595 2599 2734 2647 com-

378 2699 642 2786 pendia,
707 2719 909 2784 quum
969 2718 1094 2763 non
1153 2696 1432 2782 amplius
1489 2696 1927 2784 intelligerent
1984 2694 2268 2772 librarii,
2336 2713 2497 2779 quae
2550 2689 2731 2777 legere

381 2811 672 2891 poterant
716 2803 1181 2880 describebant,
1245 2823 1406 2888 quae
1449 2802 1664 2890 legere
1706 2822 1835 2868 non
1876 2807 2201 2887 poterant,
2274 2820 2351 2866 ea
2394 2819 2509 2865 auo
2550 2812 2732 2868 more,

379 2909 450 2974 id
471 2914 568 2975 est
589 2929 910 2995 perverse,
960 2907 1398 2994 explicabant,
1446 2908 1775 2973 interdum
1812 2907 2218 2974 omittebant.
2292 2904 2531 2972 Nullus
2559 2902 2735 2990 igitur

381 3015 575 3080 huius
634 3017 935 3081 orationis
993 3014 1188 3080 codex
1252 3019 1347 3079 eet
1407 3014 1828 3101 archetypus,
1900 3012 2083 3078 nulla
2144 3012 2439 3078 codicum
2483 3003 2733 3076 familia,

383 3140 544 3205 quae
588 3121 717 3186 dici
760 3124 1003 3206 potest,
1050 3139 1271 3185 omnes
1314 3117 1466 3184 libri
1506 3124 1656 3185 sunt
1691 3118 1947 3185 italicae
1985 3121 2255 3206 originis
2287 3125 2353 3183 et
2392 3113 2587 3183 seculi
2618 3105 2734 3184 XV,

384 3245 602 3291 omnes
645 3225 775 3291 fere
812 3226 1035 3291 eodem
1081 3228 1218 3289 iure
1234 3273 1251 3302 ,
1302 3225 1526 3290 eadem
1572 3228 1951 3291 auctoritate
1967 3272 1985 3302 ,
2035 3244 2161 3290 non
2206 3243 2446 3311 magna
2484 3218 2731 3307 quidem·

386 3329 678 3416 Quinque
738 3331 981 3396 codices
1040 3330 1383 3418 diligenter
1448 3330 1712 3396 collatos
1778 3331 2091 3397 habemus
2151 3329 2320 3415 apud
2386 3326 2730 3396 Halmium,

385 3436 769 3501 Francianus
812 3456 964 3502 vero
1016 3436 1211 3501 codex
1227 3483 1246 3512 ,
1296 3438 1408 3520 qui
1452 3439 1521 3500 in
1568 3435 1956 3502 bibliotheca
2000 3435 2196 3500 huius
2239 3435 2593 3500 academiae
2630 3445 2730 3493 ser·

384 3548 601 3621 vatur,
653 3542 1059 3629 diligentiore
1098 3543 1390 3607 examine
1427 3541 1663 3628 dignus
1700 3542 1867 3606 mihi
1898 3540 2190 3616 videtum
2241 3542 2471 3606 ceteris
2506 3533 2731 3625 quidem

385 3668 512 3714 non
554 3647 785 3713 melior
829 3652 926 3714 est
940 3696 958 3727 ,
1006 3646 1118 3713 sed
1159 3647 1393 3712 menda
1435 3647 1761 3713 interdum
1805 3646 2041 3712 clarius
2083 3647 2494 3714 demonstrat.

474 3751 550 3818 In
593 3752 806 3819 codice
848 3751 1320 3840 Salisburgensi
1334 3800 1352 3829 ,
1400 3774 1569 3818 nuuc
1615 3753 2009 3832 Monacensi,
2055 3755 2389 3839 inscriptio
2429 3748 2725 3819 orationis:

386 3859 483 3925 M.
531 3857 604 3925 Τ.
658 3859 955 3924 Ciceronis
983 3881 1102 3943 pro
1153 3859 1214 3921 C.
1264 3858 1522 3922 Rabirio
1575 3859 1851 3923 Postumo
1869 3907 1886 3936 ,
1933 3858 2172 3925 ultimo
2215 3862 2476 3926 nomine
2516 3853 2731 3923 Posth-

385 3989 475 4031 mo
521 3968 754 4051 scripto
798 3986 991 4050 prave
1035 3966 1395 4052 corrigitur.
1490 3963 1605 4028 Est
1650 3964 1757 4030 hic
1803 3967 2196 4032 inveteratus
2242 3987 2415 4032 error
2430 4014 2448 4042 ,
2495 3983 2610 4050 quo
2646 3956 2729 4023 ab·

388 4070 575 4135 surde
630 4071 866 4136 dicitur
879 4118 898 4149 ,
946 4072 1323 4155 posthumum
1383 4090 1534 4134 eum
1593 4091 1727 4135 esee
1743 4118 1761 4148 ,
1825 4073 1938 4156 qui
1994 4076 2139 4156 post
2197 4072 2585 4137 humationem
2622 4066 2731 4130 aive

387 4180 530 4260 post
589 4180 864 4241 mortem
920 4178 1120 4261 patris
1180 4175 1389 4241 editus
1452 4183 1568 4241 est.
1662 4176 1976 4241 Postumus
2024 4215 2109 4224 —-
2154 4182 2233 4242 ut
2278 4174 2571 4244 Caesellii
2611 4171 2733 4238 Vin·
2834 4207 2835 4242 2

390 4279 555 4344 dicits
604 4281 771 4365 apud
818 4276 1107 4347 Gellium
1151 4281 1233 4347 N.
1282 4282 1360 4345 A.
1406 4279 1503 4358 11,
1559 4279 1677 4357 16,
1730 4279 1791 4345 5.
1838 4283 2051 4348 verbis
2093 4289 2243 4349 utar
2281 4321 2369 4332 —
2412 4303 2573 4361 „non
2610 4295 2731 4345 eum

391 4382 743 4470 significat,
807 4386 919 4468 qui
981 4391 1160 4469 patre
1226 4392 1517 4462 mortuo,
1583 4387 1691 4452 sed
1752 4390 1860 4473 qui
1903 4394 2197 4471 postremo
2240 4390 2367 4454 loco
2412 4396 2582 4455 natus
2620 4379 2728 4450 αἶ.
