2934 5050
1074 310 1476 356 communali
1535 309 1767 355 urim.
2478 293 2600 354 421

259 473 375 538 fata
445 482 739 552 enarrat,
794 479 1077 562 exposita
1139 475 1537 563 Neoptolemi
1602 496 1792 552 nece,
1859 495 1950 541 vs,
2019 478 2147 541 555
2210 475 2303 538 sic
2351 475 2599 559 pergit:

596 579 797 646 Morte
841 580 1241 669 Neoptolemi
1287 601 1634 667 regnorum
1682 599 1930 646 aenon-A
1981 579 2178 644 cessit

489 697 512 708 ’
600 704 746 769 pars
793 685 1068 766 Heleno,
1117 688 1230 773 qui
1280 685 1600 752 Chaonios
1647 685 2025 770 cognomine
2071 703 2332 770 campos

598 787 1078 877 Chaoniamque
1117 811 1372 857 omnem
1422 792 1697 856 Troiano
1744 810 1777 855 a
1828 789 2077 855 Chaone
2118 788 2280 855 dixit

332 892 456 958 Res
494 902 590 959 est
636 896 966 962 notissima
1001 897 1227 962 Latine
1267 895 1532 962 verbum
1574 895 1833 960 reddere
1870 905 1939 959 ut
1981 895 2219 961 Graece
2257 893 2607 961 ἀποδιδόναι

251 1015 494 1083 semper
540 1005 604 1064 et
651 998 890 1085 ubique
937 1000 1064 1066 dici
1111 1000 1190 1066 de
1236 1020 1346 1075 eo,
1393 1000 1560 1087 quod
1611 999 1914 1078 debetur,
1966 1018 2172 1084 neque
2217 999 2417 1084 igitur
2456 999 2611 1064 huic

250 1101 378 1168 loco
436 1103 597 1171 satis
644 1113 865 1191 aptum
915 1113 1033 1171 est.
1112 1104 1321 1172 Herae
1368 1108 1540 1171 enim
1592 1107 1889 1191 argutiae
1938 1114 2090 1170 sunt
2136 1103 2304 1191 quod
2354 1112 2612 1170 conten·

221 1204 339 1272 dit
398 1207 788 1294 Forbigerus
854 1209 1246 1287 »Helenum,
1311 1212 1524 1298 ipsum
1596 1211 1766 1295 regis
1828 1208 2074 1285 filium,
2139 1209 2281 1276 iure
2334 1208 2612 1293 quodam

250 1330 359 1378 suo
412 1322 788 1399 expectare,
859 1324 931 1380 ut
992 1314 1155 1392 sihi,
1217 1318 1328 1402 qui
1385 1325 1513 1381 tam
1559 1316 1670 1381 diu
1714 1316 1781 1380 in
1827 1316 2119 1380 servitute
2161 1314 2384 1401 fuisset
2430 1314 2608 1401 (sict)

249 1413 496 1483 domino
541 1437 577 1483 e
623 1418 837 1485 medio
881 1418 1159 1496 sublato,
1207 1440 1358 1506 pars
1404 1430 1580 1488 certe
1621 1420 1763 1486 eius
1789 1421 1969 1505 regni
1996 1417 2422 1504 obtingeret.”
2470 1419 2611 1506 lpsa

248 1521 407 1588 enim
453 1521 561 1589 illa
601 1523 884 1590 conditio
925 1523 1213 1604 servilis,
1262 1525 1532 1610 opinor,
1574 1524 1883 1591 Helenum
1925 1525 2272 1609 quominus
2296 1522 2611 1590 eiusmodi

247 1624 392 1710 quid
437 1636 839 1713 exspectaret
888 1627 1226 1714 prohibere
1273 1628 1561 1695 debehat.
1634 1628 1977 1714 vulgatam
2027 1627 2363 1695 lectionem
2394 1678 2412 1706 ,
2463 1626 2616 1694 licet

249 1729 460 1798 Servio
507 1732 636 1797 iam
688 1733 1051 1817 cognitam,
1109 1732 1263 1800 ferri
1314 1729 1438 1799 non
1490 1753 1673 1820 posse
1723 1733 1832 1820 qui
1885 1731 2199 1798 intellexit
2249 1731 2614 1798 Peerlkam-

246 1836 381 1920 pius
441 1837 662 1903 minus
725 1836 1137 1924 probabiliter
1193 1858 1294 1905 me
1343 1836 1555 1904 iudice
1604 1839 1908 1905 coniecit:
1956 1857 2167 1903 raam
2217 1837 2398 1903 cessit
2434 1858 2611 1924 pars.

245 1939 372 2026 Ego
427 1942 757 2029 suspicor:

597 2047 799 2113 Morte
860 2046 1250 2134 Neoptolemi
1313 2067 1658 2134 regnorum
1707 2066 1960 2114 ‘taxum
2007 2049 2199 2114 cessit

599 2170 749 2238 pars
798 2152 1034 2218 Heleno
1081 2162 1231 2218 cett.

329 2256 518 2324 Libro
603 2256 791 2332 tho,
883 2268 1294 2343 posteaquam
1366 2256 1728 2325 Mercurius
1798 2259 2046 2325 Aeneae
2116 2254 2383 2342 pertulit
2450 2255 2616 2322 Iovis

247 2361 576 2438 mandata,
630 2370 700 2426 ut
752 2361 971 2428 relicta
1022 2362 1270 2428 Didone
1319 2371 1493 2449 petat
1540 2362 1827 2440 Italiam,
1879 2362 2070 2449 idque
2118 2362 2365 2448 agitare
2412 2362 2610 2428 Aene-

246 2480 339 2529 am
393 2467 670 2532 miserae
721 2467 1011 2553 pervenit
1061 2470 1323 2554 reginae
1370 2468 1449 2534 ad
1500 2487 1718 2536 aures:

506 2569 727 2637 Saevit
774 2573 960 2658 inops
1005 2575 1206 2639 animi
1281 2583 1609 2660 totamque
1660 2575 1920 2639 incensa
1968 2592 2083 2658 per
2131 2571 2353 2639 urbem

507 2675 910 2758 bacchatur,
959 2679 1134 2764 quali
1186 2679 1532 2746 commotis
1578 2680 1784 2745 excita
1838 2678 2040 2745 sacris

504 2781 788 2869 Thyias,
838 2782 946 2847 ubi
993 2783 1215 2850 audito
1263 2783 1603 2849 stimulant
1655 2784 1981 2849 trieterica
2034 2781 2279 2847 Baccho

502 2887 687 2971 orgia
736 2896 1219 2973 nocturnusque
1267 2909 1456 2954 vocar
1507 2887 1787 2955 clamore
1837 2886 2203 2953 Cithaeron.

329 2991 613 3056 Tametsi
663 2991 939 3057 concedo
986 2992 1289 3078 explicari
1339 2993 1752 3079 aliquatenus
1798 3012 1985 3079 posse
2032 2991 2093 3056 h.
2142 2990 2186 3056 l.
2233 3001 2438 3068 vocat,
2482 2993 2609 3058 i.e.
2680 3076 2687 3081 Ι

253 3094 472 3161 invitat
541 3096 939 3182 reliquarum
1007 3094 1400 3163 Baccharum
1481 3098 1794 3174 clamore,
1889 3105 2106 3163 tamen
2170 3094 2341 3169 haud
2404 3095 2614 3182 paullo

262 3198 617 3286 elegantius
675 3211 930 3288 poetam
977 3203 1375 3287 scripturum
1424 3202 1627 3268 fuisse
1674 3201 1990 3268 contendo
2034 3210 2186 3267 aut:

702 3312 1186 3393 nocturnusque
1235 3327 1420 3373 sonu·
1467 3306 1748 3373 clamore
1793 3307 2170 3383 Cithaeron,

259 3418 321 3474 ut
369 3411 636 3498 scripsit
684 3410 950 3479 Ovidius
995 3412 1253 3478 Metam.
1304 3412 1428 3489 111,
1481 3417 1641 3478 702:

800 3517 907 3581 ubi
955 3517 1184 3583 electus
1230 3516 1310 3581 ad
1359 3538 1536 3583 sacra
1585 3517 1874 3604 facienda
1924 3516 2252 3582 Cithaeron

604 3621 886 3686 cantibus
931 3630 990 3687 et
1033 3621 1202 3688 clara
1253 3621 1681 3689 Bacchantum
1728 3643 1871 3687 voce
1918 3641 2197 3686 somam.

252 3720 338 3788 Cf.
388 3724 527 3792 Liv.
581 3725 832 3804 XXIX,
889 3731 965 3790 17
1021 3729 1207 3811 §163
1254 3726 1518 3792 Curtius
1568 3726 1696 3805 VI,
1748 3731 1832 3793 55
1887 3730 2082 3811 3³31,
2132 3734 2283 3792 aut:

689 3840 1144 3917 nocturnusque
1187 3850 1377 3896 novar
1425 3831 1697 3897 clamore
1749 3831 2104 3907 Cithaeron,

250 3939 317 3997 ut
360 3931 521 3999 dixit
571 3933 823 4000 Ennius
868 3954 972 4023 ap.
1004 3935 1357 4002 Varronem
1407 3934 1446 4003 1.
1475 3935 1518 4003 l.
1568 3935 1711 4013 vll,
1777 3941 1920 4003 104:
1973 3937 2612 4011 elamore-novitium,

250 4033 505 4103 Plautus
573 4036 887 4125 Amphitr.
955 4044 1024 4117 I,
1094 4045 1165 4116 1,
1217 4046 1334 4107 77:
1385 4061 1533 4107 aon·
1581 4041 1822 4108 caelum
1868 4041 2130 4127 fremitu
2175 4041 2418 4117 viriam,
2469 4040 2611 4108 Ovi·

249 4137 384 4207 dius
428 4152 553 4209 art.
606 4163 733 4210 am.
784 4143 913 4217 ΙΙΙ,
967 4149 1093 4210 149
1146 4144 1395 4212 »Redde
1441 4146 1697 4211 meum’'
1747 4155 1866 4212 toto
1912 4166 2055 4212 voce
2102 4165 2324 4211 nomm
2373 4149 2538 4231 soro.

332 4245 531 4313 Locus
579 4268 614 4313 e
660 4248 886 4334 Georg.
938 4248 1064 4324 111,
1117 4253 1197 4316 43
1248 4250 1663 4336 comparandi
1705 4270 1899 4319 causa
1942 4250 2306 4338 adscriptus
2350 4251 2414 4316 in
2445 4270 2608 4318 uiar-

252 4351 388 4431 gine
434 4351 584 4420 huic
632 4361 849 4421 nostro
895 4354 1208 4421 exitiosus
1252 4375 1392 4423 esse
1441 4356 1668 4442 potuit.
