2934 5050
953 246 1264 332 sumum
1312 284 1384 329 ιτ
1431 285 1734 333 euenum.
2410 269 2540 334 289

625 454 692 512 et
740 448 981 516 virtute
1023 461 1165 518 tuae
1210 461 1275 519 et
1321 452 1514 520 claris
1563 456 1718 539 (50,
1776 453 1917 537 15):

209 548 618 619 verissimum
680 555 971 621 omnium
1039 556 1437 645 exemplum,
1513 558 1578 623 in
1641 556 1979 647 dactylicis
2038 554 2319 634 scilicet,
2392 569 2561 628 esset

211 655 361 725 vul.
429 662 468 724 5
532 678 718 725 »cum
783 658 961 745 poclo
1021 660 1163 726 bibo
1208 662 1522 742 eodem”‚
1589 663 1760 749 quod
1821 660 2306 730 Lachmannum
2359 666 2562 730 movit

204 770 272 828 ut
331 782 473 830 cum
538 762 720 830 hiatu
783 764 992 832 eodem
1057 765 1443 855 disyllabum
1510 772 1846 835 statueret.
1921 766 1993 834 ld
2040 771 2314 835 removit
2359 770 2554 836 Muel-

202 866 397 947 lerus,
442 878 737 953 statuens
786 870 925 936 bibo
962 871 1491 960 pyrrhichiacum
1541 894 1702 940 esse.
1799 874 1963 939 Tum
2013 873 2241 941 XXIX.
2297 879 2413 942 48:

592 976 824 1043 coicito
871 986 934 1044 te
988 978 1161 1043 intro
1207 997 1282 1044 ac
1331 979 1483 1045 bono
1527 979 1736 1045 animo
1781 979 1901 1045 es'’
2052 972 2062 981 '

199 1081 346 1147 satis
402 1080 666 1148 durum.
744 1082 1227 1168 correptionem
1295 1081 1602 1150 Graecam
1664 1103 1816 1151 cum
1882 1082 2063 1152 hiatu
2116 1086 2181 1151 in
2222 1085 2562 1175 dactylicis

201 1185 380 1255 habes
439 1186 646 1254 XXX.
714 1190 834 1253 40:
898 1186 1091 1273 »quid
1141 1207 1362 1254 servas
1407 1195 1538 1275 quo
1583 1208 1762 1268 eam,
1812 1188 1969 1275 quid
2014 1189 2446 1278 agam?,quid
2497 1191 2564 1257 id

200 1291 429 1360 adtinet
500 1291 583 1359 ad
652 1284 804 1370 te?’3
875 1292 1070 1358 Porro
1137 1293 1460 1381 synizesin
1512 1295 1769 1380 saepius
1812 1293 2116 1403 adjnisit,
2176 1295 2352 1363 velut
2397 1297 2557 1363 satis

199 1396 348 1485 dure
390 1400 461 1464 in
488 1400 554 1464 ai
604 1396 1059 1487 (dativorum),
1108 1398 1174 1463 in
1214 1398 1303 1463 ei:
1344 1398 1598 1486 iliqneis
1641 1398 1831 1487 (vm.
1867 1400 2018 1489 19),
2068 1402 2226 1479 mei,
2265 1423 2440 1478 meo.
2494 1404 2559 1468 in

198 1502 284 1569 iu:
323 1504 869 1591 promunturium,
915 1503 978 1568 in
1005 1502 1524 1583 ia:inim·iacum,
1566 1504 1876 1581 dominia,
1912 1506 2255 1573 mendacia.
2283 1506 2564 1574 Caesura

199 1610 258 1673 in
300 1609 687 1697 septenariis
732 1608 1070 1694 aliquoties
1117 1607 1501 1693 neglegitur.
1570 1607 1757 1676 Nulla
1804 1608 1936 1676 sere
1983 1620 2079 1676 est
2127 1631 2352 1688 causa,
2399 1614 2557 1699 quin

197 1734 373 1783 suum
425 1724 772 1802 patronum
823 1714 1145 1791 inveniat,
1191 1721 1256 1779 et
1300 1715 1748 1780 excusationes
1791 1715 2066 1800 singulis
2091 1724 2352 1803 paratae
2375 1726 2565 1793 sunt:

195 1829 258 1888 at
278 1823 383 1908 qui
415 1829 553 1888 tam
573 1837 764 1906 saepe
788 1820 1198 1886 excusatione
1224 1817 1502 1905 indiget,
1552 1839 1677 1886 non
1703 1840 1856 1886 sane
1882 1819 2417 1907 diligentissimus
2442 1830 2562 1890 est.

275 1926 343 1992 ln
392 1908 742 1992 structura⁸
783 1923 1188 2010 periodorum
1242 1932 1417 1991 tanta
1466 1926 1676 1990 utitur
1708 1923 2057 2005 libertate,
2109 1936 2178 1993 ut
2204 1947 2403 2013 paene
2428 1928 2564 1992 dis-

195 2029 436 2099 solutus
486 2029 814 2104 videatur;
862 2027 1049 2095 modo
1090 2028 1395 2095 verbosus
1435 2038 1571 2106 est,
1623 2029 1811 2095 modo
1837 2029 2167 2117 periodum
2196 2031 2563 2099 incohatam

196 2136 522 2225 relinquit.
598 2134 849 2202 Veluti:

321 2243 580 2311 Cassiu’
627 2240 828 2308 Gaius
874 2238 981 2305 hic
1028 2240 1402 2326 operarius,
1451 2259 1642 2327 quem
1694 2238 2125 2326 Cephalonem

319 2350 629 2426 dicimu',
669 2355 982 2413 sectorem
1035 2344 1480 2430 furemque—
1510 2344 1673 2412 hunc
1718 2344 1959 2412 Tulliu’
2010 2364 2280 2433 nequam

319 2458 515 2526 iudex
571 2451 871 2521 heredem
929 2449 1081 2517 facit
1128 2450 1271 2538 (xl.
1322 2453 1456 2540 22).

321 2560 693 2632 Terriculas
754 2557 1044 2636 LamiaS,
1106 2556 1310 2623 Fauni
1357 2576 1520 2642 quas
1584 2557 1999 2643 Pompiliique

319 2669 667 2736 instituere
710 2664 990 2740 Numae,
1058 2662 1278 2728 tremit
1313 2660 1442 2726 'has
1491 2661 1660 2749 (XV.
1711 2664 1803 2747 ὅ).

321 2773 567 2840 Verum
614 2769 770 2837 haec
818 2767 1008 2833 ludus
1057 2766 1142 2832 ibi
1193 2786 1431 2853 susque
1478 2765 1943 2853 omnia.deque
1993 2765 2287 2842 fuerunt,

319 2895 565 2965 susque
628 2874 785 2942 haec
846 2872 1052 2959 deque
1101 2870 1318 2951 fuere,
1387 2873 1697 2957 inquam,
1763 2874 1979 2938 omnia
2031 2871 2208 2939 ludu'
2256 2874 2563 2959 iocusque

1942 3047 1951 3056 .
2192 2977 2364 3067 [(ΙΙΙ.
2427 2977 2560 3064 11).

201 3087 264 3154 ln
309 3087 409 3155 his
453 3088 569 3176 qni
619 3085 1087 3174 neglegentiam
1139 3082 1355 3150 studio
1397 3084 1755 3169 quaesitam
1786 3084 2110 3170 agnoscit,
2153 3103 2279 3150 non
2309 3102 2565 3150 mecum

199 3193 383 3272 facit,
438 3213 592 3260 cum
657 3192 872 3279 potius
933 3190 1295 3256 existimem
1361 3187 1683 3254 Lucilium
1748 3188 2006 3273 ingenio
2066 3187 2334 3254 ductum
2384 3186 2563 3253 illam

198 3307 413 3384 sponte
458 3297 810 3364 dictionem
860 3303 1156 3362 secutum
1205 3312 1389 3371 esse,
1439 3311 1605 3380 quae
1653 3312 1800 3358 cum
1851 3295 2088 3359 satirae
2136 3293 2431 3360 libertate
2481 3312 2563 3357 an

201 3399 448 3471 licentia
508 3401 900 3468 conveniret.
974 3397 1210 3481 Quodsi
1260 3397 1355 3464 vel
1410 3398 1685 3463 maxime
1738 3417 1859 3462 non
1906 3396 1985 3462 ad
2032 3417 2309 3483 unguem
2355 3396 2566 3464 sactus

202 3515 320 3583 est,
365 3518 580 3575 tamen
631 3504 749 3572 hoc
790 3523 1047 3570 summa
1093 3501 1279 3568 laude
1326 3500 1633 3589 dignum,
1680 3501 1850 3588 quod
1900 3509 2179 3568 metrum
2240 3513 2425 3568 antea
2456 3502 2566 3568 he-

205 3612 369 3676 roico
424 3611 703 3678 carmini
765 3608 1095 3697 proprium
1159 3605 1237 3672 ad
1302 3608 1472 3674 vitae
1536 3605 1821 3692 vulgaris
1866 3606 2395 3673 consuetudinem
2453 3628 2566 3674 ac·

204 3716 637 3783 commodavit.
691 3713 888 3781 Multo
933 3712 1054 3779 hoc
1104 3712 1307 3800 magis
1354 3710 1609 3797 placere
1656 3709 1843 3777 debet
1890 3731 2085 3798 quam
2127 3713 2180 3777 si
2221 3722 2467 3779 comtos
2502 3723 2568 3779 et

203 3816 513 3905 elegantes
561 3838 788 3886 versus
830 3816 1103 3884 fudisset
1140 3824 1204 3882 et
1242 3818 1600 3882 sententias
1641 3816 1992 3896 rotundae,
2044 3815 2279 3904 quibus
2320 3818 2563 3903 ingenii

207 3925 379 4009 vigor
399 3926 839 4011 testivitasque
864 3931 927 3989 et
953 3921 1200 4009 lepores
1225 3921 1536 3988 deessent.
1584 3921 1819 3988 Maiora
1848 3920 2207 4007 fragmenta
2233 3961 2321 3971 —
2340 3940 2563 4009 quam-

207 4046 390 4112 quam
430 4030 585 4097 haec
627 4047 877 4114 quoque
913 4048 1036 4093 non
1072 4026 1296 4093 multis
1321 4026 1610 4093 versibus
1635 4028 2159 4093 continentur—
2185 4028 2399 4093 omnia
2429 4047 2566 4114 pro·

211 4133 412 4216 prium
452 4134 935 4209 habent'w'xov,
978 4152 1168 4218 quem
1198 4131 1380 4197 facile
1407 4150 1717 4220 agnoscas
1742 4140 1804 4197 et
1831 4133 1964 4198 sive
1984 4141 2344 4218 protervam
2374 4131 2565 4196 lasci-

210 4235 371 4302 viam
415 4247 698 4326 spectaS‚
747 4239 884 4305 sive
923 4237 1258 4304 verborum
1295 4237 1787 4324 proprietatem,
1829 4235 2065 4302 habent
2090 4257 2215 4324 quo
2238 4257 2306 4304 se
2332 4235 2566 4301 distin-

213 4350 408 4421 guant
432 4362 465 4409 a
493 4344 822 4429 quibusvis
848 4341 1282 4409 monumentis
1308 4341 1552 4427 ingenii
1581 4341 1874 4408 Romani.
1897 4339 2197 4408 Conseras
2224 4341 2384 4407 mihi
2415 4337 2464 4400 V
2487 4344 2568 4403 .8.

1544 4447 1551 4452 .
2221 4448 2281 4496 ¹9
2372 4445 2391 4450 -
