2934 5050
915 317 1001 365 An
1050 315 1314 366 sronffl
1359 316 1813 366 anonumum.
2469 295 2553 361 93

197 488 579 553 substituetis
623 485 884 563 τάγαθά
933 491 999 550 et
1043 485 1314 551 absurda
1355 490 1668 552 sententia
1711 487 1944 552 exibit:
1996 486 2217 552 eodem
2260 483 2450 552 modo
2496 486 2554 549 si

195 611 302 677 pro
342 590 570 670 τάγάθ’
618 591 679 655 ἐν
723 596 929 670 χεροῖν
974 589 1221 673 ἔχοντες
1269 594 1670 676 supposueris
1714 590 2012 668 τάγαθόν.

275 800 346 865 In
389 798 605 866 Floril.
654 799 763 866 IV.
813 798 921 864 34.
971 800 1262 865 Rhianus
1304 802 1398 865 ita
1441 803 1645 865 canit:

1170 903 1394 982 βιότοιο
1440 904 1556 982 μὲν
1601 901 1663 978 ὅς
1711 905 1772 968 κ’
1819 905 2096 979 ἐπιδευὴς

445 1015 773 1093 ςρωφᾶται
811 1008 1172 1090 μακάρεσσι
1221 1009 1272 1073 δ’
1319 1009 1421 1074 ἐπὶ
1469 1008 1671 1090 ψόγον
1718 1010 1884 1075 αἰνὸν
1927 1008 2139 1076 ἰάπτει

444 1113 831 1198 ἀχνύμενος.
884 1121 1329 1179 ΟΦΕΤΕΡΗΝ
1376 1113 1428 1178 δ’
1473 1115 1693 1195 άρετῆν
1741 1113 1844 1178 καὶ
1894 1114 2077 1193 θυμὸν
2123 1112 2342 1195 ἀτίζει.

269 1221 435 1310 Ergo
495 1241 577 1286 ne
634 1219 923 1285 Rhianus
986 1218 1246 1304 quidem
1299 1219 1539 1284 sciebat
1584 1224 1696 1284 aut
1740 1217 2145 1307 intellig-ebat
2189 1218 2344 1304 quid
2388 1221 2554 1288 inter

187 1324 243 1400 ὅς
300 1332 364 1393 et
420 1325 715 1408 σφέτερος
774 1327 1121 1391 interesset.
1217 1323 1437 1408 Neque
1498 1322 1847 1389 Phanocles
1864 1369 1881 1401 ,
1948 1326 2058 1409 qui
2121 1322 2239 1403 64,
2290 1323 2410 1390 14.
2458 1327 2554 1392 ita

187 1434 378 1499 canit:

447 1543 684 1619 Θρῇκες
733 1534 790 1599 δ’
838 1537 918 1607 ὥς
960 1532 1233 1607 ἐδάησαν
1258 1534 1503 1599 —⁶Ac
1549 1532 1819 1613 άλόχους
1865 1530 2121 1613 ἔστιζον.

267 1645 443 1708 Avus
459 1688 477 1720 ,
544 1642 657 1726 qui
717 1660 756 1706 a
802 1641 1138 1726 nepotibus
1180 1641 1308 1704 suia
1348 1660 1548 1705 manu
1592 1641 1847 1705 ducitur
1894 1637 1978 1704 75
1997 1687 2015 1716 ,
2065 1637 2151 1704 14
2198 1637 2555 1724 appellatur

188 1744 432 1818 πάππος
474 1747 592 1811 ὑπὸ
635 1753 1103 1810 ΟΦΕΤΕΡΩΝ
1138 1744 1397 1822 ἐκγόνων
1430 1742 2013 1827 χειραγωγούμενος
2034 1793 2049 1809 .
2121 1742 2196 1808 In
2217 1744 2561 1831 Epigram-·

186 1858 346 1918 mate
410 1853 490 1917 de
551 1846 772 1917 Cleobi
834 1854 899 1915 et
941 1849 1170 1916 Bitone
1219 1848 1383 1927 120,
1435 1847 1556 1914 23.
1606 1849 1797 1914 modo
1842 1848 2078 1914 dicitur
2117 1849 2358 1928 μητέρα
2396 1849 2550 1914 ἫΝ

184 1956 447 2035 ἀγέτην,
509 1955 703 2020 modo
764 1954 1067 2033 ἐτίμησαν
1127 1954 1367 2035 μητέρα
1410 1953 1524 2026 τὴν
1571 1950 2020 2018 (ΣΦΕΤΕΡΗΝ
2042 2003 2057 2017 .
2151 1952 2334 2019 Nihil
2378 1971 2550 2038 pror·-

185 2082 283 2128 sus
324 2064 494 2127 inter
537 2060 692 2126 haec
735 2061 1036 2126 interesse
1083 2062 1422 2145 opinantur
1436 2105 1453 2137 ,
1503 2058 1669 2124 nihil
1713 2060 2014 2124 sentiunt.

264 2271 334 2337 In
401 2269 625 2338 Floril.
694 2269 800 2335 IV.
870 2268 977 2335 47.
1043 2267 1452 2335 Cornelianus
1511 2269 1701 2333 dicit:
1765 2271 1942 2333 τοῦτο
2001 2267 2127 2347 γάρ
2186 2269 2389 2333 αὐτῶν
2436 2268 2542 2333 καὶ

185 2375 348 2452 μόνον
390 2385 469 2459 τῇ
521 2375 857 2455 προαιρέσει
902 2373 1185 2456 πρόσεςιν
1230 2373 1505 2452 άγαθόν,
1552 2368 1699 2454 ὅπερ
1739 2373 1829 2443 ἐςὶ
1868 2372 2129 2451 μέγιςον
2159 2379 2279 2437 τῶν
2313 2378 2549 2439 κακῶν.

185 2482 546 2548 insanientis
601 2481 800 2546 oratio
856 2479 1152 2545 videatur
1198 2499 1331 2545 esse
1377 2484 1442 2544 et
1488 2498 1705 2544 secum
1747 2480 2093 2566 pugnantis
2110 2523 2128 2555 ‚
2176 2478 2286 2544 sed
2330 2477 2552 2546 floscu-

184 2583 276 2651 lus
337 2593 432 2652 est
494 2585 575 2651 de
636 2585 929 2650 Isocratis
990 2583 1174 2649 horto
1235 2585 1596 2668 decerptus,
1663 2586 1774 2668 qui
1835 2584 2082 2649 dixerat
2135 2584 2228 2672 (in
2273 2584 2554 2666 haym

188 2709 310 2776 cap.
367 2690 431 2756 2.
496 2692 568 2755 in
632 2688 851 2755 Floril.
920 2685 1041 2765 38,
1106 2687 1242 2769 42.)
1285 2689 1514 2755 τούτων
1563 2688 1616 2752 δ’
1662 2688 1854 2761 αἴτιος
1903 2689 1931 2753 ὃ
1978 2686 2233 2766 Φθόνος,
2284 2684 2327 2770 ὦ
2372 2693 2552 2755 τοῦτο

191 2794 352 2871 μόνον
392 2794 635 2874 ἀγαθὸν
680 2792 998 2874 πρόσεςιν,
1045 2789 1135 2859 ὅτι
1187 2793 1443 2871 μέγιςον
1490 2794 1678 2860 κακὸν
1721 2802 1847 2865 τοῖς
1897 2790 2143 2872 ἔχουσίν
2189 2793 2332 2861 ἐςιν.

266 3004 338 3070 In
381 3003 603 3080 Floril.
651 3002 758 3069 IV.
811 3001 960 3068 103.
1006 3000 1294 3083 ἄνθρωποι
1338 3004 1479 3077 τοὺς
1507 3041 1590 3052 -
1618 3005 1679 3067 ἐν
1718 3001 1987 3083 τεράτων
2023 3003 2190 3084 λόγῳ
2229 3001 2440 3076 ἐόντας
2466 3039 2549 3052 -

186 3108 475 3187 μεγάλων
539 3107 881 3190 χρημάτων
946 3106 1249 3187 ὠνεόμενοι
1277 3147 1360 3157 -
1387 3108 1522 3188 περὶ
1568 3107 1655 3173 τά
1700 3106 2163 3174 σπουδαιότατα
2210 3107 2314 3173 καὶ
2371 3106 2547 3196 [ΤΑ]

187 3214 407 3295 σμικροὶ
453 3211 759 3295 ἄχθονται
806 3213 1263 3286 άναλίσκοντες.
1359 3213 1672 3301 Expunge
1716 3212 2081 3278 articulum‘
2105 3210 2192 3278 τά
2213 3263 2231 3292 ,
2279 3215 2387 3278 cuj.
2414 3212 2557 3278 nul-

185 3315 277 3384 lus
317 3321 386 3384 in
429 3318 553 3385 tali
598 3340 666 3385 re
687 3317 888 3385 locus
936 3322 1050 3382 est.
1124 3317 1457 3384 Praecedit
1492 3318 1793 3396 μεγάλων
1830 3316 2172 3399 χρημάτων
2210 3317 2555 3396 ὠνεόμενοι,

190 3421 307 3488 dici
350 3444 477 3490 non
521 3429 768 3510 poterat
812 3428 930 3489 τῶν
969 3423 1273 3501 μεγάλων
1316 3422 1693 3503 χρημάτων,
1742 3425 1833 3488 sic
1879 3427 2148 3498 πολλοῦ,
2190 3421 2514 3496 ἐλάττονος
2535 3471 2554 3501 ,

189 3525 483 3610 ἐλαχίςου
521 3536 750 3596 πωλεῖν
789 3535 853 3593 et
894 3529 1165 3594 ὠνεῖσθαι
1209 3528 1442 3594 dicitur
1458 3575 1476 3605 ,
1517 3528 1631 3593 ubi
1673 3528 1981 3593 articulus
2012 3528 2160 3593 addi
2181 3547 2305 3593 non
2327 3531 2556 3613 potest.

265 3736 338 3802 In
381 3738 605 3804 Bionis
648 3739 819 3804 dicto
865 3737 940 3804 V.
992 3737 1100 3804 66.
1152 3760 1213 3824 p.
1269 3737 1432 3816 124,
1488 3737 1570 3802 18
1616 3738 1896 3804 Meinek.
1944 3740 1972 3803 ὅ
2020 3738 2082 3803 δὲ
2129 3737 2318 3816 Βίων,
2359 3734 2557 3819 ὥσπερ

187 3847 295 3905 τῶν
356 3844 595 3923 θηρίων,
659 3844 821 3926 <pne-l
841 3893 858 3919 ,
919 3845 1095 3924 παρα
1157 3843 1266 3918 τῆν
1332 3850 1525 3925 λῆψιν
1580 3845 1615 3920 ἡ
1663 3841 1830 3918 δῆἔις
1871 3843 2152 3921 γίνεται,
2204 3841 2320 3908 κᾶν
2365 3840 2556 3920 μέσου

188 3950 286 4009 τοῦ
341 3947 540 4029 ὄφεως
600 3947 1117 4026 ἐπιλαμβάνΗΙΟ
1184 3949 1511 4029 δηχθῆσει,
1572 3948 1681 4013 ἐάν
1732 3947 1822 4030 (δὲ
1868 3947 2038 4034 add.)
2086 3951 2193 4013 τοῦ
2236 3947 2558 4030 τραχήλου

191 4048 348 4114 οὐδὲν
391 4051 633 4129 πείσει,
682 4074 761 4118 ne
808 4055 895 4117 sit
939 4053 1183 4119 soloeca
1226 4057 1426 4119 oratio
1472 4054 1873 4119 scribendum
1921 4051 2380 4130 ἔπιλαμβάνΗΙ
2401 4101 2418 4118 .
2457 4076 2560 4137 ap-

178 4156 537 4234 prehendere
580 4159 752 4222 enim
797 4178 922 4223 non
967 4157 1430 4238 ἐπιλαμβάνειν
1479 4160 1715 4224 dicitur
1765 4159 1873 4223 sed
1920 4157 2492 4236 ἐπιλαμβάνεσθαι.
2624 4173 2633 4182 ’

275 4360 347 4427 Iu
396 4363 771 4453 Diotogenis
815 4365 1209 4454 Pythagorei
1255 4369 1649 4456 frag-mento,
1697 4368 1938 4455 legitur
1983 4366 2058 4433 V.
2109 4366 2215 4433 69.
2266 4367 2418 4434 αἴκα
2463 4390 2557 4440 τις
