2934 5050
1063 317 1148 362 An
1197 315 1726 364 rnnornms‘ruu.
2500 292 2580 356 61

203 506 330 551 non
373 483 444 550 οἵ.
537 485 634 549 Ex
695 488 835 570 ipsa
890 489 982 550 rei
1027 491 1255 551 natura
1299 486 1535 550 dicitur
1579 486 1847 563 πέμπειν
1891 484 2061 556 τινας
2112 484 2434 564 ἐροῦντας,
2491 483 2585 545 αἱ·

207 590 437 668 persea!
479 614 648 662 τινας
698 591 1293 668 ἐπιμελησομένους,
1339 612 1463 654 non
1504 592 1642 664 τοὺς
1678 592 1992 670 ἐροῦντας,
2039 588 2179 660 τοὺς
2211 588 2585 664 ἐπιμελησο-

203 696 440 771 μένους.
509 694 611 760 Ad
658 695 818 761 hanc
871 697 1076 781 igitur
1110 715 1399 761 normam
1447 695 1863 780 Theophrasti
1900 694 2077 759 locus
2114 692 2588 758 constituendus

203 806 315 864 est.

287 1008 454 1074 rbid.
503 1008 686 1081 δεινὸς
734 1017 861 1081 τοῖς
906 1009 1195 1082 τοιούτοις
1234 1017 1351 1074 τῶν
1393 1010 1597 1086 λόγων
1636 1010 1989 1088 χρήσασθαι
2021 1004 2112 1072 ὅτι
2156 1054 2190 1083 ,,
2209 1014 2330 1070 Δεῖ
2361 1006 2587 1077 αὐτοὺς

200 1115 363 1191 ἡμᾶς
417 1114 817 1187 συνελθόντας
864 1115 997 1196 περὶ
1045 1114 1292 1180 τούτων·
1316 1114 1777 1193 βουλεύσασθαι
1817 1115 1922 1177 καὶ
1974 1113 2040 1176 ἐκ
2086 1116 2194 1175 τοῦ
2241 1110 2433 1191 ὄχλου
2481 1111 2586 1175 καὶ

197 1227 305 1294 τῆς
351 1220 594 1298 άγορὶἑς
641 1220 1106 1297 άπαλλαγῆναι
1154 1220 1261 1284 καὶ
1301 1219 1664 1284 παύσασθαι
1704 1220 1938 1299 άρχαῖς
1977 1215 2439 1297 πλησιάζοντας
2482 1217 2586 1281 καὶ

200 1324 312 1387 ὑπὸ
380 1323 616 1388 τούτων
679 1325 906 1398 αὐτοὺς
974 1323 1395 1405 ὑβριζομένους
1443 1325 1477 1399 ἢ
1527 1321 1949 1410 τιμωμένους.]
2039 1322 2414 1386 Extremam
2467 1319 2591 1385 loci

196 1435 451 1513 partem
496 1437 633 1494 atra
678 1450 806 1495 nox
850 1433 1103 1515 premit.
1197 1428 1552 1514 Affulgebit
1593 1427 1707 1492 lux
1755 1432 1810 1492 si
1856 1428 2050 1492 verba
2094 1429 2187 1491 ita
2229 1422 2587 1490 refinxeris:

198 1533 298 1597 καὶ
387 1533 758 1599 παύσασθαι
848 1531 1491 1614 άρχαιΡΕΕιάζοντας
1575 1534 1651 1604 ὡς
1725 1532 1839 1597 ὑπὸ
1908 1532 2137 1597 τούτων
2204 1537 2588 1595 ΜΑΛΛΟΝ

200 1637 629 1719 ὑβριζομένους
679 1641 713 1714 ἢ
763 1639 1159 1716 τιμωμένους.
1270 1639 1671 1715 „Ambiencbi‚
1742 1641 1986 1723 inquit,
2045 1641 2237 1722 finem
2276 1637 2593 1722 faciamus

198 1766 396 1808 censeo
416 1791 436 1820 ‚
486 1765 732 1829 namque
777 1766 846 1806 ea·
887 1765 982 1806 res
1026 1744 1194 1806 nobis
1224 1744 1369 1826 plue
1415 1743 1801 1807 contumeliae
1854 1746 2032 1830 affert
2076 1764 2249 1827 quam
2292 1741 2587 1806 honorif.

196 1848 506 1913 videlicet
551 1852 607 1913 si
652 1848 917 1913 honores
964 1848 1042 1912 ab
1089 1850 1169 1912 iis
1215 1850 1498 1932 petimus
1517 1895 1535 1925 ,
1585 1868 1740 1932 quos
1785 1847 1933 1913 dare
1978 1849 2272 1932 indignos
2319 1867 2451 1911 esse
2498 1866 2591 1911 ar-

198 1951 545 2018 biti-amur.

285 2161 459 2226 Ibid.
523 2160 625 2226 διὰ
686 2162 825 2232 τοὺς
889 2161 1288 2241 συκοφάντας
1335 2164 1443 2226 οὐκ
1490 2160 1754 2235 οἶκητέον
1801 2161 1924 2229 ἐςὶν
1972 2161 2033 2224 ἐν
2078 2171 2155 2243 τῇ
2203 2158 2427 2248 πόλει.]
2517 2159 2594 2223 In

201 2265 501 2332 Palatino
543 2266 708 2331 libro
753 2272 848 2331 est
885 2269 994 2331 οὐκ
1034 2254 1162 2342 oin}
1211 2272 1396 2333 acuto
1455 2270 1639 2331 iuxta
1696 2269 1963 2351 scripto:
2037 2268 2309 2332 secunda
2363 2283 2593 2329 manus

200 2396 274 2451 ωρ
324 2372 669 2456 adscripsit
712 2373 962 2450 οἰκήτωρ
982 2422 999 2447 ,
1049 2372 1217 2456 quod
1262 2393 1516 2458 prorsus
1563 2371 1909 2437 absurdum
1954 2379 2066 2436 est.
2140 2372 2213 2436 ln
2257 2361 2387 2445 οἶκῆ
2429 2373 2594 2435 inest

203 2477 442 2551 οἱκητόν
508 2480 635 2542 sic:
703 2475 803 2541 διὰ
866 2478 1006 2549 τοὺς
1071 2477 1470 2561 συκοφάντας
1535 2477 1642 2541 οὐκ
1690 2477 1926 2550 οἱκητόν
1973 2478 2097 2547 ἐςιν
2140 2478 2201 2541 ἐν
2248 2485 2322 2557 τῇ
2371 2472 2590 2552 πόλει,

203 2582 266 2643 in
311 2584 464 2645 urbe
505 2582 770 2646 habitari
831 2605 948 2646 non
994 2590 1191 2666 potest
1207 2630 1224 2660 ‚
1289 2584 1357 2648 id
1404 2587 1535 2647 est:
1601 2605 1719 2645 non
1766 2589 1852 2646 est
1896 2582 2104 2646 vitalis
2146 2583 2274 2646 vita
2318 2581 2385 2643 in
2429 2581 2591 2643 urbe.

207 2686 479 2761 Οἲκητόν
526 2687 763 2751 dicitur
807 2693 883 2752 ut
927 2688 1152 2765 βιωτόν
1173 2738 1190 2764 ,
1237 2687 1493 2753 άνεκτόν
1539 2693 1604 2752 et
1649 2685 1908 2751 similia.

294 2790 621 2858 Continuo
665 2795 953 2876 sequitur
997 2792 1101 2858 καὶ
1149 2795 1226 2864 ὥς
1276 2798 1424 2870 ,,Ἐν
1468 2800 1596 2863 τοῖς
1643 2791 2000 2870 δικαςηρίοις
2049 2790 2214 2854 δεινά
2258 2788 2595 2870 πάσχομεν

211 2896 325 2960 ὑπὸ
375 2903 494 2961 τῶν
546 2894 1037 2982 δικαζομένων”.]
1133 2896 1442 2963 Omnium
1487 2917 1788 2962 consensu
1829 2896 2138 2961 mendum
2183 2900 2279 2960 est
2322 2897 2392 2959 in
2429 2893 2597 2958 δικα-

209 2999 496 3081 ζομένων.
611 3000 834 3085 Itaque
904 3000 1263 3082 δικαζόντων
1333 3004 1766 3077 coniecerunt,
1835 2999 2172 3066 infeliciter
2230 3000 2596 3065 admodum.

207 3105 459 3170 Minore
505 3104 839 3170 molimine
885 3109 1140 3171 restitui
1181 3113 1390 3191 potest
1432 3127 1584 3172 vera
1626 3106 1815 3171 lectio
1833 3153 1850 3183 ‚
1900 3126 2060 3189 quae
2105 3112 2201 3170 est
2245 3104 2598 3186 δεκαζομέ-

205 3234 334 3275 νων.
437 3258 472 3286 ‚,
494 3210 848 3273 Delatorem
878 3213 1070 3294 plena
1111 3219 1252 3275 sunt
1297 3212 1496 3275 omnia
1542 3217 1598 3275 et
1642 3211 1869 3274 iudices
1912 3211 2149 3274 venales
2191 3209 2385 3273 καθ’.
2449 3209 2598 3275 Ver-

207 3315 364 3379 bum
429 3316 728 3380 Atticum
790 3319 856 3380 et
917 3313 1249 3381 Graeculis
1309 3317 1709 3402 incognitum
1772 3314 2046 3394 δεκάζειν
2108 3320 2173 3379 et
2237 3312 2598 3394 δεκάζεσθαι

213 3425 606 3501 (eorrumpere
665 3423 731 3482 et
791 3421 1109 3504 corrumpi)
1167 3424 1407 3504 passim
1452 3440 1491 3484 a
1535 3420 1758 3484 scribis
1803 3422 1871 3483 in
1918 3417 2181 3498 δικάζειν
2238 3424 2306 3483 et
2353 3416 2598 3496 δικάζε-

210 3525 351 3587 σθαι
413 3524 834 3609 depravatum
881 3525 1150 3591 videbis.
1245 3525 1619 3610 Numquam
1666 3522 1794 3589 fere
1854 3521 2152 3602 δεκάζειν
2200 3545 2277 3588 ex
2338 3522 2600 3586 illorum

209 3629 509 3693 manibus
557 3632 877 3694 intactum
924 3627 1217 3693 elabitur.
1287 3629 1585 3695 Indicabo
1628 3646 1862 3713 pauca:
1911 3627 2240 3693 Demosth.
2287 3649 2350 3712 p.
2403 3623 2597 3702 1137,

217 3732 275 3795 1.
369 3733 666 3798 Aeschin.
729 3736 799 3797 in
863 3732 1031 3797 Tim.
1099 3732 1209 3799 87.
1301 3733 1591 3818 Xenoph.
1659 3733 1737 3797 R.
1799 3735 1877 3797 A.
1939 3730 2052 3795 111.
2119 3730 2179 3797 7.
2273 3729 2598 3795 Plutarch.

215 3833 394 3901 Tem.
443 3836 525 3901 Π.
577 3859 725 3924 pag.
777 3835 885 3902 92.
934 3856 993 3902 n.
1086 3836 1209 3903 Dio
1255 3835 1481 3924 Chrys.
1531 3837 1581 3903 Ι.
1635 3836 1784 3902 108.
1847 3837 2082 3901 Pollux
2125 3834 2231 3900 VI.
2276 3833 2390 3919 536.

243 4032 248 4035 ’
309 4045 470 4111 Ibid.
517 4046 623 4111 τὸν
688 4046 900 4122 Θησέα
967 4053 1198 4126 πρῶτον
1256 4054 1458 4129 φῆσαι
1518 4054 1634 4112 τῶν
1681 4049 1885 4112 κακῶν
1930 4056 2009 4129 τῇ
2057 4046 2233 4111 πόλει
2278 4046 2598 4124 γεγονέναι

220 4148 434 4217 αἴτιον.
485 4158 698 4218 τοῦτον
744 4152 872 4232 γάρ
921 4152 988 4215 ἐκ
1035 4150 1267 4216 δώδεκα
1316 4150 1551 4218 πόλεων
1598 4153 1684 4225 εἷς
1723 4152 1875 4230 μίαν
1911 4150 2375 4229 καταγαγόντα
2412 4154 2603 4219 λυθεί-

224 4276 343 4325 σας
387 4256 723 4332 βασιλείας
786 4255 891 4322 καὶ
942 4254 1152 4322 δίκαια
1210 4258 1400 4323 αὐτὸν
1448 4258 1664 4323 παθεῖν
1689 4278 1703 4294 ·
1767 4263 1995 4335 πρῶτον
2040 4256 2165 4336 γὰρ
2214 4257 2398 4321 αὐτὸν
2445 4259 2604 4323 oin-0-

227 4358 436 4426 λέσθαι
500 4362 607 4426 ὑπ’
672 4361 922 4444 αὐτῶν]
1019 4359 1126 4426 Sic
1184 4360 1520 4427 Palatinus
1580 4362 2078 4428 mendosissime.
2170 4361 2411 4426 Verum
2473 4382 2604 4427 esse
