2934 5050
1216 310 1643 360 mmmm.
2284 323 2289 330 -
2487 284 2621 354 289

317 482 395 549 V.
452 483 555 549 18.
620 482 793 571 Lege
854 481 1240 561 βουλομένας
1307 482 1552 555 ταύτας
1617 481 1800 561 ἐξέστω
1861 480 2244 562 ξυμμάχους
2312 482 2610 548 ποιεῖσθαι

225 597 354 662 τοῖς
413 590 772 665 Ἀθηναίοις.

315 694 394 760 V.
449 694 552 761 19.
617 696 898 761 Nomina
955 695 1603 762 Lacedaemoniorum
1660 698 1771 781 qui
1831 694 2053 761 foedus
2111 695 2405 760 sanciunt
2460 699 2614 759 sunt

225 801 347 867 XV
363 851 381 880 ‚
446 801 936 867 Atheniensium
995 800 1180 866 XVII
1193 848 1212 880 ,
1277 803 1344 866 in
1404 803 1726 868 societatis
1782 800 2031 868 foedere
2091 822 2224 886 cap.
2282 799 2392 866 24.
2439 806 2610 867 utro-

222 929 498 994 rumque
538 915 635 974 est
670 907 869 973 XVII.
922 907 1007 973 Et
1043 911 1348 993 quoniam
1387 908 1481 973 ibi
1521 912 1783 974 cautum
1809 913 1940 973 est:
1989 909 2281 985 ὃμοῦνται
2306 907 2368 973 δὲ
2392 910 2606 995 ταῦτα

215 997 394 1095 ὀἵπερ
440 1015 544 1079 καὶ
594 1015 713 1087 τας
759 1013 969 1088 ἄλλας
1016 1014 1283 1088 σπονδὰς
1326 1016 1613 1090 ὤμνυσαν
1650 1012 1967 1094 ἑκατέρων,
2017 1013 2143 1080 duo
2178 1013 2440 1080 nomina
2458 1013 2609 1078 hine

223 1121 530 1200 excidisse
589 1125 783 1207 patet.
856 1120 1105 1206 Nempe
1164 1122 1244 1186 ob
1292 1120 1507 1186 simile
1552 1123 1820 1185 initium
1868 1122 2206 1186 nominum
2250 1119 2603 1191 nasas-dnae

225 1233 291 1292 et
336 1224 730 1302 Πλειςοοέναξ
792 1227 1033 1292 scribae
1093 1225 1261 1292 oculi
1320 1227 1398 1292 ab
1468 1225 1607 1292 illo·
1656 1226 1736 1292 ad
1780 1226 1900 1293 hoc
1946 1226 2414 1294 aberraverunt.
2484 1225 2605 1291 Re-

225 1335 422 1398 stitue
482 1353 668 1422 ergo:
734 1332 1232 1410 Λακεδαιμονίων
1294 1334 1408 1409 μὲν
1480 1330 1903 1409 Πλειςοοίναξ,
1943 1330 2174 1409 Ἀγις,
2226 1330 2600 1401 Πλειςόλας.

223 1437 384 1504 Mox
428 1441 663 1506 rectius
705 1441 773 1503 in
798 1437 904 1505 24.
955 1437 1246 1518 Λάφιλος
1288 1443 1556 1504 vocatur
1595 1440 1707 1523 qui
1744 1439 1851 1504 hic
1889 1436 2268 1520 Λάμφιλος,
2317 1439 2604 1523 ΜοἈρι·

223 1545 497 1620 ςοκοίτης
526 1598 539 1622 ,
592 1546 705 1630 qui
750 1545 844 1610 ibi
888 1544 1343 1625 Ἀριτοκροὶτης.

313 1650 389 1715 V.
439 1650 548 1717 20.
597 1650 897 1716 σκοπείτω
943 1651 1007 1716 δέ
1053 1675 1147 1723 τις
1173 1637 1368 1715 ’κατὰ
1413 1652 1554 1723 τοὺς
1602 1650 1888 1732 χρόνους,
1939 1651 2044 1715 καὶ
2088 1654 2178 1729 μη
2217 1657 2335 1716 τῶν
2375 1650 2605 1717 ἑκατα-

222 1763 344 1839 χοῦ
395 1757 429 1834 ἢ
478 1756 789 1839 ἀρχόντων
837 1756 871 1831 ἢ
918 1757 1046 1823 ἀπὸ
1093 1764 1279 1834 τιμῆς
1325 1756 1483 1829 τινὸς
1531 1759 1641 1831 τὴν
1685 1757 2102 1838 ἀπαρίθμησιν
2138 1759 2257 1822 τῶν
2295 1754 2605 1834 ὀνομάτων

224 1864 283 1936 ἐς
340 1864 429 1929 τα
493 1864 999 1943 προγεγενημένα
1040 1862 1456 1940 σημαινόντων
1496 1863 1796 1935 πιςεύσας
1835 1867 2103 1941 μᾶλλον.
2164 1862 2342 1929 Haec
2386 1883 2606 1947 quem·

169 2001 182 2006 -
221 1969 572 2035 admodum
638 1969 1010 2057 corrigenda
1075 1974 1283 2035 essent
1349 1970 1633 2035 indicavi
1680 1972 1747 2034 in
1794 1968 2252 2036 Adhortatione
2297 1989 2462 2035 mea.
2513 1989 2597 2034 sc.

219 2075 552 2140 inserendo
603 2078 688 2155 τῷ
736 2080 880 2141 ante
922 2075 1080 2150 τῶν,
1141 2081 1258 2140 τῶν
1304 2074 1615 2153 ὀνομάτων
1662 2078 1731 2140 in
1778 2081 1893 2140 τῶν
1939 2077 2249 2152 ὀνομαςῶν
2294 2073 2603 2140 mutando

221 2187 288 2247 et
332 2188 480 2246 ante
525 2184 635 2256 την
681 2181 1096 2261 ἀπαρίθμησιν
1143 2180 1431 2267 ponendo
1447 2228 1465 2259 ,
1525 2186 1846 2268 postremo
1889 2201 2003 2268 pro
2049 2180 2464 2258 σημαινόντων
2510 2201 2604 2246 re-

219 2286 550 2353 scribendo
614 2287 988 2364 σημαίνοντι.
1078 2292 1208 2363 Τὴν
1270 2291 1689 2369 ἀπαρίθμησιν
1749 2297 1866 2355 τῶν
1925 2289 2239 2370 ἀρχόντων
2286 2289 2601 2365 σημαίνειν

220 2399 318 2459 est
377 2394 651 2457 indicare
706 2395 1183 2480 quemadmodum
1240 2396 1626 2477 maqietracus
1680 2397 1843 2461 alim
1887 2397 2076 2460 alium
2120 2395 2451 2480 exceperint
2464 2424 2494 2473 ,·
2541 2395 2600 2467 ἐς

219 2501 308 2567 τὰ
371 2500 877 2580 προγεγενημένα
940 2501 1059 2568 hoc
1119 2501 1306 2581 facit,
1369 2505 1483 2588 qui
1542 2502 1831 2592 singulos
1891 2503 1971 2570 ad
2026 2523 2124 2569 res
2178 2507 2462 2570 narratas
2505 2522 2602 2569 ae·-

220 2606 603 2673 commodat.

311 2711 388 2776 V.
439 2711 546 2777 21.
596 2710 919 2779 Olearidas
961 2716 1062 2778 sui
1106 2715 1422 2803 purgandi
1469 2735 1659 2780 causa
1703 2715 2241 2781 Lacedaemonem
2281 2714 2599 2801 profectus

217 2816 543 2904 simulque
597 2818 971 2896 βουλόμενος
1033 2818 1251 2885 εἰδέναι
1314 2821 1364 2883 εἶ
1427 2818 1518 2883 ἔτι
1579 2822 1962 2897 μετακινητῆ
2023 2819 2115 2895 εἵη
2167 2823 2201 2895 ἦ
2249 2821 2551 2898 ὁμολογία
2575 2869 2592 2897 ,

219 2925 429 2998 ἐπειδὴ
493 2920 627 3005 εὗρε
687 2924 1196 3003 κατειλημμένας
1224 2964 1306 2975 -
1335 2925 1528 2991 πάλιν
1575 2926 1913 3007 ἐπορεύετο.
1984 2925 2123 2992 Imo
2173 2925 2596 3003 κατειλημμέ·

218 3056 248 3094 ν
267 3052 295 3094 ο
313 3055 341 3101 ς
365 3081 383 3103 ,
429 3037 769 3117 postquam
815 3052 881 3097 se
926 3053 1055 3096 sero
1099 3033 1326 3097 venisse
1368 3032 1555 3098 vidit.

314 3134 385 3198 V.
440 3134 543 3201 22.
592 3134 749 3201 Dele
793 3135 1153 3214 νομίσαντες
1202 3144 1265 3203 et
1311 3139 1395 3202 ού.
1460 3137 1679 3204 Oratio
1714 3138 1946 3224 pendet
1983 3159 2020 3203 a
2060 3136 2399 3217 νομίζοντες
2439 3137 2597 3215 ἔπεις’

217 3265 295 3304 αν
343 3264 472 3306 κτε.

309 3347 387 3412 V.
436 3346 543 3412 26.
615 3356 739 3418 τοῖς
801 3372 873 3413 τε
934 3350 1060 3430 γὰρ
1124 3350 1317 3429 ἔργοις
1381 3354 1460 3422 ὥς
1523 3352 1798 3433 διῄρηται
1871 3350 2144 3430 ὦθρείτω.
2218 3356 2332 3416 aut
2399 3353 2600 3417 oratio

215 3474 446 3519 manca
503 3460 599 3519 est
658 3459 771 3519 aut
831 3478 901 3518 τε
962 3476 1294 3542 perperam
1353 3459 1684 3522 insertum.
1763 3456 1931 3537 Quid
1979 3461 2195 3522 autem
2254 3462 2349 3522 est
2394 3455 2559 3521 illud
2576 3506 2594 3533 ,

217 3559 389 3645 quod
456 3558 761 3641 διῃρῆσθαι
830 3559 1062 3626 refert?
1133 3582 1212 3626 an
1258 3560 1627 3641 ξύμβασιςῖ
1690 3561 1814 3628 Sed
1860 3562 2015 3649 quid
2061 3564 2147 3627 sit
2192 3565 2224 3636 ἦ
2276 3560 2596 3640 ξύμβασις

219 3667 491 3746 διῄρηται
557 3665 854 3750 equidem
916 3688 1041 3732 non
1112 3688 1424 3753 assequor.
1500 3666 1686 3734 Certe
1746 3689 1870 3734 non
1931 3673 2140 3754 potest
2197 3668 2324 3733 dici
2384 3689 2498 3754 pro
2560 3670 2594 3741 ἦ

217 3772 544 3850 ξύμβασις
605 3774 879 3853 διαφέρει
902 3821 916 3845 ,
981 3777 1282 3858 quoniam
1324 3794 1439 3838 nec
1484 3775 1755 3840 verbum
1799 3794 1914 3841 nec
1961 3781 2218 3859 tempus
2262 3776 2589 3851 convenit,

215 3899 331 3943 nec
392 3882 500 3942 τοῦ
559 3880 832 3954 πολέμου
880 3879 1282 3967 subintelligi
1329 3879 1662 3945 commode
1707 3885 1934 3965 potest.
2005 3878 2107 3944 Ad
2151 3881 2379 3944 incitas
2425 3879 2599 3945 reda-

218 3990 359 4049 ctus
418 4004 496 4048 ne
557 3983 741 4068 plane
803 3984 1057 4063 ἀμαχεί
1102 3984 1423 4051 discedam
1473 3987 1739 4050 coniicio
1783 3994 1906 4058 τοῖς
1955 4009 2024 4050 τε
2071 3985 2198 4064 γαρ
2245 3983 2440 4063 ἔργοις
2490 3987 2593 4050 καὶ

217 4094 292 4161 ὦς
343 4089 648 4166 διήγημαι
696 4089 965 4168 οὶθρείτω.
1037 4089 1193 4154 Mox
1232 4090 1674 4170 ἁμαρτήματα
1714 4089 1989 4165 ἐγένοντο
2028 4111 2151 4155 non
2191 4093 2285 4154 ita
2319 4111 2593 4156 correxe-

215 4200 343 4262 rim
389 4204 466 4260 ut
512 4195 755 4272 ἕγένετο
802 4196 1179 4271 rescribam,
1234 4195 1343 4260 sed
1390 4198 1693 4281 quoniam
1738 4217 1862 4261 non
1908 4195 1987 4260 de
2033 4197 2333 4260 error-ibae
2372 4198 2480 4262 sed
2521 4197 2596 4264 de

215 4303 471 4366 iniuriis
516 4305 734 4388 agitur
776 4321 890 4385 pro
937 4301 1374 4380 ἁμαρτήματα
1423 4301 1530 4367 vel
1576 4302 1881 4381 αμαρτίαι
1930 4301 2036 4366 vel
2083 4302 2441 4382 αμαρταδες
2488 4304 2594 4383 (cf.

215 4406 576 4473 Marcellin.
626 4410 693 4471 in
740 4405 916 4490 Vita)
965 4410 1411 4493 rescripserim.

2261 4519 2319 4564 19
