2934 5050
1019 323 1366 370 rnuocoom
1419 324 1491 369 ετ
1536 323 1789 371 onium.
2463 302 2592 367 535

333 485 401 552 iu
437 486 514 553 iis
549 507 712 575 quae
749 490 1058 557 continuo
1106 499 1469 577 sequuntur
1498 490 1729 557 lacuna
1766 499 2006 557 temere
2044 486 2293 576 expleta
2328 505 2584 553 omnem

253 589 644 678 perelegantis
696 596 1103 683 metaphorae
1142 596 1417 682 gratiam
1469 616 1544 661 ac
1583 605 1986 662 venustatem
2026 592 2317 660 funditus
2356 592 2589 659 evertit

250 705 303 761 et
345 697 637 782 perdidit:
703 702 737 774 ἦ
792 701 919 780 γὰρ
965 702 1029 765 ἕν
1072 702 1157 781 τῷ
1220 708 1412 766 ποιεῖν
1454 699 1740 783 εὐχέρεια
1787 703 1890 767 καὶ
1937 698 2228 782 ταχύτης
2275 700 2382 764 οὐκ
2430 697 2579 763 ἐντί-

249 803 361 876 θησι
420 801 607 884 βάρος
676 803 831 886 ἔργῳ
896 804 1150 884 μόνιμον
1205 806 1337 871 οὐδὲ
1398 805 1670 879 κάλλους
1731 807 2088 887 ἀκρίβειαν·
2156 803 2185 867 ὃ
2234 803 2287 868 δ’
2339 803 2425 876 εἷς
2471 801 2584 876 την

245 905 458 983 γένεσιν
519 909 607 989 τῷ
665 906 825 989 πόνῳ
885 919 1583 977 ΠΡΟΔΛΝΕῙΟΘΕῙΟ
1643 911 1853 994 χρόνος
1918 912 1979 975 ἕν
2037 918 2118 992 τῇ
2166 907 2432 990 σωτηρίᾳ.
2477 909 2585 971 τοῦ

247 1013 538 1112 γενομένου
572 1022 674 1079 T:
702 1023 761 1079 N
789 1036 846 1080 ::
875 1036 889 1079 :
917 1037 932 1080 ε
965 1023 1029 1081 N
1074 1014 1455 1081 ἀποδίδωσιν.
1527 1014 1692 1095 Quid
1733 1025 1831 1082 est
1870 1011 2343 1101 supplendum?
2418 1008 2584 1091 Quid

249 1116 474 1183 tandem
522 1115 884 1185 ἀποδίδωσιν
923 1121 951 1184 ὃ
997 1120 1436 1201 προδανεισθεὶς
1473 1119 1727 1202 χρόνοςῖ
1778 1118 1940 1201 Quid
1983 1117 2153 1185 aliud
2197 1136 2390 1204 quam
2436 1114 2588 1181 reli·-

247 1241 352 1307 qna
406 1223 619 1289 omnia
681 1223 1113 1306 δανείσματα,
1165 1246 1393 1313 nempe
1455 1230 1713 1313 foenus,
1778 1247 2055 1291 usuram.
2151 1224 2592 1290 Restituamus

246 1327 425 1410 igitur
450 1326 778 1395 Plutarchi
817 1349 1080 1396 manum
1098 1338 1286 1397 TON
1331 1339 1637 1398 TOKON
1677 1331 2043 1397 ἀποδίδωσιν
2075 1338 2136 1396 et
2165 1328 2436 1395 sciolum
2471 1326 2581 1411 qui

246 1437 403 1497 ΤΗΝ
442 1441 700 1500 ICXTN
750 1434 1159 1522 suppleverat
1205 1434 1524 1503 facessere
1572 1434 1929 1502 iubeamus,

317 1579 381 1645 ln
426 1601 567 1668 cap.
627 1586 726 1648 13.
792 1583 1165 1662 Μεταγένης
1227 1584 1255 1649 ὃ
1327 1582 1723 1660 Ξυπέτιος
1794 1586 1863 1651 τὸ
1927 1583 2210 1667 διάζωμα
2274 1584 2378 1650 καὶ
2442 1580 2581 1655 τοὺς

244 1681 345 1749 ἄνω
386 1687 587 1760 κίονας
657 1686 943 1763 ἐπέςησε.
1043 1686 1407 1754 Reddamus
1469 1687 1704 1755 artifici
1765 1710 1955 1756 suum
2019 1689 2205 1769 δῆμον
2251 1684 2588 1754 scribendo

244 1791 593 1870 Μεταγένης
633 1791 662 1856 ὃ
705 1793 1156 1868 Ξυπεταών,
1206 1813 1597 1880 quamquam
1643 1793 1923 1861 nondum
1952 1802 2050 1860 est
2089 1793 2299 1859 omnis
2335 1799 2587 1858 exemia

244 1892 536 1962 dubitatio
608 1895 776 1962 sitne
840 1897 1170 1967 Ξυπεταών
1217 1917 1296 1963 an
1353 1936 1443 1948 —
1493 1899 1637 1964 αιών
1704 1918 1783 1963 an
1825 1935 1916 1947 —
1965 1899 2072 1962 εών
2134 1893 2587 1971 scribendum,

246 2007 474 2077 tamen,
527 1999 785 2088 vulgata
835 2001 1022 2069 lectio
1067 2003 1356 2079 Ξυπέτιος
1407 2002 1745 2070 manifesto
1793 2001 2094 2068 mendosa
2141 2012 2259 2068 est.

316 2164 775 2251 Lepidissimus
820 2160 1067 2234 Cratini
1119 2167 1297 2233 iocus
1341 2168 1517 2255 turpi
1566 2169 1725 2233 vitio
1774 2168 2151 2253 inquinatus
2200 2167 2587 2232 circumam-

242 2267 400 2337 bulat
445 2289 585 2358 cap.
644 2278 745 2337 13.
794 2279 1087 2353 Κρατῖνος
1136 2273 1198 2337 ἐν
1243 2274 1558 2358 Θρᾴτταις
1607 2273 1816 2355 παίζει
1864 2273 2009 2353 πρὸς
2056 2270 2280 2337 αὐτόν·

719 2378 747 2441 ὅ
794 2377 1248 2461 σχινοκέφαλος
1296 2378 1450 2452 Ζεὺς
1491 2372 1592 2445 ὅδε
1644 2377 2049 2460 προσέρχεται

716 2483 1049 2565 Περικλέης
1093 2481 1333 2566 τῴδεῖον
1379 2484 1481 2550 ἔπι
1528 2487 1637 2550 τοῦ
1684 2483 1922 2564 κρανίου

718 2586 879 2668 ἔχων
923 2588 1132 2663 ἐπειδὴ
1178 2587 1508 2669 τοῦςρακον
1552 2588 1951 2671 παροίχεται.

321 2691 667 2760 Meinekius
725 2702 797 2758 ut
861 2701 1141 2759 metrum
1202 2693 1575 2760 restitueret
1643 2694 1736 2759 ὁδί
1795 2702 1859 2759 et
1920 2692 2324 2775 ὄΠερικλέης
2370 2687 2586 2769 dedit,

242 2793 462 2863 frustra
513 2805 886 2884 utrumque.
983 2797 1081 2864 'l'u
1129 2818 1278 2865 vero
1324 2796 1516 2864 verba
1570 2806 1792 2885 poetae
1839 2799 1933 2863 sic
1981 2799 2337 2863 constitue:

1077 2904 1106 2968 δ
1152 2904 1609 2986 σχινοκέφαλος
1657 2902 1811 2977 Ζεὺς
1859 2899 1964 2968 ὅδε

717 3007 1160 3091 προσέρχεται,
1206 3008 1450 3090 τῴδεῖον
1497 3008 1597 3075 ἐπὶ
1643 3013 1752 3074 τοῦ
1795 3009 2036 3088 κρανίου

720 3112 883 3194 ἔχων
927 3114 1137 3190 ἐπειδὴ
1182 3114 1517 3195 τοῦςρακον
1567 3112 1962 3196 παροίχεται.

321 3217 469 3299 Quis
514 3236 644 3284 non
690 3217 1060 3286 admonitus
1107 3221 1488 3306 praesertim
1539 3222 1734 3286 sentit
1780 3234 1973 3305 quam
2023 3215 2197 3282 fatue
2245 3222 2310 3282 et
2349 3211 2590 3280 insulse

238 3323 551 3405 Περικλέης
609 3325 696 3390 sit
756 3323 1048 3390 additum
1114 3333 1258 3410 post
1316 3325 1345 3390 ὃ
1388 3324 1844 3406 σχινοκέφαλος
1892 3324 2046 3397 Ζεὺς
2091 3319 2191 3387 ὅδε
2216 3370 2235 3400 ,
2289 3318 2394 3386 ubi
2451 3337 2590 3405 per·

242 3438 487 3495 senatus
537 3428 814 3495 Pericles
860 3430 927 3494 in
976 3446 1232 3496 scenam
1286 3427 1559 3514 prodiit?
1631 3429 1710 3494 Et
1756 3428 1902 3513 quis
1945 3446 2067 3493 non
2117 3425 2414 3493 meminit
2454 3442 2594 3489 sex·

242 3535 463 3600 centies
510 3553 545 3601 a
594 3533 810 3600 sciolis
875 3536 1131 3600 nomina
1189 3535 1450 3621 propria
1512 3532 1744 3618 frigide
1791 3540 1855 3598 et
1915 3531 2170 3598 inficeto
2218 3527 2591 3616 interpolari

242 3636 465 3705 solere?
545 3638 744 3705 Multa
805 3640 999 3705 etiam
1065 3637 1236 3725 apud
1302 3638 1719 3705 Plutarchum
1769 3637 1963 3704 liuius
2011 3635 2256 3703 fraudis
2303 3634 2592 3720 exempla

244 3743 674 3827 reperiuntur,
725 3760 1000 3829 quorum
1050 3759 1254 3810 unum
1303 3741 1619 3830 proferam
1670 3744 1734 3807 in
1787 3743 1903 3808 hac
1951 3744 2089 3828 ipsa
2138 3742 2270 3807 vita
2316 3740 2382 3806 in
2427 3739 2590 3808 Cra-

244 3844 350 3911 tini
393 3848 683 3914 versibus
729 3846 936 3913 latens
971 3866 1109 3935 cap.
1159 3852 1266 3914 24.
1302 3848 1602 3935 Aspasia,
1653 3848 1904 3933 inquit,
1957 3849 2017 3913 ἐν
2054 3855 2200 3920 ταῖς
2246 3844 2589 3929 κωμῳδίαις

242 3949 539 4037 Ὀμφάλη
602 3977 673 4020 τε
731 3953 838 4019 νέα
899 3953 1003 4020 καὶ
1068 3952 1402 4034 Δηϊάνειρα
1457 3953 1562 4018 καὶ
1611 3951 1803 4018 πάλιν
1845 3951 2008 4033 Ἥρα
2052 3950 2589 4033 προσαγορεύεται.

242 4062 515 4136 Κρατῖνος
561 4061 614 4125 δ’
659 4057 940 4139 ἄντικρυς
987 4060 1327 4134 παλλακὴν
1368 4058 1563 4133 αὐτὴν
1613 4055 1840 4138 εἴρηκεν
1886 4059 1948 4123 ἐν
1995 4058 2228 4132 τούτοις

806 4162 1005 4246 Ἥραν
1047 4164 1119 4228 τέ
1166 4164 1216 4230 οἱ
1273 4160 1685 4250 [Ἂσπασίαν]
1738 4160 1934 4227 τίκτει

818 4267 1336 4347 καταπυγοσύνην
1381 4268 1720 4342 παλλακὴν
1768 4266 2094 4332 κυνώπιδα.

330 4369 397 4436 ln
446 4370 546 4438 his
588 4388 797 4457 neque
831 4373 1019 4439 metri
1070 4373 1237 4439 ratio
1268 4374 1429 4439 satis
1468 4378 1723 4438 constat
1772 4390 1977 4456 neque
2017 4369 2400 4436 sententiae.
2468 4368 2597 4433 Hoc
