2934 5050
363 296 486 356 42⁴
1203 313 1600 359 contorum
1648 314 1882 360 ιΑτιιιΑ.

630 478 989 544 consumtis
1038 479 1143 546 hic
1184 479 1350 547 forte
1392 481 1541 549 aliis
1586 490 1659 548 ut
1702 488 1955 547 vertere
2002 497 2259 546 morsus

629 583 928 668 exiguam
981 585 1046 648 in
1087 584 1381 652 Cererem
1433 587 1709 672 penuria
1756 584 1972 670 adegit
2018 582 2249 650 edendi

629 695 695 753 el.
741 688 980 754 violare
1028 709 1223 756 manu
1271 691 1589 777 malisque
1636 690 1990 756 audacibus
2041 687 2260 755 orbem

629 791 844 858 salalis
890 797 1094 860 crusti
1147 796 1385 881 patulis
1434 815 1551 862 nec
1602 815 1865 881 parcere
1910 792 2198 880 quadris

451 896 629 964 Unde
681 916 919 983 quaeso
981 900 1045 964 in
1101 909 1282 966 tanta
1331 901 1556 967 edendi
1594 901 1859 987 maun-ia
1904 899 2127 985 epulas
2174 896 2566 964 instaurandi
2606 914 2693 961 co·

360 1000 504 1087 pia?
583 1001 682 1067 An
729 1002 950 1088 epulae
1000 1003 1223 1071 Latine
1263 1004 1393 1071 dici
1442 1013 1653 1092 potest
1699 1024 1875 1071 mera
1916 1002 2349 1090 compotatio?
2419 1001 2535 1066 Vix
2564 1009 2693 1086 pulo

356 1114 452 1183 et,
517 1106 572 1170 si
637 1115 882 1192 potest,
946 1127 1175 1195 parum
1242 1120 1392 1197 apte
1454 1118 1836 1198 usurpatum
1894 1118 1992 1176 est
2036 1108 2303 1175 verbum
2354 1108 2694 1174 instaurem

357 1210 679 1296 siquidem
753 1220 889 1279 lum
953 1211 1257 1293 demum,
1329 1224 1590 1302 peracta
1637 1235 1873 1292 coena,
1935 1223 2159 1302 potare
2206 1213 2538 1300 incipiunt.
2598 1207 2692 1274 Se·

354 1323 648 1400 quuntur
695 1318 868 1383 enim
917 1317 1109 1387 haec:

1416 1435 1610 1512 alque
1666 1427 1881 1491 omine
1927 1442 2162 1509 magno

758 1536 1050 1597 crateras
1095 1528 1248 1596 laeli
1297 1538 1600 1597 statuunt
1645 1538 1710 1597 et
1754 1531 1900 1596 vina
1950 1540 2284 1595 coronant.

442 1633 572 1699 Has
624 1632 786 1699 mibi
834 1632 1101 1700 nebulas
1146 1633 1384 1720 aliquis
1429 1634 1779 1721 dissipato,
1830 1655 1911 1701 ne
1949 1653 2145 1721 cogar
2191 1642 2537 1716 utrumque
2581 1643 2692 1692 ver-

352 1756 499 1804 sum
557 1739 717 1826 (146
764 1744 891 1826 sq.)
940 1737 1312 1806 abiudicare
1358 1739 1660 1825 Vergilio.

1482 1980 1594 2046 111.

1301 2163 1396 2225 An
1445 2160 1785 2227 Boon-nun.

453 2365 686 2432 Ultima
767 2365 1027 2453 strophe
1097 2368 1409 2432 carminis
1463 2368 1696 2434 XXXII
1767 2370 1959 2455 primi
2031 2368 2179 2435 libri
2252 2372 2349 2436 sic
2417 2369 2615 2436 edilur
2667 2385 2699 2430 e

348 2469 721 2541 codicibus:

717 2566 721 2571 ’
800 2576 852 2644 Ο
897 2576 1094 2643 decus
1138 2576 1373 2644 Phoebi
1420 2587 1486 2644 et
1535 2578 1806 2668 dapibus
1854 2584 2138 2669 supremi

800 2681 997 2748 Grata
1045 2682 1300 2749 testudo
1341 2684 1548 2763 Iovis,
1599 2705 1636 2749 o
1684 2684 1974 2752 laborum

799 2784 988 2853 dulce
1031 2786 1351 2866 lenimen,
1403 2787 1564 2854 mihi
1611 2811 1876 2876 cumque
1920 2790 2094 2856 salve

797 2892 922 2957 rile
971 2894 1244 2958 vocanti.

350 2996 625 3083 Cumque
670 3002 1049 3082 corruptum
1097 3016 1235 3062 esse
1282 3016 1408 3062 non
1461 3007 1667 3084 potest
1723 2997 2025 3065 dubitari.
2101 3000 2345 3068 Bentlei
2392 3011 2454 3069 el
2502 2999 2690 3068 Peerl-

350 3101 566 3185 kampi
592 3100 1043 3179 coniecturae,
1093 3103 1314 3188 cuique
1359 3111 1423 3167 el
1469 3113 1688 3188 tuque,
1736 3102 2052 3170 eiusmodi
2103 3115 2298 3186 sunt,
2350 3116 2423 3174 ιιι
2462 3127 2539 3174 ne
2562 3105 2696 3192 ipsis

348 3204 614 3291 quidem
678 3204 1052 3271 auctoribus
1102 3206 1350 3291 placere
1398 3208 1744 3293 potuerint.
1814 3207 2014 3296 Spero
2058 3208 2232 3290 fore,
2286 3222 2358 3278 ul.
2404 3212 2547 3279 aliis
2582 3208 2693 3297 pla·

350 3318 498 3377 ceat
544 3317 859 3396 quantum
909 3310 1068 3376 mihi
1119 3311 1311 3378 haece
1359 3312 1589 3378 lectio:

1417 3416 1579 3482 mihi
1629 3428 1695 3483 tu
1741 3439 1935 3505 usque
1980 3419 2151 3485 salve

889 3521 1015 3586 rite
1062 3524 1337 3587 vocanti.

447 3622 653 3710 Usque
725 3643 842 3710 pro
918 3645 1161 3710 semper
1241 3627 1500 3712 saepius
1562 3627 1802 3714 legitur
1858 3622 2038 3715 ‘apud
2102 3629 2481 3707 Horatium,
2540 3649 2594 3695 v.
2644 3646 2693 3692 c.

349 3729 567 3796 Carni.
618 3729 687 3805 1,
747 3734 867 3807 17,
920 3735 983 3797 4.

437 3834 803 3910 Neminem,
867 3834 1034 3921 quod
1086 3836 1320 3913 sciam,
1384 3834 1669 3904 haesisse
1719 3839 1922 3904 miror
1968 3840 2034 3905 in
2084 3838 2313 3908 ultima
2364 3849 2540 3929 parte
2574 3855 2695 3906 car-

346 3939 542 4005 minis
591 3939 726 4005 vui
774 3938 923 4006 libri
973 3939 1104 4005 111:

883 4044 1018 4112 Non
1069 4046 1169 4111 his
1219 4048 1524 4113 iuventus
1571 4057 1713 4113 orla
1762 4048 2141 4134 parentibus

890 4150 1109 4218 infecit
1157 4171 1397 4238 aequor
1445 4157 1759 4238 sanguine
1807 4154 2088 4232 Punico,

888 4255 1339 4344 Pyrrhumque
1384 4264 1448 4322 et
1497 4259 1823 4342 ingentem
1873 4258 2108 4325 cecidit

886 4359 1274 4428 Antiochum
1328 4361 1875 4450 Hannibalemque
1926 4364 2174 4437 dirum;

2596 8 2845 322 ἢ
