2934 5050
833 1107 1918 1258 HOMERICA.

953 1422 1233 1476 somrsrr
1277 1403 1350 1474 C.
1399 1404 1482 1473 G.
1531 1402 1855 1488 (ἹΟΒΕΞΤ.ρ

1286 1931 1460 2007 XII.

668 2146 934 2220 Vausus
981 2169 1152 2219 ,mm
1196 2150 1534 2218 Homuum
1577 2164 2075 2217 mmomrus.

272 2353 711 2445 Reprehendit
763 2363 1168 2447 nuperrimae
1208 2359 1480 2428 Homeri
1523 2361 1748 2426 Editor
1792 2359 1890 2425 LA
1933 2358 2163 2426 Rocnn
2202 2361 2269 2424 in
2314 2360 2567 2429 Praefa-

189 2463 359 2529 tione
401 2484 513 2531 eos
526 2510 545 2544 ,
596 2467 707 2551 qui
756 2466 1060 2545 „venibat
1103 2488 1278 2553 quam
1307 2467 1600 2553 plurimis
1644 2464 1943 2531 damnatis
1990 2487 2184 2531 omnes
2227 2465 2566 2552 discrepan-

190 2566 304 2634 tias
363 2570 434 2636 in
491 2571 588 2636 his
640 2572 1000 2637 ominibus
1042 2573 1300 2638 amoveri
1331 2595 1507 2658 posce
1548 2573 1666 2637 eibi
1697 2594 2050 2657 persuasum
2093 2573 2308 2636 habent
2324 2571 2382 2651 ,”
2427 2594 2566 2638 nar-

189 2676 409 2758 ratque
469 2695 604 2741 esse
664 2679 778 2762 qui
834 2677 992 2743 haec
1052 2680 1336 2743 carmina
1396 2680 1493 2743 ita
1534 2681 1840 2762 quaerant
1885 2678 2273 2741 constituere
2316 2678 2567 2761 „quana

174 2775 383 2858 fuisse
425 2786 570 2844 ante
609 2781 843 2847 Solonis
884 2783 984 2847 vel
1024 2782 1286 2868 Bycurqi
1330 2790 1589 2865 tempora
1626 2781 1747 2845 eibi
1775 2779 2081 2864 finqant.''
2152 2779 2268 2844 Est
2321 2779 2565 2865 aliquid

189 2881 353 2948 inter
396 2883 700 2952 Solonem
741 2891 808 2953 et
852 2887 1229 2975 Lycurgum
1248 2932 1265 2965 ‚
1316 2906 1509 2971 quem
1552 2887 1690 2951 ioco
1734 2887 2093 2950 nominasse
2137 2885 2393 2951 videtur
2438 2906 2565 2971 quo

192 2984 273 3048 sit
314 3007 417 3052 res
463 2989 735 3056 absurda
778 2994 977 3057 etiam
1022 2992 1347 3079 aliquanto
1393 2990 1740 3057 absurdior.
1809 2988 2128 3073 Equidem
2170 2990 2240 3054 in
2285 2992 2565 3075 antiquis

191 3094 579 3160 carminibus
617 3092 882 3173 Ionicis,
930 3116 1091 3182 quae
1124 3096 1396 3163 Homeri
1429 3116 1662 3162 nomen
1699 3098 1969 3181 gerunt,
2015 3093 2229 3160 multa
2264 3096 2398 3160 iam
2418 3100 2567 3161 ante

193 3188 444 3263 Solonis
478 3202 754 3265 aetatem
799 3204 865 3265 et
898 3202 1197 3267 mendose
1234 3203 1469 3287 scripta
1510 3205 1575 3265 et
1611 3197 1992 3283 interpolata
2030 3197 2228 3265 fuisse
2259 3200 2565 3276 arbitror,

194 3315 464 3381 quorum
524 3302 852 3390 complura
908 3305 986 3370 ab
1046 3305 1495 3372 Alexandrinis
1539 3309 1604 3369 et
1647 3304 2013 3369 Aristarcho
2059 3308 2337 3369 correcta
2379 3308 2565 3381 sunt,

196 3407 290 3467 sat
345 3406 562 3473 multa
619 3428 657 3473 a
713 3407 1004 3475 Bentleio
1048 3415 1114 3475 et
1158 3410 1338 3489 31115,
1391 3415 1458 3475 et
1501 3428 1823 3493 superesse
1867 3409 2233 3473 etiamnunc
2275 3406 2569 3474 nonnihil

196 3506 262 3570 in
303 3530 431 3596 quo
473 3516 722 3579 nostrae
769 3516 994 3579 aetatis
1031 3515 1346 3580 industria
1383 3519 1448 3578 et
1484 3533 1752 3579 acumen
1790 3532 2087 3597 apparere
2123 3513 2343 3597 possit.
2389 3512 2569 3579 Fecit

199 3608 418 3681 doctus
452 3615 678 3682 Editor
707 3638 930 3704 operae
960 3621 1242 3704 pretium
1278 3617 1681 3702 multamque
1718 3615 2063 3703 perutilem
2101 3615 2567 3702 supellectilem

197 3718 472 3804 undique
530 3728 896 3808 congestam
949 3729 1014 3789 et
1057 3723 1274 3789 ordine
1319 3722 1640 3811 digestam
1682 3723 1865 3787 nobis
1912 3724 2165 3806 paravit
2180 3768 2198 3799 ‚
2253 3723 2567 3787 eximium

198 3815 461 3891 Homeri
498 3830 563 3891 et
599 3829 1055 3913 interpretandi
1090 3834 1156 3894 et
1194 3828 1573 3893 emendandi
1610 3825 1969 3891 subsidium
2010 3831 2075 3891 et
2097 3826 2564 3891 adiumentum.

200 3919 319 3992 Sed
362 3930 600 4011 (dicam
646 3935 819 3997 enim
864 3933 1063 3999 libere
1108 3939 1172 3999 et
1216 3932 1480 3998 candide
1527 3931 1696 4017 quod
1734 3932 1962 4010 sentio)
2009 3949 2134 3995 non
2170 3929 2362 3996 laudo
2401 3930 2570 4015 quod

201 4029 257 4091 θὶ
316 4043 576 4110 „certum
637 4059 708 4101 ac
767 4037 1157 4101 deliberatum
1217 4044 1302 4102 eet
1319 4084 1337 4115 ‚
1397 4037 1566 4101 ultra
1618 4036 1981 4099 recensiones
2023 4035 2570 4099 Alexandrinorum

203 4137 361 4201 nullo
405 4148 588 4224 pacto
648 4142 914 4223 reyredi''
969 4148 1041 4207 ut
1087 4143 1309 4208 scribit
1355 4142 1434 4206 ad
1479 4139 1661 4205 Iliad.
1714 4148 1783 4203 Z.
1834 4137 1985 4204 493.
2060 4137 2270 4219 Quid?
2315 4141 2383 4204 in
2427 4141 2570 4206 Ari-

202 4243 426 4310 starchi
485 4247 680 4312 verba
741 4248 1096 4313 iurabimus
1156 4254 1222 4313 et
1273 4245 1625 4313 Aristarchi
1671 4265 1907 4311 errores
1953 4245 2314 4311 fovebimus
2356 4248 2569 4331 potius

206 4361 385 4424 (luam
427 4352 782 4418 Aristarchi
827 4353 1192 4437 exemplum
1239 4372 1576 4436 sequemur
1622 4356 1686 4416 et
1733 4351 2043 4435 quidquid
2088 4353 2396 4419 vitiosum
2435 4357 2531 4417 est
2548 4400 2565 4429 ,
