2934 5050
1098 293 1161 341 ιιι
1210 291 1611 340 mmoouuu.
2416 270 2542 334 155

164 459 325 528 ἔοικα
368 461 705 541 θρηνήσειν,
771 481 831 547 p.
875 466 1027 529 401.
1072 462 1150 525 41
1204 462 1445 528 ἐοίκατε
1490 458 1662 525 κακοὶ
1706 464 1830 532 τοῖς
1877 464 2094 530 καλοῖς
2141 456 2437 536 μιγνύναι
2478 464 2541 521 el

168 566 313 632 alibi
356 568 750 653 saepissime.
849 567 970 632 Pro
1006 569 1273 647 χρῆσθαι
1313 577 1488 633 amat
1533 563 1907 631 Heliodorus
1944 564 2278 645 κεχρῆσθαι
2306 563 2542 637 dicere,

171 691 222 738 v.
260 692 321 740 c.
374 676 531 739 525.
588 676 713 751 27,
790 677 942 740 597.
1009 678 1125 749 15,
1192 678 1344 738 557.
1407 677 1534 749 57,
1602 669 1777 737 alibi.
1821 667 2014 756 ‘lpso
2079 670 2289 753 operis
2361 667 2547 731 initio

172 797 232 864 p.
293 781 451 845 225.
501 782 588 843 28
647 781 716 844 τὸ
763 779 892 859 γὰρ
953 778 1254 860 αἷφνίδιον
1315 783 1423 845 τοῦ
1488 782 1681 843 κακοῦ
1726 776 1846 850 τὰς
1900 776 2120 857 χρείας
2170 772 2545 851 ἐκαινοτόμει

174 882 268 949 καὶ
314 880 537 961 βέλεσι
584 886 921 967 κεχρῆσθαι
968 892 1092 958 τοῖς
1142 885 1500 962 ἐκπώμασιν
1547 883 1881 949 ἐδίδασκεν.
1955 880 2175 966 ltaque
2216 878 2371 945 ferri
2421 897 2546 943 non

175 986 355 1055 debet
403 989 466 1053 in
516 990 755 1055 vicinia
803 997 1096 1072 κρατῆρες
1133 996 1352 1072 χειρῶν
1399 988 1534 1055 ἔνιοι
1580 995 1697 1056 τῶν
1743 986 2094 1071 ἐσχηκότων
2143 985 2546 1067 ὑπορρέοντες,

174 1099 284 1159 τῶν
327 1095 443 1172 μὲν
488 1094 875 1175 πιόντων,
940 1103 1057 1163 τῶν
1112 1097 1166 1162 δ’
1214 1096 1353 1162 ἀντὶ
1414 1097 1593 1163 λίθων
1646 1094 2035 1176 κεχρημένων
2080 1100 2145 1158 el
2193 1091 2553 1177 requiritur

179 1200 570 1267 πινόντων.
624 1201 908 1288 Denique
934 1199 1287 1268 notandum
1327 1210 1428 1268 est
1478 1221 1590 1287 pro
1637 1200 1744 1283 ζῆν
1791 1198 1921 1266 dici
1956 1200 2131 1279 βιοῦν
2168 1218 2228 1284 p.
2255 1201 2406 1264 256.
2435 1201 2547 1274 20,

182 1308 322 1371 595.
348 1309 431 1370 54
457 1354 474 1383 ,
530 1309 684 1374 597.
712 1310 831 1383 29,
881 1310 1002 1381 41;
1050 1307 1433 1374 reviviscere
1472 1314 1571 1374 est
1604 1307 1898 1386 ἀναβιοῦν
1941 1326 2002 1392 p.
2032 1309 2184 1371 298.
2212 1308 2317 1377 50;
2362 1300 2552 1384 βιῷην

184 1410 366 1477 semel
405 1411 690 1478 aorislus
729 1421 824 1478 est
868 1432 930 1499 p.
957 1416 1110 1479 298.
1138 1419 1242 1488 50;
1283 1415 1409 1479 vila
1440 1412 1560 1495 ζωὴ
1589 1433 1703 1500 pro
1723 1412 1859 1492 βίος
1900 1411 2145 1477 dicitur
2170 1431 2231 1497 p.
2262 1413 2413 1475 252.
2448 1413 2550 1474 14.

263 1517 455 1583 Multa
504 1519 764 1584 invenio
803 1517 1367 1586 verbaveleribus
1410 1519 1648 1585 Atticis
1695 1519 2063 1603 incognita,
2115 1515 2354 1603 parlim
2401 1534 2552 1580 oon-

190 1631 275 1689 lra
322 1621 679 1710 analogiam
734 1624 920 1703 licta,
972 1633 1228 1712 praeter
1287 1625 1739 1691 necessitatem
1787 1623 2025 1688 omnia.
2124 1621 2551 1702 Προσβλέπειν

194 1726 515 1796 Heliodoro
562 1738 661 1796 est
707 1732 1010 1797 ἀντειπεῖν
1059 1751 1120 1816 p.
1155 1735 1309 1796 259.
1360 1735 1467 1796 45.
1565 1728 1854 1796 Indidem
1897 1736 2083 1793 natae
2121 1736 2274 1793 sunl
2310 1725 2554 1793 formae

192 1834 502 1902 αὖτοπτεῖν
551 1856 616 1923 p.
660 1840 811 1902 270.
848 1843 924 1903 15
961 1846 1025 1902 el
1064 1835 1486 1902 διοπτεύεσθαι
1532 1856 1590 1923 p.
1618 1839 1771 1901 569.
1823 1841 1900 1900 51
1949 1831 2100 1898 alibi
2123 1841 2188 1899 el
2225 1832 2551 1910 δυσωπεῖν,

191 1957 373 2024 quum
453 1941 625 2029 apud
697 1941 1120 2008 Athenienses
1205 1940 1529 2029 deponens
1617 1938 1884 2007 verbum
1954 1947 2049 2005 est
2119 1938 2551 2006 δυσωπεῖσθαι.

195 2041 248 2110 Ρ.
289 2051 438 2114 255.
492 2053 563 2125 7,
628 2050 781 2113 257.
833 2052 953 2126 10,
1025 2052 1180 2114 562.
1235 2052 1317 2114 57
1382 2068 1505 2113 non
1571 2044 1983 2113 scribendum
2043 2043 2256 2111 suerat
2304 2045 2553 2125 δεσμεῖν

194 2149 290 2216 sed
334 2153 476 2220 δεῖν.
576 2149 924 2218 Offendunt
972 2171 1227 2239 quoque
1266 2154 1765 2236 ἀποσκορακίζειν
1814 2172 1877 2239 p.
1905 2155 2059 2217 268.
2102 2156 2214 2230 14,
2261 2151 2553 2234 βαρυμη-

76 2289 77 2302 ¹
197 2259 313 2321 νιᾶν
359 2279 416 2344 p.
464 2261 623 2324 255.
684 2263 801 2334 16,
852 2264 1331 2337 γονυπεσοῦντες
1384 2280 1499 2345 pro
1560 2263 2041 2339 γονυπετοῦντες
2088 2256 2375 2334 dictum,
2424 2260 2555 2326 δια·

76 2407 77 2412 1
198 2370 562 2446 μονομαχεῖν
605 2383 668 2450 p.
712 2369 868 2431 544.
922 2370 1001 2442 2,
1052 2366 1324 2447 ἠρυθρίων
1368 2367 1475 2431 τὸν
1521 2368 1825 2445 Κνήμωνα
1872 2385 1931 2452 p.
1963 2369 2113 2432 250.
2144 2368 2224 2443 2,
2275 2365 2554 2446 ἐνανθρω-

203 2476 315 2534 τεῒν
364 2490 425 2556 p.
454 2472 613 2535 266.
663 2472 786 2545 25,
851 2470 1215 2537 ἔκδυσωπεῖν
1264 2491 1322 2559 p.
1371 2476 1526 2539 557.
1579 2477 1704 2550 45,
1755 2472 2077 2551 Ξσοταχεῖν
2126 2490 2185 2557 p.
2224 2476 2376 2537 571.
2429 2473 2578 2551 22,ἱ

198 2575 654 2657 mam-„plzen
701 2596 763 2662 p.
812 2580 964 2644 288.
1015 2582 1140 2654 59,
1184 2578 1593 2660 χρονοτριβεῖν
1659 2598 1717 2663 ρ.
1758 2582 1912 2643 572.
1966 2582 2088 2654 55,
2135 2576 2371 2662 quibus
2420 2573 2554 2662 ple·

202 2680 395 2766 risque
433 2679 820 2747 Heliodorus
858 2691 1073 2749 tamen
1115 2704 1236 2749 non
1283 2685 1532 2769 primus
1569 2682 1663 2750 vel
1691 2683 1901 2758 solus),
1942 2681 2053 2748 sed
2078 2700 2226 2748 cum
2270 2680 2554 2767 aequali-

202 2779 305 2850 bus
345 2784 652 2852 omnibus
700 2806 857 2852 usus
903 2797 1022 2854 est.

272 2888 554 2957 Eandem
606 2890 1142 2970 inconstantiam,
1188 2913 1381 2979 quam
1437 2895 1499 2959 in
1554 2891 1764 2959 verbis
1823 2891 2109 2967 ostendi,
2159 2892 2223 2957 in
2275 2891 2554 2959 nomini·

203 2989 304 3060 bus
344 3015 601 3083 qnoque
648 2996 1064 3083 deprehendi.
1165 2998 1469 3065 Plausum
1528 2999 1680 3065 tulit
1723 2997 2088 3084 aequalium
2133 2996 2552 3075 Heliodorus,

203 3117 331 3166 cum
396 3100 714 3168 scriberet
773 3102 1178 3186 αὖτάδελφος
1236 3124 1295 3191 p.
1341 3110 1494 3171 555.
1548 3110 1623 3180 7,
1684 3103 2070 3186 μετάφρενον
2133 3122 2193 3189 p.
2239 3108 2393 3169 555.
2443 3107 2555 3181 47,

205 3205 498 3288 εὐπραγία
542 3227 603 3293 p.
655 3212 809 3274 548.
859 3214 987 3287 55,
1047 3212 1190 3275 κατ’
1238 3210 1469 3289 ἀγυιάς
1520 3230 1582 3297 p.
1628 3214 1784 3279 590.
1832 3213 1873 3275 6
1906 3259 1924 3288 ,
1971 3210 2081 3286 τὴν
2126 3208 2313 3282 αὐτὸς
2366 3208 2557 3275 αὑτοῦ

205 3313 711 3393 παρακαταθήκην
777 3335 838 3400 p.
892 3320 1041 3381 557.
1097 3318 1225 3394 29,
1286 3312 1328 3380 ὦ
1376 3317 1539 3397 agiis-e
1610 3335 1671 3402 p.
1726 3318 1882 3380 295.
1950 3319 2074 3389 50,
2142 3314 2204 3379 ἐν
2271 3311 2559 3393 γειτόνων

209 3421 423 3500 11257.
460 3423 539 3495 9,
578 3418 736 3494 alia;
784 3419 895 3487 sed
944 3440 1137 3507 quam
1191 3420 1593 3507 negligenter
1637 3421 1972 3506 usurpavit
2017 3418 2399 3501 πρεσβευταὶ
2444 3438 2560 3505 pro

210 3523 470 3603 πρέσβεις
518 3545 580 3612 p.
612 3529 761 3592 402.
823 3533 895 3592 17
947 3527 1131 3601 alibi;
1179 3528 1207 3592 ό
1254 3526 1482 3608 μεῖραξ
1530 3548 1588 3614 p.
1616 3530 1771 3593 295.
1821 3529 1905 3591 42
1938 3533 2003 3591 el.
2046 3528 2201 3591 402.
2246 3528 2319 3589 41
2373 3525 2563 3590 cuius

214 3630 465 3695 nominis
507 3650 633 3696 non
664 3632 788 3698 nisi
835 3631 1216 3698 femininum
1266 3652 1472 3717 genus
1519 3640 1765 3706 exsta13
1807 3631 2125 3712 ὁμότοιχος
2174 3650 2234 3716 p.
2263 3635 2414 3696 405.
2444 3632 2562 3703 26;

211 3730 427 3800 κάθοδον
465 3736 823 3816 λαμβάνειν
856 3738 971 3802 τιν)
1016 3758 1073 3822 p.
1105 3741 1256 3803 250.
1280 3742 1400 3813 46;
1440 3738 1731 3818 Περσίνης
1758 3737 2122 3820 αὐτοχειρίᾳ
2167 3755 2228 3821 p.
2258 3740 2412 3802 596.
2441 3740 2520 3802 54
2549 3756 2564 3809 ;

213 3838 270 3901 τὸ
298 3840 567 3922 γράμμα
624 3862 739 3927 pro
784 3842 871 3907 τοὶ
916 3842 1284 3924 γράμματα
1327 3863 1386 3929 p.
1415 3847 1568 3909 589.
1599 3847 1724 3921 50,
1772 3846 1924 3908 590.
1956 3847 2078 3918 57,
2108 3845 2231 3918 59,
2282 3845 2438 3908 409.
2492 3845 2565 3914 2;

216 3937 315 4023 ὅρα
352 3965 465 4031 pro
521 3946 899 4013 duodecima
965 3946 1092 4014 diei
1143 3956 1322 4034 parte
1382 3948 1653 4035 passim
1700 3943 1787 4020 εἷς
1835 3947 2023 4021 οὐδεὶς
2074 3966 2131 4032 p.
2162 3951 2314 4013 245.
2369 3949 2452 4011 49
2500 3953 2565 4011 et

219 4047 349 4114 265.
398 4054 518 4124 52;
563 4051 808 4133 θάτερον
849 4072 963 4138 pro
1009 4053 1113 4118 τὸν
1158 4050 1356 4134 ἕτερον
1405 4073 1462 4139 p.
1492 4057 1647 4119 262.
1699 4060 1817 4126 44.;
1865 4052 2123 4131 θατέραν
2174 4071 2231 4138 p.
2263 4055 2414 4117 588.
2443 4054 2560 4124 44;

217 4150 274 4217 ἑκ
313 4154 565 4236 θατέρων
612 4177 673 4243 p.
706 4163 858 4224 555.
912 4164 1027 4233 45:
1073 4159 1316 4241 ταχίων
1362 4179 1422 4245 p.
1454 4163 1605 4225 255.
1657 4163 1695 4223 5
1749 4157 1858 4224 sed
1900 4157 2266 4237 ταχύτατος
2318 4178 2378 4243 p.
2408 4160 2562 4222 592.

225 4260 311 4334 12;
354 4260 743 4346 αἱσχρότερος
784 4264 1020 4349 passim
1062 4262 1171 4330 sed
1212 4263 1460 4346 βράδιον
1500 4283 1558 4350 p.
1589 4267 1742 4329 275.
1766 4267 1852 4330 50
1876 4270 1941 4328 el.
1968 4266 2123 4329 519.
2156 4261 2567 4346 ll;denique

222 4355 399 4439 ὅρασις
447 4386 561 4453 pro
604 4368 746 4450 ὄψις
794 4389 856 4456 p.
886 4373 1036 4435 276.
1087 4374 1151 4434 3.
