2934 5050
386 282 516 345 282
1176 297 1483 343 nucinum
1533 299 1604 343 εἰ·
1656 299 1966 344 numum.

375 485 415 527 r
460 463 744 550 potuerit
787 461 1118 530 substitui.
1190 463 1264 529 In
1309 462 1413 529 his
1449 462 1726 533 subinde
1764 484 1958 534 casus
1999 463 2409 540 dominatur:
2456 465 2518 533 id
2543 472 2730 533 nostm

380 567 519 635 loco
566 567 882 636 accidisse
928 567 1114 634 docet
1154 568 1385 655 pedum
1433 570 1798 637 vitiosorum
1845 571 2109 639 mentio.

564 679 672 741 58.
720 671 950 741 Omnia
997 675 1272 739 vescatis
1319 673 1618 741 manibus
1666 675 1874 763 leget,
1924 677 2142 743 omnia
2187 685 2405 743 sumet

569 777 760 846 crede
807 778 965 845 mihi
1016 798 1233 865 presse
1283 784 1356 844 ut
1401 777 1644 858 dicam,
1711 802 1815 848 res
1877 781 2125 851 auferet
2185 782 2420 847 omnis.

378 882 787 971 Languidum
839 883 1027 950 illud:
1079 902 1339 969 »presse
1386 891 1459 950 ut
1506 883 1764 950 dicam”
1832 906 1959 953 non
2009 886 2282 953 debetur
2342 885 2581 954 Lucilio
2636 882 2728 952 sed

379 990 687 1055 Luciano.
787 988 966 1055 Libri
1027 986 1265 1054 babent
1334 987 1517 1076 (Non.
1570 992 1734 1066 595,
1785 995 1870 1056 52
1918 1000 1983 1058 et
2031 995 2187 1057 552.
2238 995 2395 1075 25):

791 1094 1006 1160 omnia
1056 1093 1321 1159 viscatis
1369 1092 1671 1159 manibus
1720 1094 1888 1181 leget
1935 1098 2150 1163 omnia

788 1198 1186 1265 crede-mihi
1236 1218 1454 1285 presse
1503 1196 1753 1265 auferet
1803 1202 2015 1267 omnis
2058 1209 2147 1268 et.

471 1303 804 1370 Excidisse
865 1313 1066 1369 sumet
1126 1312 1391 1389 apparet
1455 1323 1533 1369 ex
1594 1303 1836 1386 Nonio,
1904 1307 2018 1393 qui
2078 1305 2237 1371 haec
2294 1305 2415 1371 sub
2460 1304 2729 1371 lemmate

379 1430 624 1474 sumere
673 1429 735 1495 p.
784 1413 914 1476 595
964 1407 1184 1475 refert.
1230 1407 1300 1474 Id
1351 1408 1555 1474 altero
1601 1428 1793 1475 versu
1841 1411 1906 1475 in
1956 1410 2083 1477 fine
2121 1419 2195 1474 ut
2232 1408 2509 1476 addatur
2528 1406 2732 1475 suada

379 1513 536 1579 illud
601 1521 660 1578 et
722 1522 864 1599 post
926 1536 957 1577 s
987 1513 1097 1600 ‚(in
1148 1512 1398 1601 omnis).
1473 1511 1680 1599 Vulgo
1728 1512 1987 1600 quidem
2038 1512 2200 1580 illud
2245 1524 2306 1580 el
2353 1511 2618 1581 refertur
2657 1509 2729 1578 ad

380 1618 748 1705 proximum
795 1617 1199 1703 exemplum,
1245 1637 1394 1684 cum
1445 1619 1533 1684 sit
1578 1619 1643 1683 in
1696 1617 1899 1684 Nonio
1947 1640 2009 1705 p.
2063 1623 2221 1685 596:
2274 1618 2594 1696 »Lucilius
2631 1615 2728 1682 lib.

381 1722 648 1790 XXVIII
695 1722 908 1788 omnia
976 1723 1236 1788 viscatis
1286 1722 1584 1788 manibus
1629 1720 1800 1808 leget
1844 1724 2060 1789 omnia
2109 1723 2300 1791 crede
2340 1724 2500 1790 mibi
2538 1739 2729 1810 presse

382 1827 629 1896 auferet
700 1829 931 1894 omnis.
1025 1827 1108 1893 Et
1157 1827 1422 1893 Plautus
1478 1827 1849 1894 Aulularia:
1904 1847 2032 1894 non
2081 1828 2433 1914 equidem”
2479 1848 2539 1896 e.
2584 1848 2641 1912 q.
2682 1844 2727 1890 s.

384 1933 508 2000 Sed
537 1952 660 1999 non
686 1933 848 2000 solet
869 1931 1114 1998 Nonius
1151 1931 1444 2018 exempla
1468 1952 1549 1999 ex
1572 1932 1848 1999 diversis
1871 1933 2246 2000 auctoribus
2272 1933 2466 2000 allata
2492 1935 2727 2017 iungere

384 2059 497 2126 per
548 2037 927 2124 particulam
979 2035 1154 2103 illam
1204 2047 1282 2103 et.
1345 2038 1572 2124 Itaque
1618 2058 1697 2104 ex
1745 2038 1932 2103 omni.
1985 2060 2057 2102 ε.
2089 2088 2104 2103 .
2154 2047 2213 2103 et
2257 2037 2503 2106 efficio:
2548 2036 2727 2104 omnia

382 2152 602 2211 sumet.
696 2143 868 2229 Ergo
915 2141 993 2207 ad
1043 2143 1320 2228 priorem
1387 2162 1646 2209 versum
1710 2140 2094 2230 explendum
2145 2152 2351 2210 restat
2398 2144 2588 2211 tollet.
2664 2140 2725 2207 In

386 2247 654 2333 reliquis
700 2265 935 2334 sequor
978 2244 1483 2326 Quicheratum,
1534 2246 1858 2314 scribens:

653 2353 870 2417 omnia
922 2351 1185 2417 viscatis
1232 2350 1533 2417 manibus
1576 2350 1779 2438 leget,
1827 2352 2044 2417 omnia
2091 2351 2304 2430 tollet,

654 2458 896 2535 omnia,
944 2454 1133 2523 crede
1179 2455 1379 2533 mihi,
1432 2476 1648 2543 presse
1692 2455 1978 2536 auferet,
2026 2458 2244 2523 omnia
2290 2464 2532 2525 sumet.
2844 2410 2845 2497 ¹

384 2561 633 2630 ‚Crede
697 2562 904 2628 mihi’'
981 2560 1184 2628 multo
1244 2561 1478 2628 melius
1542 2570 1683 2648 post
1731 2564 1975 2640 omnia,
2040 2582 2233 2649 quam
2301 2563 2490 2628 initio
2534 2576 2723 2627 versus

378 2667 745 2734 collocatur.
854 2667 1079 2732 Pressa
1150 2685 1416 2733 novasse
1485 2667 1741 2735 videtur
1802 2667 1875 2734 1..
1944 2687 2061 2755 pro
2128 2667 2344 2745 avide,
2414 2667 2724 2747 γλίσχρως.

386 2772 632 2839 »Tollet
680 2772 933 2839 omnio”
980 2770 1170 2837 facile
1219 2780 1360 2857 post
1407 2774 1616 2838 omnio
1663 2771 1959 2839 excidere
2010 2774 2242 2858 potuit.

476 2878 704 2945 XXIX.
755 2883 815 2944 6.
871 2878 1210 2943 »Amorem
1274 2873 1540 2942 meliore
1585 2875 1750 2944 facie
1794 2876 2101 2962 signare''
2153 2876 2312 2964 quid
2360 2878 2451 2943 sit
2497 2872 2721 2942 mallem

377 2985 779 3070 exposuisset
839 2982 919 3048 M.
983 3001 1176 3067 quam
1243 2981 1307 3045 in
1355 2982 1771 3048 annotatione
1832 2980 1914 3047 ad
1961 2981 2030 3049 h.
2078 2981 2121 3049 l.
2174 2982 2584 3068 pervulgatas
2636 2995 2722 3044 res

377 3091 632 3175 copiose
695 3089 1116 3176 exposuisset.
1186 3085 1393 3154 Libri:
1445 3086 1593 3154 »Sic
1640 3087 1941 3154 Socrates
1988 3088 2052 3152 in
2100 3105 2321 3153 amore
2364 3095 2433 3154 et
2478 3088 2543 3153 in
2583 3081 2720 3150 adu·

377 3191 750 3259 lescentulis
810 3192 1067 3259 Meliore
1132 3189 1320 3277 paulo
1380 3189 1546 3258 facie
1611 3191 1894 3277 signat”.
1991 3190 2397 3271 Quantillum
2458 3198 2593 3258 erat
2631 3185 2719 3253 bic

259 3315 264 3320 “
376 3316 685 3382 reponere
749 3298 1011 3386 (omisso
1056 3296 1258 3363 altero
1304 3297 1434 3384 in):
1490 3295 1860 3363 »moliorem
1908 3334 2000 3346 —
2045 3294 2343 3362 faciem”.
2439 3295 2565 3363 Nec
2608 3309 2719 3359 me-

374 3411 553 3469 trum
600 3401 918 3469 obstabat:
972 3402 1079 3466 »in
1120 3400 1383 3477 amo·”,
1423 3399 1533 3467 ubi
1572 3407 1960 3488 anapaestus
1990 3420 2071 3467 ex
2094 3398 2386 3468 {uelleri
2410 3404 2718 3488 praecepto

376 3509 456 3576 de
504 3528 573 3576 re
622 3515 809 3575 metr.
860 3527 920 3594 p.
976 3510 1102 3573 152
1151 3499 1316 3571 male
1362 3504 1616 3572 divisus
1661 3512 1795 3572 est:
1853 3525 2002 3571 nam
2051 3505 2189 3592 ipse
2234 3503 2398 3571 illud
2447 3502 2714 3577 violavit,
2838 3503 2839 3544 ¹

373 3613 665 3680 scribens
713 3612 985 3680 XXVIII
1036 3616 1121 3678 35
1172 3628 1409 3696 »prope
1454 3607 1536 3675 ad
1583 3610 1723 3676 os”·
1769 3618 1837 3709 et
1883 3608 1970 3677 ib.
2018 3614 2100 3676 5:
2158 3629 2352 3678 »reus
2398 3610 2538 3677 u'’-.

465 3717 537 3783 In
588 3716 820 3804 fragm.
873 3717 1068 3783 buius
1112 3713 1258 3780 libri
1307 3714 1540 3804 7(10):

761 3821 961 3910 quid?
1010 3840 1172 3907 quas
1220 3821 1492 3906 partiret
1538 3822 1594 3887 is
1641 3840 1755 3906 pro
1800 3820 2098 3888 doctrina
2147 3820 2339 3887 boni?

373 3927 510 4011 ipse
574 3927 692 4005 M„
748 3927 920 4014 quod
968 3945 1117 3992 raro
1165 3925 1271 3999 fit,
1324 3924 1565 3991 fatetur
1611 3925 1997 3992 sententiam
2044 3925 2513 3994 subobscuram
2566 3936 2717 3991 esse,

374 4038 589 4095 tamen
659 4051 969 4118 apparere
1046 4031 1263 4115 »tangi
1350 4027 1872 4118 pbilosophorum
1944 4029 2025 4097 de
2083 4049 2342 4098 summo
2406 4030 2565 4098 bono
2599 4023 2716 4110 opi·

374 4133 734 4200 nationes''.
831 4136 1002 4202 Libri
1046 4136 1180 4220 ipse
1218 4155 1335 4219 pro
1381 4153 1498 4219 pro
1544 4134 1600 4198 is
1640 4156 1782 4220 pro.
1854 4132 2054 4201 Nemo
2101 4154 2296 4221 aegre
2341 4135 2626 4208 tulisset,
2664 4125 2713 4191 εἰ

374 4236 530 4304 baec
576 4237 658 4303 ab
697 4237 940 4307 editore
991 4241 1230 4305 intacta
1277 4246 1492 4305 essent
1531 4237 1774 4305 relicta.
1827 4236 2025 4305 Multa
2079 4241 2253 4306 enim
2299 4245 2561 4325 possunt
2590 4247 2713 4299 con·

373 4343 480 4407 iici
545 4342 779 4429 (velut2
820 4345 1208 4430 »quicquam
1253 4342 1613 4428 impertiret
1656 4344 1790 4428 ipse
1828 4341 2122 4409 doctrina
2170 4342 2447 4421 boni?”,
2502 4331 2709 4427 »quitss
