2934 5050
1011 304 1326 353 ieci-iones
1372 305 1765 354 victimasse.
2447 288 2576 351 297

223 470 521 538 instinctis
570 473 896 559 corrigere
941 493 1068 541 non
1118 473 1340 541 dubito
1388 471 1563 550 loco,
1627 473 1739 558 qui
1785 470 2024 560 legitur
2072 476 2108 537 4
2140 521 2156 549 ,
2214 480 2291 549 1,
2340 477 2415 539 8:
2462 496 2577 542 nec

220 577 536 663 quisquam
595 576 934 657 dubitavit,
1001 580 1155 666 quin
1213 579 1282 643 in
1345 598 1414 644 eo
1480 576 1801 643 scribendo
1858 579 1959 645 ira
2018 578 2226 643 tinctis
2281 575 2579 646 adversus

215 680 550 748 Asiaticum
613 683 819 750 verbis
872 704 1106 749 usurus
1164 694 1323 749 esset
1344 730 1362 760 ,
1428 680 1541 747 ubi
1598 682 1700 748 ins
1759 691 2025 770 propter
2084 680 2578 753 similitudinem

213 784 647 871 praecedentis
692 789 791 854 ira
839 786 1246 855 intercidisse
1294 785 1570 853 videtur.

298 894 375 967 4,
429 897 458 957 1
484 941 504 971 ,
561 891 635 958 Ε.
690 897 751 959 7.
811 894 869 959 Α
923 892 1334 980 piscatoribus
1392 892 1461 957 in
1523 888 1773 957 Milesia
1839 892 2090 979 reqione
2159 894 2575 961 everi-iculum

212 993 591 1061 trahentibus
633 996 891 1082 quidam
937 999 1170 1063 iactum
1215 1005 1470 1063 emerat.
2242 1040 2251 1047 -

293 1099 503 1167 Immo
552 1113 836 1187 captum,
890 1100 989 1169 vel
1038 1102 1251 1189 potius
1289 1111 1632 1188 capturam.
1699 1097 1865 1168 Illud
1904 1098 2147 1186 legitur
2181 1101 2353 1189 apud
2393 1103 2578 1197 Pom-

210 1204 466 1291 ponium
517 1205 656 1292 nig.
714 1211 838 1286 18,
897 1215 966 1284 t,
1014 1210 1055 1272 8
1103 1206 1140 1288 ς
1193 1212 1263 1272 1;
1330 1214 1547 1292 captus
1587 1204 1859 1291 piscium
1903 1205 2005 1271 vel
2048 1207 2260 1272 avium
2304 1208 2573 1289 eniiucr,

211 1306 321 1376 hoc
369 1329 522 1377 vero
568 1309 738 1398 apud
789 1312 1001 1400 ipsum
1051 1310 1377 1379 Valerium
1423 1315 1498 1388 4,
1552 1314 1629 1389 1,
1687 1310 1762 1378 Ε.
1816 1315 1891 1378 7:
1934 1311 2207 1399 piscium
2250 1322 2575 1400 capturam

207 1414 576 1483 vendidisse.

289 1525 368 1596 4,
421 1527 505 1598 2,
557 1528 622 1589 5.
668 1520 807 1590 Non
845 1532 1162 1589 contentus
1185 1571 1201 1589 .
1233 1573 1248 1590 .
1280 1570 1298 1589 .
1354 1520 1562 1608 Scipio
1606 1529 1855 1587 auctore
1903 1529 2121 1586 senatu
2157 1522 2228 1587 in
2274 1522 2574 1611 Capitolio

205 1622 360 1691 Iovis
406 1626 593 1713 epulo
637 1648 782 1693 cum
833 1627 1109 1695 Graccho
1153 1626 1547 1695 concordiam
1595 1626 2115 1706 communicasse,
2164 1627 2370 1714 filiam
2418 1651 2574 1717 quo-

203 1749 311 1815 quc
353 1730 415 1797 ei
466 1730 817 1799 Corneliam
858 1734 1145 1820 protinus
1182 1732 1276 1799 ibi
1315 1731 1667 1848 despondit.

286 1835 698 1903 Concordiam
738 1858 879 1904 cum
918 1838 1132 1926 aliquo
1168 1837 1626 1904 communicare
1658 1833 1967 1922 quidnam
2008 1834 2132 1903 sibi
2175 1836 2327 1904 velit
2366 1802 2573 1926 neque

203 1958 311 2026 ego
350 1940 682 2027 intelligo,
720 1962 928 2029 neque
951 1942 1144 2010 credo
1167 1943 1510 2029 quisquam
1562 1940 1885 2025 intelleget
1930 1960 2259 2030 umquam.
2310 1943 2575 2012 Minime

205 2063 342 2112 vero
388 2059 668 2112 caecasse
736 2049 809 2134 (i.
851 2066 909 2114 e.
962 2045 1503 2132 communicasse)
1548 2046 1615 2111 in
1656 2045 2130 2132 antiquissimis
2171 2045 2322 2114 olim
2359 2047 2570 2125 libris,

203 2149 303 2216 sed
328 2150 619 2217 &cilia-sse
644 2150 714 2240 (i.
736 2172 794 2219 e.
819 2151 1220 2241 conciliasse)
1246 2152 1563 2237 scriptum
1580 2155 1721 2217 esse
1737 2149 2145 2218 crediderim.
2171 2151 2574 2219 Concordiam

202 2255 529 2323 conciliare
597 2254 886 2322 invenies
962 2256 1133 2343 apud
1212 2255 1487 2324 Gellium
1563 2259 1641 2333 2,
1735 2260 1846 2322 12:
1910 2256 2242 2324 concordia
2294 2278 2412 2344 per
2472 2279 2576 2325 eos

199 2360 592 2444 potissimum
634 2361 881 2427 restitui
925 2362 1369 2449 conciliarique
1408 2360 1625 2449 possit.

285 2471 354 2540 4,
406 2472 490 2544 5,
535 2464 611 2532 Ε.
669 2474 726 2533 1.
773 2462 1053 2533 Pericles
1093 2467 1568 2534 Atheniensium
1610 2467 1942 2555 princeps,
1999 2488 2144 2533 cum
2171 2515 2189 2535 .
2217 2516 2234 2533 .
2265 2516 2283 2535 .
2333 2467 2574 2557 Sopho-

205 2570 330 2637 clea
387 2573 460 2637 in
517 2581 820 2658 praettwa
879 2571 1184 2659 colleyam
1243 2572 1498 2640 liaberet
1556 2580 1742 2658 atque
1790 2572 1849 2637 is
1884 2572 2144 2659 publico
2198 2575 2401 2662 officio
2447 2597 2574 2643 una

203 2673 517 2744 districtus
546 2677 733 2764 pueri
768 2676 1026 2765 ingenui
1052 2677 1505 2765 praetereuntis
1541 2680 1818 2764 sormam
1854 2679 2336 2765 impensior-ibus
2371 2682 2576 2748 verbis

204 2776 554 2861 laudasset,
613 2781 1158 2869 intemperantiam
1221 2782 1355 2849 eius
1415 2782 1859 2870 [increpavitJ.

281 2884 718 2952 Praetulerim
771 2886 1017 2973 publici
1077 2886 1268 2973 officii
1328 2907 1486 2952 eura
1546 2886 1868 2953 districtus
1917 2886 2061 2954 coll.
2108 2892 2191 2966 8,
2239 2894 2314 2968 7,
2360 2888 2436 2957 Ε.
2490 2895 2569 2957 15

203 2991 623 3057 maximarum
660 3011 878 3057 rerum
923 3013 1075 3058 cura
1119 2991 1456 3058 districtus.

285 3099 363 3174 4,
426 3098 508 3175 4,
577 3096 640 3162 6.
711 3095 881 3172 Quae
931 3105 1261 3184 postquam
1325 3105 1577 3163 senatus
1630 3120 1670 3165 a
1745 3097 2109 3164 consulibus
2167 3100 2443 3187 accepi‚t
2514 3111 2575 3169 et

197 3218 417 3285 aarum
474 3199 639 3266 Atili
700 3200 852 3267 ilico
913 3201 1240 3267 colendum
1305 3201 1503 3268 locari
1541 3212 1599 3268 et
1639 3201 1942 3269 alimenta
2004 3204 2257 3292 coniuyi
2317 3206 2452 3273 eius
2495 3230 2575 3275 ac

199 3300 410 3370 liberis
447 3304 741 3391 praeberi
784 3325 1045 3392 resque,
1095 3326 1252 3392 quas
1295 3307 1633 3386 amiserat,
1680 3306 1908 3373 redimi
1947 3307 2198 3392 publice
2236 3310 2440 3378 iussit.

283 3407 510 3477 Vereri
557 3428 661 3476 me
709 3409 1051 3488 confiteor,
1102 3429 1182 3476 ne
1226 3410 1371 3478 ilico
1416 3431 1497 3479 ex
1545 3410 1977 3498 dittographia
2026 3420 2242 3480 ortum
2291 3434 2573 3502 veraque

203 3507 384 3580 lectio
425 3514 513 3580 sit
558 3535 785 3601 aarum
829 3514 1014 3581 Auiti
1074 3514 1422 3582 colendum.
1518 3516 1681 3583 Fere
1726 3515 1989 3595 eadem,
2052 3536 2219 3604 quae
2264 3518 2385 3586 hoc
2432 3519 2570 3588 loco

204 3634 240 3681 a
280 3616 573 3698 Valerio,
622 3618 928 3686 aSeneca
978 3619 1327 3687 traduntur
1374 3621 1442 3685 in
1492 3620 1653 3688 nial.
1711 3625 1833 3696 12,-
1886 3620 1968 3687 ad
2017 3620 2303 3688 Helviam
2353 3644 2416 3692 c.
2469 3630 2570 3704 12,

205 3720 366 3806 apud
425 3743 618 3810 quem
683 3732 898 3791 tamen
961 3724 1202 3791 nullam
1266 3726 1331 3791 in
1395 3723 1516 3792 hac
1563 3746 1635 3792 re
1682 3724 2115 3794 festinationis
2175 3729 2568 3797 mentionem

206 3819 428 3894 tactam
478 3848 618 3896 esse
667 3826 872 3894 video.
923 3827 1166 3897 Scribit
1213 3830 1430 3897 enim:
1484 3832 1743 3897 Attitius
1790 3831 2103 3918 Requlus,
2153 3853 2293 3899 cum
2333 3833 2574 3903 Poenos

205 3926 269 3994 in
309 3930 532 4019 Africa
576 3934 902 4021 funderet,
960 3934 1045 4014 ad
1087 3944 1367 4001 senatum
1417 3936 1665 4021 scripsit
1712 3937 2172 4003 mercenarium
2219 3959 2403 4006 suum
2440 3941 2573 4007 dis-

206 4036 447 4104 cessisse
489 4050 549 4106 et
594 4039 675 4105 ab
718 4059 788 4104 eo
831 4038 1144 4105 desertum
1188 4059 1322 4105 esse
1363 4060 1474 4105 rus
1496 4089 1516 4119 ,
1563 4040 1730 4127 quod
1766 4040 2009 4106 senatui
2036 4041 2284 4128 publice
2320 4047 2570 4126 curari,

206 4135 351 4204 dum
412 4143 651 4210 abesset
717 4142 1034 4229 Reyulus,
1099 4145 1359 4231 placuit.
1421 4142 1514 4210 Cf.
1562 4164 1727 4231 quae
1788 4148 1912 4212 iam
1979 4155 2168 4214 antea
2231 4149 2312 4217 de
2370 4151 2569 4218 simili

209 4243 557 4330 scripturae
610 4247 767 4314 vitio
812 4249 1109 4314 annotavi
1160 4248 1240 4315 ad
1291 4248 1623 4318 Ciceronis
1675 4252 2102 4320 Antonianam
2155 4258 2239 4332 8,
2290 4260 2372 4335 2,
2426 4261 2462 4322 7
2496 4257 2565 4344 ¹).

204 4346 556 4370 ξ*

279 4387 329 4452 l)
363 4390 423 4440 In
458 4391 808 4443 Coniectaneis
843 4394 1039 4445 Latinis
1071 4409 1118 4458 p.
1157 4398 1216 4444 75
