2934 5050
953 325 1039 375 An
1090 325 1404 375 ruroms
1450 325 1751 378 coaeum.
2419 305 2543 372 115

201 495 384 565 curat,
438 497 509 556 ut
568 513 771 579 neque
833 501 1198 581 temporum
1258 497 1464 562 ullam
1524 500 1836 564 rationem
1889 495 2050 562 solet
2105 496 2369 571 habere,
2430 494 2541 560 sed

204 614 404 682 magna
443 596 730 664 libertate
790 601 1047 688 ingenio
1104 601 1451 690 indulgens
1500 604 1717 667 omnia
1759 602 1838 667 de
1876 620 2109 689 genere
2152 600 2273 665 hoc
2313 601 2544 663 miscet

198 704 256 761 et
291 701 611 767 confundit.
693 702 957 771 Duriter
998 705 1119 771 hoc
1163 709 1420 773 nomine
1465 709 1833 793 increpatur
1872 707 1953 771 ab
1998 704 2327 770 Athenaeo
2366 723 2540 788 pere-

199 801 379 869 rudito
419 805 668 873 homine
713 809 821 874 sed
869 810 1207 876 acerbioris
1249 813 1492 898 ingenii
1517 817 1583 875 et
1620 812 1700 876 ab
1738 811 1979 875 iudicio
2014 810 2233 896 paullo
2270 807 2539 873 infirmi-

195 926 309 986 ore,
347 913 447 994 qui
467 914 711 997 copiose
750 912 1208 980 demonstrat‘'
1170 938 1260 981 οτι
1298 917 1510 981 πολλὰ
1535 916 1565 979 ὃ
1594 914 1860 981 Πλάτων
1894 915 2064 994 παρὰ
2110 914 2253 986 τοὺς
2286 913 2537 994 χρόνους

195 1012 498 1093 ἁμαρτάνει
539 1015 594 1081 V
616 1037 764 1104 pag.
793 1016 944 1084 217.
986 1040 1120 1105 sqq.
1191 1019 1435 1086 Eodem
1473 1022 1728 1089 nomine
1767 1018 2105 1086 Platonem
2136 1017 2537 1103 reprehendit

193 1119 466 1186 Aristides
531 1118 713 1186 Tom.
763 1121 843 1186 II.
889 1144 1038 1210 pag.
1089 1121 1221 1189 370
1279 1145 1413 1210 sqq.
1477 1129 1544 1222 et
1601 1144 1748 1211 pag.
1800 1122 1952 1188 435.
2017 1122 2128 1188 sed
2180 1122 2408 1188 leniter
2469 1127 2535 1187 et

191 1222 441 1320 modeste
496 1230 573 1291 ut
627 1224 961 1293 Platonem
1018 1248 1244 1294 amans
1304 1236 1369 1295 et
1414 1230 1756 1295 admirans.
1851 1227 2024 1295 Audi
2079 1227 2238 1311 quid
2299 1228 2536 1293 scribat

190 1346 315 1414 pag.
360 1328 503 1395 373.
568 1331 720 1395 ἀλλ’
782 1329 872 1400 ἔςι
931 1338 1143 1399 ταῦτα
1201 1334 1330 1398 ἀπὸ
1393 1340 1503 1406 τῆς
1567 1341 1685 1399 τῶν
1732 1331 2062 1410 Διαλόγων
2106 1329 2381 1408 ἐξουσίας
2429 1332 2534 1396 καὶ

187 1433 470 1507 συνηθείας
514 1437 872 1516 ὡρμημένοι.
924 1439 1007 1519 τῷ
1053 1440 1181 1519 γὰρ
1229 1434 1527 1510 ἅπαντας
1563 1438 1786 1511 αὐτοὺς
1823 1438 2096 1510 ἐπιεικῶς
2132 1432 2288 1502 εἶναι
2326 1434 2533 1502 πλάσ-

188 1557 348 1611 ματι
402 1540 503 1605 xm
569 1539 819 1606 πλέκειν
880 1539 1103 1617 ἐξεῖναι
1163 1543 1238 1609 δι’
1283 1540 1360 1608 ὧν
1423 1541 1501 1607 ἄν
1560 1567 1655 1615 τις
1720 1542 2030 1620 βούληται
2091 1539 2252 1611 {veel
2309 1562 2370 1607 τι
2417 1541 2534 1607 κᾶν

185 1648 293 1713 τοῖς
329 1641 530 1723 λόγοις
577 1647 789 1719 αὐτοῖς
836 1648 902 1712 οὐ
947 1648 1187 1729 σφόδρα
1232 1652 1442 1728 τηροῦν
1487 1648 1597 1721 τὴν
1643 1648 1958 1723 ἀλήθειαν.

261 1746 526 1815 Perdunt
582 1771 838 1836 operam
896 1753 1007 1836 qni
1066 1752 1222 1818 haec
1280 1752 1645 1830 πλάσματα
1705 1757 1818 1818 aut
1880 1754 2047 1817 inter
2087 1771 2158 1817 se
2198 1750 2535 1817 conciliare

181 1856 455 1939 satagunt
495 1860 612 1921 aut
653 1854 943 1920 Platonis
987 1858 1055 1921 in
1101 1878 1176 1923 ea
1212 1878 1282 1923 re
1316 1859 1632 1922 incuriam
1670 1857 1883 1922 verbis
1918 1854 2167 1920 elevare
2205 1859 2529 1921 conantur.

257 1954 491 2025 Diserte
552 1958 842 2026 definivit
897 1981 1139 2026 annum
1156 2008 1174 2039 ‚
1245 1982 1370 2046 quo
1430 1962 1584 2027 haec
1639 1982 1677 2027 a
1721 1960 1976 2027 Socrate
2038 1960 2362 2044 disputata
2419 1956 2531 2022 fin-

179 2068 399 2144 guntur
438 2085 587 2150 pag.
637 2061 791 2128 4¹73.
839 2083 899 2129 a.
948 2064 1052 2129 καὶ
1101 2075 1401 2130 Ile-P‘rcI
1448 2066 1770 2144 βουλεύειν
1816 2064 2035 2144 λαχὼν
2083 2063 2291 2137 ἐπειδὴ
2339 2063 2531 2139 &baio

177 2168 333 2244 <peak
392 2167 761 2249 ἐπρυτάνευε
823 2167 929 2233 καὶ
978 2168 1095 2234 ἔδει
1143 2193 1225 2248 με
1271 2170 1673 2253 ἐπιψηφίζειν
1717 2170 1976 2249 γέλωτα
2022 2176 2340 2249 παρεῖχον.
2433 2166 2530 2233 Ex

178 2269 283 2337 hoc
321 2272 453 2340 loco
496 2274 766 2362 colligas
809 2295 974 2341 anno
1019 2275 1150 2340 405
1196 2275 1314 2341 hos
1357 2297 1678 2342 sermones
1721 2276 1973 2352 haberi,
2019 2274 2129 2339 sed
2177 2292 2325 2360 pag.
2376 2271 2528 2338 503.

175 2390 225 2438 0·
267 2385 717 2445 commemorat
783 2379 1089 2459 Περικλέα
1157 2381 1386 2446 τουτονὶ
1450 2383 1554 2446 τὸν
1612 2388 1950 2445 Nessch
2014 2376 2526 2452 τετελευτηκότα.

178 2478 452 2551 Mortuus
509 2490 608 2550 est
665 2483 941 2550 Pericles
985 2505 1147 2552 anno
1194 2484 1324 2551 429
1344 2534 1361 2563 ,
1426 2487 1496 2551 id
1550 2490 1647 2551 est
1687 2484 1906 2566 viginti
1951 2491 2009 2549 et
2052 2490 2306 2570 quatuor
2347 2485 2531 2548 annis

172 2595 321 2655 ante.
410 2588 968 2657 Commemoratur
1019 2612 1165 2679 pag.
1216 2590 1346 2656 472
1392 2610 1454 2655 Α.
1549 2590 1767 2656 Nicias
1822 2591 1923 2654 his
1978 2589 2223 2656 verbis:
2293 2610 2528 2667 μαρτυ·

175 2695 396 2770 abecuc!
441 2720 532 2761 σοι
582 2695 808 2767 Νικίας
858 2696 886 2759 ὃ
934 2695 1282 2775 Νικηράτου
1331 2697 1436 2760 καὶ
1484 2697 1535 2760 οἱ
1582 2695 1867 2776 ἀδελφοί.
1957 2692 2164 2757 Periit
2205 2690 2426 2757 Nicias
2461 2692 2530 2754 in

172 2794 374 2866 Sicilia
413 2821 583 2866 anno
630 2797 794 2875 413,
850 2800 918 2865 id
971 2805 1068 2864 est
1109 2808 1233 2864 octo
1277 2803 1458 2865 annis
1504 2805 1668 2865 ante.
1762 2795 2315 2864 Commemoratur
2358 2793 2529 2860 Alci·

173 2900 368 2969 biades
424 2925 575 2992 pag.
627 2902 778 2968 519.
827 2922 885 2968 Β.
951 2904 1360 2985 ἐπιλήψονται
1422 2908 1529 2969 τοῦ
1593 2903 1741 2979 ἐμοῦ
1802 2901 2039 2979 ἑταίρου
2101 2895 2525 2975 Ἀλκιβιάδου.

170 3005 512 3075 Alcibiades
573 3029 736 3075 anno
797 3007 927 3073 405
987 3008 1284 3074 exulabat
1343 3016 1408 3075 et
1453 3028 1615 3074 anno
1660 3010 1804 3091 post
1847 3007 1914 3068 in
1958 3004 2115 3069 Asia
2158 3002 2527 3068 interfectus

169 3117 269 3176 est.
357 3113 538 3180 Haec
596 3116 803 3200 igitur
858 3116 1026 3178 inter
1087 3135 1153 3179 se
1211 3118 1425 3199 aptare
1470 3119 1535 3178 et
1577 3130 1948 3196 componere
1992 3109 2159 3175 velle
2204 3108 2526 3173 dementia

165 3223 266 3280 est.
355 3218 717 3306 Insigniora
762 3220 958 3284 etiam
1002 3218 1103 3282 his
1148 3218 1334 3285 Plato
1379 3221 1445 3282 in
1493 3217 1784 3302 Symposio
1829 3221 1893 3279 et
1933 3217 2000 3278 in
2057 3213 2385 3278 Memeno
2424 3211 2525 3276 de·

164 3320 432 3407 signavit
447 3371 466 3399 ‚
532 3323 642 3388 sed
701 3321 866 3387 nihil
910 3323 1140 3387 horum
1188 3323 1447 3388 curabat
1492 3320 1603 3385 ille
1647 3323 1758 3405 qui
1807 3319 1907 3405 (ut
1948 3318 2171 3383 scribit
2214 3316 2525 3381 Aristides

160 3421 326 3490 Tum.
390 3425 476 3492 II.
523 3447 672 3514 pag.
724 3426 855 3492 162
898 3426 946 3514 ¹)
1007 3427 1242 3492 nullius
1285 3448 1556 3511 umquam
1608 3426 1740 3489 ulla
1783 3426 1858 3487 de
1901 3445 1966 3486 re
2009 3420 2336 3486 testimonio
2383 3440 2524 3481 mue

156 3535 251 3593 eet.

237 3633 480 3702 Utilius
522 3639 648 3701 erit
663 3683 683 3713 ,
735 3640 790 3701 si
835 3636 971 3702 ullo
1012 3629 1204 3702 niodo
1248 3637 1397 3699 sciri
1443 3639 1683 3719 potest,
1732 3633 1799 3696 id
1837 3634 1997 3695 scire
2035 3649 2158 3714 quo
2200 3628 2328 3692 fere
2361 3631 2522 3691 tem-

155 3755 290 3818 pore
338 3741 598 3822 Goryias
640 3762 681 3805 a
724 3740 990 3806 Platone
1035 3743 1308 3825 scriptus
1353 3739 1568 3803 fuerit.

233 3843 402 3908 Mihi
449 3846 529 3911 de
574 3867 647 3911 ea
690 3866 758 3910 re
799 3846 974 3910 idem
1018 3844 1186 3930 quod
1227 3842 1477 3907 Editori
1513 3840 1799 3905 videtur:
1848 3837 2013 3901 haud
2046 3837 2135 3899 ita
2173 3835 2355 3897 multo
2378 3839 2523 3915 poet

151 3943 399 4013 &oratic
465 3957 704 4014 mortem
773 3949 1103 4035 dialogum
1170 3967 1304 4011 esse
1370 3946 1679 4027 scriptum
1741 3948 1806 4005 et
1863 3940 2129 4040 editum.
2223 3937 2517 4020 Namque

153 4069 264 4114 non
321 4073 450 4118 uno
514 4057 582 4118 in
641 4054 777 4120 loco
840 4053 918 4118 de
977 4051 1230 4117 Socrate
1290 4052 1510 4132 iniquo
1555 4047 1789 4111 iudicio
1837 4048 2269 4109 circumvento
2314 4041 2517 4125 deque
2564 4083 2572 4091 -

212 4303 261 4367 1)
298 4303 398 4352 eet
431 4303 508 4368 δή
542 4320 718 4361 τινος,
765 4286 805 4351 οἶ
838 4299 1104 4366 Πλάτων,
1151 4299 1250 4348 καὶ
1285 4299 1589 4365 μάρτυρος,
1641 4280 1680 4344 ὦ
1716 4295 1824 4344 τῶν
1872 4294 2161 4363 μαρτύρων
2198 4293 2499 4362 ὑπερορῶν,

147 4381 308 4440 αὐτὸς
343 4384 410 4433 δὲ
447 4385 726 4437 nidhart
768 4386 835 4435 ἂν
869 4383 1152 4449 φωραθεὶς
1188 4373 1340 4441 οἶμαι
1379 4378 1797 4447 προσχρώμενος
1831 4377 2080 4444 μάρτυρι.
