2934 5050
887 317 973 366 Al>
1020 315 1482 367 Anrnomfluu
1528 317 1916 365 mmmmm.
2456 297 2580 365 321

297 485 472 553 Bene
540 488 616 552 de
684 487 802 552 hoe
870 489 1333 574 epigrammate
1389 492 1630 554 meruit
1682 508 1884 573 nuper
1940 486 2287 573 Bergkius,
2342 490 2455 572 qui
2511 489 2581 554 in

199 589 547 680 Philologo
607 613 663 657 a.
714 589 889 657 1873
934 612 1081 679 pag.
1130 591 1258 657 681
1309 613 1424 678 pro
1468 601 1899 669 ΛΔΔΛΙΟΤ,
1950 593 2056 657 eui
2098 595 2168 656 in
2212 592 2426 658 codiee
2470 594 2583 658 tri·

199 696 461 775 buitur,
529 698 918 763 substituens
979 705 1363 763 AAKAIOT
1410 698 1731 763 intellexit
1788 697 2024 762 ultima
2065 697 2258 764 verba
2301 700 2583 782 spectare

201 821 335 866 non
378 802 816 868 Alexandrum
858 822 1170 888 magnum
1186 849 1205 880 ,
1253 807 1329 867 ut
1372 803 1700 888 hueusque
1742 806 2121 888 putaverant
2154 801 2392 867 eruditi
2411 848 2430 879 ,
2469 800 2582 866 sed

202 905 588 992 Philippum
647 909 966 992 quintum.
1033 905 1283 972 Ultimo
1337 927 1526 972 versu
1571 913 1861 992 suspecta
1893 907 2059 971 mihi
2103 911 2200 972 est
2241 906 2433 973 lectio
2471 903 2577 970 καὶ

202 1008 406 1087 τοῦθ’,
442 1012 561 1076 sub
599 1030 725 1097 qua
761 1010 909 1077 vide
949 1029 1028 1075 an
1067 1010 1228 1077 forte
1267 1010 1598 1078 deliteseat
1644 1034 1752 1076 κοι
1774 1035 1848 1078 νο
1868 1010 1999 1090 w,
2047 1013 2093 1077 i.
2134 1032 2193 1079 e.
2244 1012 2582 1087 κοινοῦται,

191 1116 502 1200 particeps
546 1125 648 1181 est.

298 1221 521 1310 Epigr.
572 1221 727 1287 261.

480 1327 546 1392 τί
582 1325 769 1391 πλέον
815 1325 929 1398 εἷς
976 1323 1212 1390 ὠδῖνα
1251 1335 1560 1401 πονεῖν,
1602 1326 1668 1391 τί
1708 1327 1770 1393 δὲ
1809 1326 1999 1392 τέκνα
2038 1325 2354 1400 τεκέσθαις

203 1429 544 1515 Suspicor:
594 1431 680 1509 ἐξ
723 1428 966 1496 ὠδῖνα
1010 1438 1320 1506 πονεῖν,
1367 1451 1481 1515 per
1515 1433 1748 1497 tmesin
1788 1452 1904 1517 pro
1949 1432 2219 1498 ἐκπονεῖν
2265 1430 2580 1508 ὦδῖναμιὲ

200 1535 445 1599 dicitur
488 1532 721 1606 ἄθλους
769 1534 1038 1602 ἐκπονεῖν
1055 1582 1072 1610 ,
1120 1533 1380 1601 similia.

295 1638 518 1726 Epigr.
567 1637 719 1705 275.

475 1747 551 1809 ‘A
595 1743 867 1816 Πέλοπος
916 1746 1095 1816 νᾶσος
1141 1745 1247 1808 καὶ
1294 1743 1593 1817 δύσπλοος
1643 1743 1832 1809 ὤλεσε
1881 1733 2033 1826 12ρή
2056 1768 2151 1809 τα

568 1850 674 1913 καὶ
722 1848 980 1913 Μαλέου
1024 1849 1267 1931 τυφλα)
1316 1849 1755 1927 καμπτομένου
1800 1849 2099 1922 σπιλάδες

481 1952 756 2030 Δάμιδος
804 1951 1258 2031 ’Λςυδῶμαντα
1305 1951 1611 2018 Κυδώνιον.
1660 1953 1788 2018 κτὲ.

295 2058 516 2143 Neque
578 2057 789 2123 insula
841 2063 1008 2123 reete
1071 2057 1369 2130 δύσπλοος
1435 2058 1673 2122 dieitur
1688 2103 1705 2134 ,
1752 2078 1954 2142 neque
1998 2053 2186 2123 Creta
2227 2058 2576 2142 perniciosa

199 2182 341 2228 esse
400 2165 610 2248 potuit
671 2164 732 2228 ei
792 2164 902 2247 qui
961 2162 1114 2228 feeit
1179 2162 1591 2249 naufragium
1634 2164 1704 2226 in
1748 2161 1998 2228 Maleae
2042 2161 2337 2248 seopulis.
2429 2162 2575 2228 Nisi

201 2269 495 2354 egregrie
539 2266 726 2332 fallor
742 2314 758 2345 ,
807 2267 913 2333 hie
956 2287 1197 2335 novum
1243 2267 1553 2332 habemus
1585 2265 1953 2352 exemplum
1973 2267 2099 2333 loei
2118 2287 2232 2353 per
2252 2266 2572 2354 glossema

202 2373 505 2456 corrupti.
553 2370 828 2437 Dederat
869 2376 1090 2458 poeta:

476 2478 553 2542 ‘A
599 2475 875 2550 Πέλοπος
920 2479 1100 2549 νοῖσος
1145 2473 1250 2540 καὶ
1298 2473 1597 2550 δύσπλοος
1645 2480 1835 2542 ὤλεσε
1880 2477 2184 2550 πόντος.

292 2579 706 2668 Magistellus
760 2584 969 2647 neseio
1029 2583 1140 2665 qui
1197 2601 1374 2647 mare
1391 2631 1408 2657 ‚
1485 2582 1563 2647 de
1624 2603 1747 2667 quo
1808 2602 2014 2648 sermo
2080 2588 2178 2647 est
2194 2629 2210 2660 ,
2276 2579 2573 2648 Cretense
2660 2560 2689 2586 ⁰

200 2685 334 2751 diei
389 2705 637 2751 memor
693 2707 883 2771 supra
940 2685 1156 2756 πόντος
1219 2686 1472 2771 scripsit
1519 2694 1817 2765 Κρηταῖος
1836 2735 1851 2759 ,
1900 2686 2066 2770 quod
2110 2706 2293 2763 mox,
2339 2691 2416 2750 ut
2459 2684 2568 2764 fit,

196 2793 340 2856 eius
395 2790 608 2856 locum
670 2791 1021 2876 occupavit.
1114 2788 1497 2874 Supervenit
1556 2795 1864 2855 corrector
1921 2791 2255 2866 metricus,
2318 2791 2432 2873 qui
2491 2789 2570 2854 de

196 2895 511 2960 sententia
553 2916 808 2960 securus
854 2900 981 2962 tres
1025 2893 1291 2960 ultimas
1327 2892 1545 2958 literas
1594 2893 1840 2958 abiecit.

292 2998 513 3087 Epigr.
562 2998 694 3065 289
713 3046 731 3076 ,
782 2997 843 3063 3.

475 3102 712 3181 μούνιος
760 3104 827 3167 ἐκ
873 3101 1135 3181 &dmm
1179 3100 1363 3182 θορὼν
1410 3100 1592 3172 λύκος
1641 3100 1998 3167 ἄσκοπον
2044 3100 2233 3183 ἄνδρα

475 3206 747 3273 ἔκτανεν.

291 3310 541 3379 Collato
587 3313 872 3397 sequenti
917 3315 1380 3399 epigrammate
1397 3359 1415 3387 ,
1461 3313 1643 3376 euius
1688 3312 1900 3377 simile
1945 3315 2040 3378 est
2078 3315 2565 3399 argumentum:

199 3419 512 3496 γυμνὸν
537 3456 622 3467 -
648 3414 866 3481 ἔκτανε
913 3417 1136 3496 λυγρὸς
1177 3413 1350 3495 ἔχις,
1397 3414 1736 3502 intelleges
1781 3422 2035 3502 poetam
2078 3418 2430 3501 scripsisse:

473 3522 709 3599 μούνιος
759 3521 828 3585 ἐκ
876 3517 1134 3598 &duroto
1182 3518 1368 3599 θορὼν
1415 3518 1597 3592 λύκος
1647 3517 2009 3586 ἄσκεπον
2052 3518 2243 3600 ἄνδρα

469 3625 717 3690 ἔκτανεν
766 3625 874 3688 κτὲ
891 3672 905 3690 .

193 3730 482 3793 hominem
524 3730 748 3793 nudum
788 3736 962 3814 atque
1007 3730 1297 3794 inermem.

287 3833 509 3920 Epigr.
559 3831 711 3899 337.

470 3940 579 4015 Μή
626 3962 710 4016 με
758 3934 946 4011 θοῶς,
996 3936 1242 4014 nattes,
1292 3938 1597 4020 παρέρχεο
1641 3938 1919 4017 τύμβον,
1969 3937 2182 4013 ὄδῖτα,

558 4050 747 4107 σοῖσιν
792 4043 1268 4120 ἁκοιμήτοις
1314 4043 1493 4107 ποσσὶ
1546 4040 2032 4123 κελευθοπορῶν.

197 4146 343 4213 Non
386 4146 657 4212 diffiteor
699 4146 866 4210 mihi
910 4145 1299 4231 probabilius
1342 4147 1578 4212 videri:

473 4260 660 4317 σοῖσιν
707 4252 751 4315 ἆ
770 4252 1022 4340 κμλῆτο
1042 4275 1059 4316 ι
1078 4275 1149 4315 σι
1167 4276 1196 4315 ν
1244 4251 1446 4316 ποσσί.

199 4357 306 4421 sed
365 4363 440 4422 ut
501 4356 647 4422 dem
706 4355 822 4420 illo
886 4356 1074 4422 modo
1134 4360 1428 4439 quamvis
1491 4357 1774 4423 mirabili
1818 4359 2088 4425 seribere
2130 4356 2392 4421 fortasse
2437 4355 2567 4440 pla-

2222 4463 2282 4509 τι
