2934 5050
1008 280 1317 328 aucium
1365 284 1435 329 ur
1476 282 1788 330 centnm.
2064 352 2073 357 ἢ
2462 260 2591 324 247

219 453 551 532 potuerunt
599 438 962 515 confundi.⁴
1025 450 1105 516 At
1159 450 1440 538 reliqua,
1491 452 1789 538 quamvis
1836 453 2003 518 mira
2053 430 2325 537 partini,
2373 443 2593 515 minus

215 548 588 619 dubitationi
654 553 927 621 obnoxia
992 565 1178 624 sunt:
1246 557 1383 624 XV.
1452 563 1574 636 17,
1640 557 1917 634 truleus,
1989 562 2067 624 31
2121 553 2591 622 tintinabulum.

219 655 282 722 ln
327 657 700 745 fragmento
766 661 992 729 XXVl.
1057 666 1185 739 65,
1251 682 1310 729 v.
1377 668 1502 739 81,
1571 663 1738 750 quod
1806 663 2019 732 trihus
2086 662 2242 729 locis
2305 681 2341 727 a
2389 659 2593 728 Nonio

221 760 509 842 affertur,
563 765 805 854 ubique
848 767 1091 854 legitur
1132 790 1320 858 ayere
1357 770 1424 835 in
1466 770 1757 836 iaciundo
1797 791 1913 858 pro
1954 791 2185 857 eyqere
2223 769 2267 834 i.
2298 768 2382 843 i.;
2425 764 2596 831 idern

219 869 584 939 vocabulum
631 873 742 940 XI.
789 880 825 941 ὅ
871 875 936 941 in
988 874 1161 943 Leid.
1203 885 1268 942 et
1305 877 1445 942 Par.
1505 882 1606 964 (ex
1646 896 1791 943 mea
1824 875 1998 951 coll.;
2025 883 2193 943 tacet
2219 871 2598 960 Quicberat)

220 975 514 1044 scribitur
558 1001 832 1068 oqerem.
929 982 1178 1049 Tantus
1226 1002 1580 1049 consensus
1632 981 1941 1049 fortuitus
1989 1002 2127 1049 esse
2175 1000 2298 1047 non
2350 986 2596 1067 potest,

221 1101 326 1149 nec
388 1084 695 1154 credibile
757 1096 856 1153 est
916 1086 1194 1169 Nonium
1251 1090 1568 1175 »agrum”
1619 1108 1734 1176 pro
1783 1089 2103 1175 »aggere’'
2152 1086 2593 1153 substituisse.

219 1186 393 1255 Golas
438 1211 552 1278 pro
595 1192 797 1259 collus
845 1192 1132 1283 (collum)
1179 1203 1278 1261 est
1323 1193 1716 1274 xxv11234,
1759 1194 1958 1261 semel
1995 1192 2165 1282 apud
2202 1191 2363 1259 Non.
2404 1196 2513 1256 21.
2547 1194 2586 1255 ὅ

218 1296 410 1375 colus,
457 1299 655 1366 semel
708 1322 768 1387 p.
819 1304 971 1368 200.
1028 1304 1151 1379 18,
1199 1301 1308 1367 ubi
1361 1300 1528 1366 idem
1580 1299 2016 1387 fragmentum
2070 1299 2343 1385 legitur,
2391 1297 2593 1364 collus

212 1404 516 1490 scriptum
544 1455 562 1485 ,
613 1406 748 1473 Vll.
792 1411 877 1473 27
930 1407 1168 1486 collus,
1220 1406 1331 1472 sed
1380 1408 1516 1477 inc.
1568 1410 1698 1473 164
1747 1407 1879 1473 colo
1926 1416 2257 1473 stemtatur
2300 1424 2414 1493 pro
2462 1405 2594 1470 colo

217 1520 603 1578 sustentatur.
713 1511 785 1579 In
862 1512 963 1578 his
1029 1511 1244 1578 demta
1319 1532 1447 1579 una
1521 1521 1912 1580 consonante
1978 1514 2310 1599 quantitas
2376 1521 2590 1577 tamen

213 1625 419 1684 manet
468 1617 687 1685 illaesa
714 1668 731 1698 ‚
784 1627 853 1684 at
900 1619 954 1685 si
998 1617 1326 1685 credimus
1369 1619 1712 1685 Consentio
1747 1618 1863 1685 IX.
1913 1625 1983 1697 1,
2021 1618 2306 1686 Lucilius
2331 1617 2595 1704 scripsit

212 1731 486 1809 obrupto,
538 1725 748 1811 prima
796 1722 1042 1814 syllaba
1091 1733 1411 1812 correpta.

297 1828 526 1916 Utique
590 1849 715 1897 non
779 1840 878 1899 est
939 1850 1061 1897 cur
1122 1851 1272 1897 cum
1338 1827 1699 1896 Bitschelio.
1754 1828 2099 1896 credamus
2157 1828 2591 1896 constantiam

212 1935 629 2021 geminandae
678 1955 995 2004 consonae
1043 1934 1269 2002 Lucilii
1318 1936 1698 2003 auctoritati
1749 1933 1992 2002 deberi.
2090 1934 2250 2002 Nam
2297 1943 2368 2002 ut
2407 1933 2594 2000 aliter

212 2050 570 2109 statuamus
640 2060 765 2107 non
824 2061 1278 2129 permovemur
1321 2040 1610 2109 eiusdem
1664 2049 2007 2129 praecepto
2056 2040 2136 2109 de
2186 2039 2594 2130 geminandis

83 2162 86 2193 1
210 2148 709 2216 consonantibus
754 2149 822 2214 in
872 2148 1085 2214 verbis
1133 2148 1542 2235 compositiS,
1590 2146 1698 2215 lX.
1749 2152 1872 2214 25:

708 2262 902 2340 atque
955 2301 1174 2321 .....
1185 2340 1192 2343 ¹
1228 2273 1571 2320 accuanaae
1619 2252 1902 2332 scribaS,

517 2379 643 2427 nne
684 2379 766 2426 an
816 2378 851 2425 c
901 2378 1025 2425 non
1074 2366 1175 2426 est
1219 2359 1395 2448 quod
1442 2379 1717 2446 quaeras
1760 2367 1956 2446 atque
2001 2358 2250 2427 labores

209 2463 310 2553 (de
374 2467 592 2554 priore
658 2484 850 2532 versu
916 2464 997 2532 cf.
1064 2465 1239 2533 Coni.
1285 2465 1334 2532 1.
1389 2465 1527 2555 42).
1622 2465 1784 2534 Nam
1835 2468 2043 2555 potuit
2093 2465 2589 2555 duplicationem

208 2575 580 2662 compositis
625 2570 1034 2652 adscribere,
1080 2574 1317 2639 ceteris
1362 2592 1487 2638 non
1535 2575 1713 2639 item.
1764 2557 2000 2640 Eodem
2031 2576 2307 2660 pertinet
2338 2573 2446 2640 tx.
2482 2575 2593 2650 16,

211 2677 308 2745 ubi
356 2682 501 2747 sine
551 2697 747 2746 causa
794 2677 987 2746 verba
1038 2679 1144 2745 liic
1186 2685 1388 2767 refert
1428 2698 1507 2745 ex
1555 2681 1929 2746 coniectura
1973 2681 2326 2767 interponit
2366 2679 2448 2745 Μ.
2478 2677 2591 2746 Ve-

205 2781 324 2851 lius
389 2787 647 2873 Longus
704 2787 879 2850 2224
950 2790 1091 2851 »est
1153 2785 1348 2850 etiam
1417 2784 1526 2851 ubi
1590 2793 1879 2852 transeat
1926 2785 1970 2850 d
2014 2787 2078 2852 in
2130 2785 2192 2865 l,
2240 2823 2331 2834 —
2379 2793 2449 2851 ut
2495 2792 2596 2851 est

207 2890 497 2982 alleqere.
564 2928 656 2942 —-
745 2890 1034 2956 Abbitere
1093 2892 1289 2958 etiam
1344 2890 1609 2978 quidam
1659 2893 1988 2978 geminata
2034 2914 2069 2958 a
2115 2891 2485 2960 maluerunt
2531 2902 2595 2958 et

207 2994 415 3065 dicere
462 3007 527 3065 et
575 2996 860 3065 scribere
909 2998 1279 3066 intermissa
1328 3018 1409 3077 n,
1454 2997 1563 3064 sed
1606 2995 1836 3064 in'‘hoc
1881 2998 2117 3065 nullam
2161 2998 2592 3065 differentiam

209 3111 383 3188 putat
429 3124 573 3171 esse
623 3104 985 3183 Lucilius’'‘‚
1035 3104 1099 3170 in
1152 3103 1388 3191 quibus
1437 3106 1795 3172 mutatione
1845 3126 1967 3171 non
2019 3125 2179 3192 opus
2225 3105 2590 3180 esu-Luci·

209 3203 327 3274 lius
391 3209 819 3277 contendebat
893 3209 1057 3275 nihil
1122 3210 1420 3276 interesse
1466 3211 1742 3277 abbilere
1787 3233 1869 3277 an
1934 3213 2210 3278 adbitere
2271 3212 2591 3279 scriberes.

209 3311 421 3402 Pergit
473 3315 735 3382 Velius=
791 3316 941 3401 -qui
993 3315 1117 3405 (L.)
1166 3316 1289 3383 ait:
1339 3316 1614 3383 abbitere
1662 3316 1901 3405 (abbire
1945 3316 2122 3405 libri)
2174 3318 2453 3385 multum
2494 3325 2592 3383 est

207 3439 243 3486 n
294 3422 413 3490 siet
464 3442 554 3489 au
598 3423 704 3487 e'’.
755 3420 1133 3488 Muellerus:
1188 3455 1271 3472 —-—
1318 3421 1608 3490 abbitere
1657 3422 1936 3489 multum
1986 3422 2091 3489 hic
2141 3422 2336 3490 refert
2384 3421 2424 3488 d
2471 3425 2594 3489 siet

209 3545 282 3593 an
342 3528 452 3597 b”.
525 3528 680 3597 Sine
736 3547 957 3603 causa;
1009 3548 1156 3594 nam
1207 3528 1478 3594 multum
1526 3538 1618 3595 est
1663 3537 1889 3596 natum
1937 3548 2014 3595 ex
2059 3528 2331 3596 inultum
2380 3537 2502 3595 est:
2599 3531 2605 3542 '

665 3661 872 3687 -νν-
927 3654 1208 3701 ancirana
1259 3635 1604 3703 inultumst
1654 3657 1690 3702 n
1738 3639 1859 3704 siet
1905 3655 1987 3703 an
2034 3657 2090 3704 a.
2147 3636 2201 3726 ¹)

294 3740 424 3809 Hoc
459 3742 669 3828 igitur
712 3739 1030 3828 quomodo
1080 3740 1327 3808 scribas
1380 3743 1645 3831 impune
1694 3761 1834 3810 esse
1882 3743 2016 3822 ait,
2068 3740 2180 3808 sed
2229 3743 2453 3829 utique
2493 3723 2592 3808 lit·

275 3919 325 3978 1)
370 3918 433 3970 Ρ.
483 3924 580 3971 225
627 3920 702 3972 M.
746 3921 1007 3986 impugnat
1051 3921 1189 3986 vulg.
1233 3921 1505 3972 lectionem
1550 3922 1683 3986 apud
1719 3921 1926 3972 Velium
1959 3920 2131 3971 dicens
2164 3919 2241 3969 illi
2273 3918 2596 3970 scribendum

211 3994 378 4050 fuisse:
421 4001 542 4053 -sed
573 4001 703 4053 nihil
737 4003 977 4054 iuteresse
1011 3993 1262 4066 quomodo
1295 4004 1539 4053 scribatur
1567 4008 1706 4068 putat
1736 4003 1901 4053 Lucili
1904 4000 1997 4051 ue''
2000 4018 2147 4062 ‚non
2172 4002 2596 4067 quemadmodum

209 4093 338 4132 nune
381 4080 565 4135 fertur.
618 4085 701 4136 uin
744 4084 842 4135 hoc
889 4085 1090 4135 nullam·
1126 4084 1462 4135 differentiam
1507 4099 1615 4136 esse
1660 4082 1854 4149 putaff',
1899 4083 2141 4134 maiorem
2174 4083 2488 4146 diligentiam
2520 4097 2596 4135 re-

211 4163 406 4227 quirens
454 4181 607 4232 quam
657 4167 714 4217 iu
764 4167 855 4217 tali
903 4167 1112 4217 bomine
1147 4167 1426 4231 exspectari
1458 4171 1656 4231 potest..
1709 4165 1872 4216 Miror
1910 4165 1991 4214 M.
2021 4164 2314 4214 abbreviare
2345 4180 2413 4216 ex
2446 4166 2509 4215 ab
2543 4172 2592 4215 et

216 4242 392 4309 brevia,
440 4255 493 4299 et
536 4247 734 4298 multam
761 4247 1098 4315 differentiam
1126 4264 1218 4313 pro
1246 4265 1467 4314 maqnam
1502 4249 1727 4315 probaro.
1797 4247 1908 4297 Nee
1942 4246 2088 4298 facile
2119 4249 2321 4298 credam
2355 4249 2592 4300 Plautum

216 4325 393 4378 cobirac
441 4332 790 4394 pronuntiasse
842 4329 999 4394 (Bud.
1054 4332 1202 4397 ⁷⁷7);
1255 4330 1519 4382 serendum
1571 4338 1646 4382 est
1694 4330 1821 4381 illud
1854 4328 2017 4390 abitut
2054 4327 2194 4389 <libri
2227 4328 2471 4397 habitat),
2507 4329 2595 4380 sed

227 4410 451 4475 undosi·
483 4414 715 4476 mehut
748 4411 935 4464 asbieat
965 4418 1023 4464 ut
1056 4410 1323 4478 ospello-e,
1357 4420 1642 4479 asportare.
