2934 5050
1002 289 1384 339 mttowclcs
1434 291 1509 339 u·
1552 292 1803 341 enrici.
2468 275 2591 340 113

212 458 484 537 κῶλουν,
531 458 716 527 πέντε
761 460 822 525 δὲ
871 459 1014 535 τοὺς
1062 461 1126 527 ἒν
1162 458 1602 544 Ἑλλησπόντῳ
1640 460 1744 527 καὶ
1787 461 1998 547 Θρᾴκη
2034 461 2221 546 μέχρι
2262 463 2594 547 Βυζαντίου

211 566 436 641 τόπους
496 567 769 650 ἐπῄεσαν
828 567 936 633 καὶ
997 567 1181 634 πέντε
1245 568 1347 634 ἐπὶ
1409 568 1643 642 τούτοις
1704 570 1790 640 εἰς
1851 569 2140 635 Βοιωτίαν
2195 569 2302 635 καὶ
2347 570 2592 636 Φωκίδα

211 672 317 739 καὶ
385 674 843 750 Πελοπόννησον
862 723 882 753 ,
948 674 1017 741 ἐκ
1076 673 1139 740 δὲ
1202 675 1439 750 ταύτης
1499 674 1600 740 διὰ
1659 680 1900 754 Λοκρῶν
1951 673 2050 739 ἐπὶ
2112 674 2224 750 τὴν
2284 676 2592 757 πρόσοικον

213 778 451 860 ἤπειρον
495 776 605 854 ἕως
646 780 1054 861 Ἀκαρνανίας
1102 779 1208 845 καὶ
1257 780 1661 861 Ἀμβρακίας
1700 778 2117 855 απεςοὶλησαν
2137 829 2156 859 ,
2205 783 2257 847 οἱ
2295 780 2360 846 δὲ
2392 781 2588 848 λοιποὶ

212 883 285 949 δι’
326 883 614 964 Εὖβοίας
661 886 761 951 ἐπ’
813 885 1103 959 Οἰταίους
1150 885 1254 952 καὶ
1293 885 1397 952 τὸν
1441 883 1704 952 Μαλιέα
1737 885 1963 953 κόλπον
2008 886 2112 952 καὶ
2158 888 2430 962 Φθιώτας
2458 886 2592 976 [καὶ

210 987 358 1078 del.]
409 990 711 1072 Ἀχαιοὺς
750 990 858 1057 καὶ
899 991 1260 1067 Θεσσαλοὺς
1298 993 1667 1073 ἐπορεύοντο.
1743 991 1910 1059 Haec
1948 993 2165 1059 omnia
2207 991 2592 1061 Plutarchus

207 1113 283 1160 ex
347 1096 491 1183 ipso
553 1096 820 1164 Periclis
883 1095 1359 1184 psephismate,
1433 1096 1606 1184 quod
1677 1095 1845 1185 apud
1909 1098 2247 1166 Craterum
2310 1098 2587 1185 legerat,

209 1198 501 1269 hausisse
571 1201 846 1270 videtur.
943 1202 1067 1270 Res
1132 1205 1270 1291 ipsa
1339 1203 1584 1270 exitum
1659 1204 1908 1271 nullum
1981 1203 2205 1271 hahuit
2273 1203 2588 1271 Lacedae·

206 1308 441 1374 moniis
519 1306 685 1374 clam
769 1307 1297 1387 adversantihuS,
1381 1309 1665 1393 ἐπράχθη
1750 1310 1816 1376 δὲ
1879 1311 2043 1377 οὐδὲν
2114 1311 2246 1378 οὐδὲ
2300 1312 2587 1388 συνῆλθον

208 1416 270 1480 αι’
310 1415 530 1488 πόλεις
591 1415 1093 1494 Λακεδαιμονίων
1156 1416 1734 1483 ὑπεναντιωθέντων.
1832 1416 2057 1503 Itaque
2122 1414 2581 1484 historicorum

207 1520 531 1586 neminem
577 1520 950 1587 existimare
989 1520 1141 1588 licet
1188 1542 1365 1601 rem,
1417 1541 1580 1608 quae
1620 1520 1864 1587 l'rustra
1899 1521 2134 1601 luerit,
2183 1529 2315 1588 tam
2358 1521 2583 1589 multis

208 1625 413 1691 verbis
480 1626 655 1692 κατὰ
722 1626 795 1693 τὸ
855 1627 1368 1710 λεπτομερές-ερον
1434 1635 1892 1694 enarraturum
1965 1626 2162 1694 luisse
2226 1647 2373 1694 cum
2445 1636 2579 1694 tam

203 1728 496 1818 diligenti
568 1732 931 1799 civitatium
1008 1732 1398 1801 Graecarum
1473 1735 1959 1800 enumeratione
2029 1741 2094 1799 et
2157 1731 2443 1799 locorum
2514 1741 2580 1800 et

200 1836 505 1906 itinerum
577 1837 1034 1926 descriptione.
1135 1839 1552 1917 Plutarchus,
1617 1840 1731 1927 qui
1805 1837 1866 1904 id
1943 1839 2150 1925 magis
2212 1837 2440 1924 agebat
2508 1846 2580 1905 ut

201 1943 462 2011 Periclis
526 1954 825 2012 naturam
888 1953 953 2011 et
1015 1945 1346 2031 ingenium
1414 1953 1479 2012 et
1526 1944 1720 2011 altam
1774 1943 2048 2010 indolem
2096 1946 2162 2010 in
2211 1943 2385 2010 clara
2433 1942 2577 2011 luce

199 2057 459 2136 poneret
508 2069 719 2137 quam·
755 2058 826 2115 ut
867 2069 969 2115 res
1000 2049 1080 2116 ah
1117 2059 1452 2137 eggestas
1501 2070 1649 2116 cum
1693 2069 1849 2116 cura
1891 2058 2259 2127 enarraret,
2296 2049 2576 2136 arripuit

194 2152 300 2222 hoc
369 2165 436 2221 et
506 2155 829 2241 copiosius
907 2157 1236 2243 exposuit,
1310 2165 1382 2223 ut
1452 2175 1646 2243 quam
1720 2154 1881 2221 altos
1952 2155 2225 2241 spiritus
2300 2154 2573 2222 Pericles

192 2263 459 2345 gesserit
512 2269 578 2327 et
625 2270 864 2346 quanta
917 2262 984 2326 iu
1035 2260 1140 2327 illo
1189 2262 1324 2328 viro
1371 2260 1748 2348 magnitudo
1788 2261 1991 2327 animi
2041 2258 2238 2327 fuerit
2285 2259 2569 2327 luculen-

194 2373 280 2433 ter
351 2375 724 2453 appareret.
794 2372 973 2434 τοῦτο
1034 2368 1149 2448 μὲν
1211 2365 1307 2434 οὖν
1376 2367 1763 2450 παρεθέμην,
1834 2367 2080 2453 inquit,
2128 2366 2567 2447 ἐνδεικνύμενος

188 2473 370 2539 αὐτοῦ
401 2474 479 2539 τὸ
517 2470 808 2557 Φρόνημα
846 2474 952 2540 καὶ
991 2476 1103 2550 τὴν
1132 2472 1709 2556 μεγαλοφροσύνην.
1787 2473 1916 2540 Hoc
1949 2474 2120 2540 enim
2160 2482 2311 2540 unte
2350 2472 2565 2540 omnia

190 2576 573 2645 Plutarchus
615 2579 843 2665 agebat
891 2581 958 2646 οὔ
1002 2581 1115 2657 τὴν
1158 2579 1429 2663 ἄχρηςον
1476 2579 1752 2661 ἀθροίζων
1791 2580 2020 2662 ἱςορίαν
2057 2580 2235 2647 ἀλλὰ
2275 2581 2387 2657 την
2418 2581 2564 2663 πρὸς

190 2684 554 2761 κατανόησιν
601 2685 769 2762 ἤθους
817 2685 922 2752 καὶ
968 2686 1189 2768 τρόπου
1229 2686 1634 2768 παραδιδούς,
1687 2694 1757 2752 ut
1795 2686 2024 2753 scribit
2070 2686 2136 2751 in
2179 2686 2306 2751 vita
2344 2683 2565 2751 Niciae

189 2807 314 2876 cap.
364 2790 398 2857 1
447 2790 572 2856 sub
625 2790 839 2858 linem.
935 2791 1154 2878 Ipsum
1203 2793 1470 2859 verbum
1519 2790 1867 2873 παρεθέμην
1908 2790 2146 2858 indicio
2184 2799 2282 2857 est
2324 2788 2563 2856 descri-

189 2903 282 2979 pta
329 2916 478 2963 esse
529 2895 686 2962 haec
724 2915 802 2962 ex
843 2897 1110 2984 antiquo
1150 2898 1502 2985 scriptore,
1551 2899 1740 2964 cuius
1780 2896 1967 2962 fidem
2009 2905 2074 2963 et
2107 2895 2560 2962 auctoritatem

195 2998 574 3068 Plutarchus
607 3011 1023 3088 sequeretur,
1055 3004 1244 3069 cuius
1279 3002 1650 3069 testimonio
1689 3010 2012 3078 uteretur,
2057 3010 2126 3068 ut
2165 3009 2265 3067 est
2289 2998 2557 3066 verbum

190 3109 563 3189 παραθέσθαι
626 3106 692 3171 in
746 3106 1244 3174 auctoritatibus
1291 3106 1633 3174 afferendis
1680 3108 2016 3174 usitatum.
2113 3106 2311 3172 Cuius
2358 3105 2563 3192 igitur

191 3213 634 3279 auctoritatem
686 3212 749 3277 in
799 3231 873 3278 ea
921 3232 989 3278 re
1039 3212 1269 3280 melius
1305 3213 1487 3300 sequi
1528 3214 1735 3301 potuit
1774 3231 1968 3299 quam
2010 3212 2216 3298 ipsius
2267 3210 2560 3290 PericliS,

195 3318 367 3384 cuius
434 3337 589 3385 eum
665 3318 1063 3400 ψηφίσματα
1127 3319 1189 3384 in
1254 3318 1555 3385 manibus
1616 3316 1914 3384 hahuisse
1960 3316 2254 3384 constet?
2332 3316 2563 3404 Relege

197 3419 341 3487 mihi
388 3421 468 3488 ad
520 3421 687 3488 hanc
754 3422 958 3491 lucem
1024 3424 1215 3491 verba
1280 3421 1652 3501 Plutarchi,
1714 3430 1779 3489 et
1828 3443 1950 3489 non
2003 3422 2352 3490 dubitabis.
2447 3421 2563 3488 Est

199 3537 396 3594 autem
447 3526 624 3593 aliud
676 3527 1093 3596 Plutarchum
1140 3528 1368 3596 audire
1415 3531 1554 3596 suis
1602 3527 1815 3594 verbis
1861 3528 2103 3615 aliquid
2155 3534 2564 3604 narrantem,

199 3629 357 3699 aliud
405 3636 615 3721 ipsius
664 3633 932 3701 Periclis
978 3654 1198 3701 vocem
1247 3633 1474 3701 audire
1520 3637 1833 3718 ψήφισμα
1883 3635 1946 3699 ἰιι
1989 3635 2296 3700 concione
2333 3631 2563 3719 populo

201 3738 541 3806 recitanti&
597 3739 940 3806 Perlucent
980 3738 1214 3827 ubique
1242 3742 1378 3827 ipsa
1410 3740 1607 3808 verba
1639 3760 1717 3807 ex
1749 3739 2183 3828 psephismate
2211 3737 2565 3825 descripta,

203 3851 265 3906 ut
324 3842 456 3912 l'ere
517 3845 634 3912 tihi
704 3846 915 3932 ipsum
978 3848 1321 3932 antiquum
1389 3844 1849 3912 documentum
1913 3844 1992 3910 oh
2055 3843 2272 3911 oculos
2332 3842 2566 3912 hahere

205 3946 506 4018 videaris:
568 3950 789 4028 Ἔδοξε
854 3961 933 4035 τῇ
993 3952 1192 4037 βουλῇ
1243 3952 1347 4018 καὶ
1396 3953 1484 4034 τῷ
1532 3954 1703 4034 δήμῳ
1741 3990 1831 4002 --
1867 3959 2166 4031 Περικλῆς
2216 3951 2566 4018 Ξανθίππου

206 4057 544 4137 Χολαργεὺς
609 4053 782 4123 εἶπεν
802 4080 817 4096 ·
868 4095 955 4108 --
1009 4058 1253 4132 πάντας
1312 4060 1632 4134 Ἕλληνας
1702 4064 2092 4139 παρακαλεῖν
2157 4055 2265 4123 καὶ
2336 4056 2565 4139 μικραν

205 4157 366 4226 πόλιν
410 4161 514 4227 καὶ
563 4162 859 4242 μεγάλην
903 4163 1174 4244 πέμπειν
1226 4163 1527 4247 Ἀθήναζε
1575 4162 1787 4236 οἵτινες
1830 4162 2269 4243 βουλεύσονται
2317 4142 2456 4242 περί
2490 4186 2563 4228 τε

204 4268 305 4328 τῶν
344 4269 711 4343 Ἑλληνικῶν
752 4271 915 4350 ἱερῶν
954 4266 998 4335 ἃ
1040 4269 1439 4351 κατέπρησαν
1479 4273 1527 4335 οὶ
1567 4268 1875 4350 βάρβαροι
1916 4267 2045 4333 κτὲ.
2071 4273 2136 4333 et
2161 4274 2302 4355 post
2327 4286 2557 4354 pauca:

206 4367 460 4448 πέμπειν
517 4374 579 4440 δὲ
631 4373 856 4458 ἄνδρας
902 4374 1084 4442 εἴκοσι
1141 4381 1260 4441 τῶν
1321 4377 1467 4458 ὑπὲρ
1513 4378 1898 4453 πεντήκοντα
1944 4373 2052 4447 ἔτη
2102 4369 2444 4451 γεγονότων
2489 4366 2567 4437 ὧν

2210 4479 2243 4525 8
