2934 5050
1190 270 1614 319 ramum.
2462 251 2591 337 2¹31

198 438 448 521 ῥεῖθρον
511 440 770 522 ἠπείροιν
828 437 953 521 ὅρον
969 491 988 515 ,
1053 444 1325 509 necdum
1386 444 1648 529 apparet
1709 441 2023 524 quomodo
2086 430 2597 524 interpretandus

197 550 291 612 sit
337 546 527 614 locus
568 549 636 614 in
678 545 901 633 Suppl.
948 567 1042 612 vs.
1094 546 1227 613 544
1273 569 1406 632 sqq.

291 652 496 720 Nunc
540 673 708 719 error
750 652 1015 737 quidam
1061 651 1417 721 Hermanni
1461 651 1777 719 notandus
1821 655 1918 716 est
1934 698 1952 728 ,
2021 655 2133 737 qui
2178 656 2347 718 recte
2394 653 2599 718 obser-

195 761 468 825 vaverit
524 757 983 825 Prometheum
1027 779 1066 824 a
1109 765 1296 845 poeta
1352 762 1419 822 in
1480 756 1751 844 Scythia
1809 757 2042 823 vinciri
2102 756 2210 822 sed
2270 777 2601 843 perperam

197 855 578 932 Caucasum
633 871 827 951 ponat
889 869 1069 930 extra
1127 862 1501 951 Scythiam:
1571 910 1604 939 ‚,
1626 860 1797 942 Quin
1869 861 1956 947 (ΙΙ
2005 860 2163 943 154)
2207 865 2276 928 in
2321 865 2600 929 carmine

199 971 388 1038 chori
434 993 502 1038 v.
551 969 684 1037 422
729 971 1074 1059 distinguit
1110 967 1467 1036 Caucasum
1508 969 1587 1035 ab
1625 988 1699 1034 eo
1737 967 1876 1034 loco
1911 970 1981 1033 in
2019 988 2143 1053 quo
2179 967 2600 1037 Prometheus

200 1083 337 1155 est,
411 1077 694 1163 adeoque
738 1098 802 1141 v.
853 1073 991 1143 ¹720
1034 1075 1495 1143 Prometheum
1540 1074 1679 1141 Ioni
1723 1075 2041 1142 dicentem
2087 1075 2274 1141 facit:
2339 1076 2475 1156 πρὶν
2522 1074 2600 1140 ἂν

199 1185 352 1264 πρὸς
399 1182 597 1248 αὐτὸν
642 1182 967 1247 Καύκασον
1012 1180 1264 1263 μόλης”.
1330 1179 1575 1247 Eodem
1619 1185 2001 1269 argumento
2039 1185 2139 1247 uti
2178 1184 2322 1267 quis
2358 1184 2560 1267 possit
2577 1230 2593 1258 ,

199 1294 279 1355 ut
326 1287 630 1355 ostendat
680 1308 760 1353 ne
797 1286 1137 1375 Scythiam
1172 1286 1434 1373 quidem
1470 1289 1540 1351 in
1577 1307 1762 1352 scena
1800 1292 2334 1373 repraesentatam
2371 1287 2594 1353 fuisse:

202 1394 369 1461 dicit
425 1396 603 1459 enim
657 1392 1079 1459 Prometheus
1121 1414 1185 1460 v.
1236 1389 1367 1459 ¹797
1414 1409 1562 1477 sqq:
1629 1388 1888 1466 Σκύθας
1939 1392 1992 1457 δ’
2038 1392 2257 1476 ἀφίξει
2303 1392 2595 1473 νομάδας.

209 1497 569 1566 videturne
611 1519 796 1585 porro
840 1501 996 1564 satis
1031 1496 1334 1565 credibile
1365 1500 1435 1562 in
1473 1496 1720 1565 duabus
1756 1500 2104 1588 tragoediis
2119 1548 2136 1578 ,
2187 1520 2348 1586 quae
2382 1507 2599 1567 tamen

203 1605 285 1671 ad
346 1604 625 1671 eandem
689 1602 1019 1691 trilogiam
1087 1602 1448 1670 referendae
1513 1611 1696 1683 sunt,
1765 1604 2226 1672 Prometheum
2283 1628 2410 1675 non
2467 1627 2596 1673 uno

206 1709 566 1795 eodemque
606 1707 746 1775 loco
791 1713 982 1794 atque
1027 1708 1234 1776 eidem
1270 1727 1421 1775 saxo
1455 1709 1681 1776 induci
1719 1708 2026 1777 affixum?
2070 1711 2374 1779 Potuitne
2411 1720 2599 1798 poeta

205 1816 274 1880 in
319 1814 579 1881 duabus
624 1814 969 1902 tragoediis
983 1861 1000 1893 ,
1050 1834 1211 1900 quae
1253 1832 1390 1880 sese
1424 1814 1556 1880 fere
1593 1817 1891 1882 continuo
1929 1817 2360 1903 excipiebant,
2391 1816 2595 1884 diver-

207 1940 309 1986 sos
352 1920 568 1987 facere
625 1920 815 1984 Asiae
860 1924 927 1985 et
965 1918 1256 2005 Europae
1319 1916 1518 1987 fines?
1576 1919 1769 1986 Prius
1810 1921 2023 1988 multa
2066 1921 2368 1989 tentanda
2411 1930 2597 1989 erunt

208 2045 407 2111 quam
452 2026 579 2092 hoc
622 2023 973 2091 credamus.

296 2130 730 2219 Inspiciamus
775 2129 1168 2218 Aeschylum
1214 2133 1448 2217 ipsum.
1512 2130 1668 2197 Inde
1713 2153 1752 2198 a
1786 2153 1979 2201 versu
2025 2130 2156 2200 6¹76
2202 2136 2342 2220 ipsa
2385 2142 2598 2204 narrat

210 2237 280 2306 Io
294 2285 314 2316 ,
363 2256 498 2324 qua
538 2237 649 2304 via
690 2235 949 2302 tandem
994 2236 1076 2303 ad
1119 2235 1579 2304 Prometheum
1623 2241 2016 2324 pervenerit:

670 2338 856 2423 ᾖσσον
900 2342 1045 2421 πρὸς
1094 2342 1352 2409 εὔποτόν
1396 2366 1468 2408 τε
1518 2344 1855 2423 Κερχνείας
1902 2344 2026 2427 ῥόος

671 2445 900 2529 Λέρνης
946 2471 1018 2513 τε
1065 2447 1295 2528 κρήνην.

215 2561 402 2641 atque
447 2556 602 2620 hinc
646 2561 767 2631 γῆν
813 2553 925 2634 πρὸ
973 2561 1094 2632 γῆς
1145 2553 1507 2633 ἐλαύνομαι.
1578 2553 1852 2640 Reliqua
1895 2561 2297 2643 persequitur
2340 2559 2597 2626 Prome-

212 2660 395 2727 theus
440 2663 581 2747 ipse
623 2659 772 2725 inde
816 2679 855 2725 a
897 2680 992 2726 vs.
1043 2657 1213 2725 829:

670 2765 801 2831 ἐπεὶ
850 2764 979 2845 γὰρ
1028 2758 1214 2838 ἦλθες
1263 2765 1407 2846 πρὸς
1456 2765 1759 2830 Μολοσσὰ
1807 2765 2065 2843 γάπεδα

670 2871 780 2946 την
823 2870 1163 2937 αἰπύνωτόν
1204 2873 1261 2934 τ’
1309 2870 1483 2951 ἀμφὶ
1532 2870 1823 2943 Δωδώνην
1872 2909 1956 2920 -

676 2972 964 3042 ἐντεῦθεν
1008 2977 1346 3056 οἲςρήσασα
1392 2977 1503 3050 τὴν
1549 2977 1904 3054 παρακτίαν

668 3079 960 3148 κέλευθον
1004 3079 1160 3164 ᾖξας
1207 3083 1350 3162 πρὸς
1396 3080 1609 3160 μέγαν
1655 3081 1878 3146 κόλπον
1927 3080 2104 3154 Ῥέας
2129 3132 2143 3158 ,

666 3189 788 3269 ἀφ’
833 3183 902 3252 οὖ
945 3187 1543 3267 παλιμπλάγκτοισι
1589 3187 1887 3271 χειμάζει
1934 3187 2195 3270 δρόμοις·

669 3292 880 3374 χρόνον
925 3292 987 3358 δὲ
1032 3292 1138 3357 τὸν
1183 3292 1502 3371 μέλλοντα
1549 3292 1787 3365 πόντιος
1833 3294 2037 3375 μυχὸς
2064 3343 2080 3370 ,

669 3403 889 3482 σαφῶς
938 3398 1216 3472 ἔπίςασ’,
1267 3399 1463 3473 Ἰόνιος
1513 3402 1909 3475 κεκλήσεται.

307 3501 635 3583 Quomodo
677 3505 827 3571 hinc
871 3505 952 3571 ad
994 3504 1451 3571 Prometheum
1489 3507 1848 3591 pervenerit
1866 3550 1883 3581 ,
1930 3523 2055 3570 non
2092 3503 2410 3570 indicatur
2426 3551 2443 3582 ,
2482 3505 2591 3570 sed

223 3603 474 3688 deinde,
523 3615 599 3675 ut
641 3608 924 3698 legimus
966 3631 1062 3678 vs.
1114 3609 1244 3677 ¹709
1291 3631 1425 3696 sqq.
1443 3658 1460 3688 ‚
1512 3631 1812 3678 conversa
1858 3610 1937 3676 ad
1984 3612 2292 3675 orientem
2340 3611 2592 3675 accedet

224 3709 300 3774 ad
342 3711 601 3787 Σκύθας
649 3715 926 3793 νομάδας
973 3720 1163 3801 atque
1206 3716 1358 3782 hinc
1403 3715 1667 3782 demum
1712 3715 1793 3781 ad
1836 3715 2117 3781 Pontum
2150 3714 2497 3781 Euxinum.

306 3813 653 3906 Hucusque
700 3820 867 3887 nihil
910 3819 1260 3887 admodum
1304 3821 1648 3886 obscurum
1686 3825 1800 3886 aut
1835 3819 2092 3886 difficile
2128 3808 2256 3898 est}
2306 3821 2591 3887 difficilia

226 3928 366 3986 sunt
406 3945 565 4010 quae
609 3932 992 4012 sequuntur:
1032 3928 1319 4011 primum
1356 3926 1692 3993 videamus
1732 3926 1809 3991 de
1847 3930 2132 3991 extrema
2172 3928 2418 3992 itineris
2450 3946 2589 4012 par-

226 4024 288 4089 *e
305 4072 322 4103 ι
367 4048 526 4113 quae
570 4050 609 4097 a
650 4030 1034 4098 Prometheo
1078 4034 1415 4117 exponitur
1456 4032 1606 4097 inde
1653 4051 1692 4097 a
1734 4053 1827 4098 vs.
1876 4029 2043 4097 ¹792:

159 4124 168 4136 ’
645 4136 864 4202 πόντου
910 4142 1157 4217 περῶσα
1204 4136 1547 4215 Φλοῖσβον,
1599 4136 1658 4205 ἐς
1706 4138 1763 4198 τ’
1808 4135 1885 4199 ἂν
1929 4134 2097 4217 ἐξίκῃ

646 4244 788 4322 πρὸς
837 4243 1165 4324 Γοργόνεια
1212 4243 1397 4308 πεδία
1445 4240 1788 4318 Κισθήνης,
1840 4239 1938 4306 ἵνα
