2934 5050
980 320 1296 368 numnam
1340 321 1414 367 ιτ
1459 321 1766 369 tumtun.
2407 307 2529 371 291

198 502 503 573 reponere,
547 487 951 555 emendatam
1003 496 1221 555 autem
1266 489 1334 553 in
1384 489 1747 574 marginem
1793 487 2117 574 relegare,
2164 498 2427 569 contra,
2475 493 2533 558 si

197 588 590 675 fragmentum
659 591 925 679 aliquod
989 590 1405 680 probabiliter
1465 594 1892 659 constitutum
1941 601 2145 671 esset,
2197 602 2270 661 ut
2313 604 2534 665 tamea

197 693 358 761 valde
400 715 434 761 a
479 696 789 764 librorum
841 698 1228 764 auctoritate
1273 696 1721 774 recederetur,
1768 716 1899 763 uno
1943 704 2165 766 tenore
2211 701 2530 785 scriptum

194 816 423 865 versum
469 802 766 868 vitiosum
811 802 1001 867 initio
1042 801 1364 867 variarum
1410 800 1760 868 lectionum
1801 810 2305 890 repraesentare.
2377 802 2530 891 Spe-

192 903 437 970 randum
473 914 602 983 est,
650 916 762 986 ut,
807 907 864 971 si
905 905 990 971 ad
1028 904 1306 971 Nouium
1348 904 1559 973 editor
1597 908 1982 984 accesserit,
2030 908 2097 974 in
2140 908 2529 995 recipiendis

189 1009 308 1074 suis
362 1011 745 1079 coniecturis
812 1011 1028 1077 minus
1091 1009 1541 1096 periclitetur3
1611 1029 1761 1077 uam
1828 1010 1989 1078 tales
2047 1020 2345 1080 auctores
2400 1032 2529 1079 nou

186 1110 442 1181 eduntur
498 1123 572 1182 ut
631 1113 972 1183 desideriis
1033 1114 1305 1181 satisfiat
1367 1134 1633 1193 eorum,
1695 1117 1806 1202 qui
1871 1134 1999 1182 uno
2043 1124 2267 1185 tenore
2314 1116 2530 1203 legere

188 1218 456 1305 cupiant,
518 1219 633 1289 sed
698 1229 769 1287 ut
826 1240 909 1286 cx
961 1219 1041 1284 iis
1101 1227 1406 1306 tanquam
1455 1239 1534 1288 ex
1589 1221 1978 1289 intemerato
2040 1220 2215 1290 fonte
2277 1222 2530 1290 hauriri

186 1325 393 1407 possit,
436 1324 591 1411 quid
642 1324 753 1392 alii
803 1323 1115 1391 dixerint.

259 1426 472 1495 Lucilii
520 1438 798 1498 aetatem
850 1449 974 1496 non
1022 1426 1329 1495 excedere
1375 1427 1706 1495 saeculum
1750 1448 1808 1496 a.
1853 1427 1926 1496 G.
1969 1429 2364 1509 secundum,
2413 1431 2526 1499 sed

187 1534 478 1601 maturius
515 1535 836 1622 incepisse
860 1584 877 1613 ,
918 1553 1113 1621 quam
1151 1532 1439 1620 plerique
1480 1541 1745 1601 auctore
1772 1534 2163 1624 Hieronymo
2197 1543 2527 1616 statuant,

182 1637 485 1705 verissime
529 1639 720 1706 nohis
764 1638 1054 1706 iudicare
1098 1637 1357 1703 videtur
1403 1637 1745 1705 Muellerus
1790 1659 1857 1725 p.
1909 1644 2064 1706 289.
2156 1639 2318 1708 Nam
2362 1659 2526 1726 quae

182 1748 312 1808 sant
360 1744 423 1810 iu
470 1746 615 1812 eius
661 1744 883 1810 satiris
941 1752 1305 1830 temporum
1373 1751 1597 1819 notae,
1651 1761 1873 1810 omnes
1922 1745 2093 1810 intra
2139 1764 2343 1811 annos
2390 1749 2524 1812 600

179 1850 237 1908 ct
274 1850 398 1915 650
441 1847 690 1916 cadunt
736 1847 1055 1937 (content.
1102 1848 1160 1914 11
1209 1868 1274 1933 p.
1329 1852 1453 1924 76,
1506 1852 1625 1924 79,
1674 1847 1809 1933 ah).
1881 1848 2005 1930 Qui
2043 1857 2259 1916 autem
2302 1855 2370 1915 αθ
2394 1851 2527 1917 606

177 1946 407 2019 demum
471 1973 624 2021 eum
689 1962 913 2019 natum
965 1960 1235 2039 putant,
1304 1951 1736 2018 inextricabili
1801 1972 2018 2020 errore
2078 1953 2522 2039 implicantur.

181 2051 331 2133 Quae
379 2066 604 2124 contra
654 2057 734 2133 de
781 2057 1005 2124 ordine
1054 2056 1366 2122 librorum
1415 2056 1739 2131 editorum
1786 2058 2016 2124 statuit
2063 2058 2181 2135 M„
2228 2077 2302 2125 ea
2350 2056 2528 2125 nulla

183 2156 285 2226 lide
325 2160 514 2249 digna
562 2171 742 2229 suut.
838 2163 1031 2228 Putat
1086 2162 1262 2228 enim
1320 2159 1523 2228 libros
1586 2163 1873 2249 quinque
1920 2169 2277 2249 postremos
2320 2161 2528 2229 editos

180 2280 299 2331 esse
339 2277 490 2334 ante
553 2268 879 2354 reliquos,
943 2265 1139 2354 idque
1194 2276 1491 2333 constare
1548 2287 1622 2333 ex
1685 2265 1787 2332 his
1848 2266 2140 2334 versibus
2186 2267 2232 2337 l.
2285 2266 2522 2336 XXIX.

180 2371 285 2435 212
889 2378 907 2399 ⁸

490 2476 760 2565 Apolost
807 2495 1088 2556 numen,
1135 2478 1242 2564 qui
1296 2485 1361 2544 tc
1408 2477 1695 2564 antiquis
1742 2495 1867 2544 non
1917 2477 2085 2544 sinet

483 2584 744 2651 deliciis
790 2582 1111 2649 maculam
1156 2590 1353 2669 atque
1399 2582 1820 2668 ignominiam
1875 2582 2217 2667 inponere,

177 2682 404 2755 cellatis
447 2707 606 2755 cum
661 2687 797 2754 vlt.
847 2692 921 2753 4:

252 2789 521 2861 huncine
567 2813 693 2880 ego
738 2811 1022 2879 unquam
1074 2791 1437 2881 Hyacinthe
1486 2791 1811 2858 hominem
1857 2790 2381 2877 cortinipotentis

248 2894 486 2966 deliciis
533 2896 884 2966 contendi?

251 2998 478 3089 Nempe
525 3002 818 3074 discidio,
850 3001 1020 3068 lacto
1065 3002 1364 3087 queritur
1409 3000 1731 3077 LuciliuS,
1789 3009 1863 3067 ut
1909 3001 2141 3067 statuit
2189 2998 2306 3077 M„
2356 2998 2525 3085 quod

87 3147 90 3158 ·
177 3104 364 3187 priore
422 3107 566 3176 loeo
631 3107 813 3173 illum
878 3106 1318 3195 Hyacinthum
1379 3123 1532 3172 eum
1599 3103 1848 3171 deliciis
1910 3103 2222 3192 Apollinis
2268 3123 2529 3191 compa.-

178 3222 380 3278 ramt.
477 3213 650 3279 Hinc
706 3220 1182 3298 consequetur,
1245 3230 1322 3278 eo
1382 3209 1633 3294 iudice,
1698 3229 1821 3276 non
1872 3219 1948 3276 ut
1980 3229 2163 3278 uuus
2210 3209 2317 3277 ille
2362 3209 2527 3278 liber

177 3309 277 3381 Vn
318 3317 403 3382 ait
445 3319 739 3405 scriptus
785 3327 929 3404 post
971 3316 1200 3395 XXIX,
1248 3314 1362 3383 sed
1403 3334 1626 3382 omnes
1665 3313 1870 3389 XXV3
1921 3334 2126 3401 neque
2153 3313 2215 3379 id
2242 3323 2522 3392 tantum,

173 3415 268 3482 {ed
311 3429 381 3487 ut
427 3432 653 3489 »certe
699 3423 906 3489 maior
951 3423 1147 3509 pars”
1196 3421 1424 3488 horum
1461 3418 1782 3486 librorum
1832 3438 1999 3487 »non
2052 3419 2139 3485 ita
2168 3419 2393 3486 multis
2414 3439 2525 3488 an-

175 3521 300 3588 uiff‘
345 3536 485 3611 poet
533 3527 1018 3595 XXVI-XXX
1068 3526 1224 3598 editi
1268 3526 1438 3602 sint,
1491 3543 1679 3591 »cum
1729 3525 2187 3592 catamitorum
2231 3522 2348 3590 flos
2372 3542 2523 3609 spa·-

177 3624 252 3690 ῑὶο
309 3633 621 3720 temporis
670 3642 774 3712 sat
816 3635 1054 3718 exiguo
1099 3630 1416 3702 contineri
1466 3627 1735 3696 soleat”.
1830 3627 2148 3714 Equidem
2214 3625 2526 3713 quamdiu

175 3731 374 3800 exoleti
436 3735 750 3803 remediis
797 3736 1105 3803 adhibitis
1152 3736 1554 3801 iuventutem
1604 3752 1759 3820 prae
1802 3753 1871 3799 se
1918 3732 2090 3800 ferre
2136 3732 2386 3818 possint
2430 3733 2528 3817 ig-

178 3849 310 3903 noro
351 3875 441 3892 —-
490 3860 612 3907 nec
659 3843 828 3910 scire
874 3841 971 3908 sas
1016 3849 1115 3908 est
1163 3841 1375 3905 omnia
1422 3862 1556 3917 -3
1623 3837 1782 3904 illud
1830 3838 1999 3914 scio,
2062 3837 2115 3901 si
2146 3843 2388 3901 'verum
2439 3837 2526 3902 sit

175 3943 320 4022 quod
365 3946 669 4031 opinetur
691 3947 772 4013 M.
787 3996 804 4023 ,
854 3946 1191 4033 plerasque
1211 3944 1449 4010 satiras
1475 3943 1862 4028 compositas
1884 3961 2024 4008 esse
2048 3960 2086 4008 a
2109 3960 2261 4008 sene
2284 3951 2347 4007 et
2372 3959 2523 4007 sene

177 4044 508 4133 voluptario
556 4050 853 4136 quidem,
909 4052 1212 4136 quoniam
1260 4046 1572 4133 quaedam
1624 4046 1934 4133 temporis
1978 4054 2166 4114 notae
2214 4054 2361 4111 sunt
2414 4064 2523 4110 an·

178 4165 382 4217 norum
432 4158 565 4221 645
613 4163 676 4220 et
720 4160 883 4232 646,
931 4162 1116 4242 poeta
1165 4160 1380 4219 autern
1430 4158 1497 4216 a⁰
1534 4154 1707 4226 652,
1759 4159 1949 4215 natus
1995 4169 2197 4216 annos
2247 4155 2366 4226 78,
2416 4148 2521 4215 de·

175 4256 373 4323 cessit.
469 4259 553 4323 At
600 4258 747 4325 vide
795 4269 1124 4346 praeterea
1171 4255 1328 4343 quid
1378 4263 1594 4321 sumat
1642 4255 1762 4320 M.:

257 4357 452 4427 Locus
500 4362 729 4431 XXIX.
782 4369 858 4430 21
916 4383 1042 4430 non
1089 4371 1189 4429 est
1239 4367 1607 4446 corruptus,
1677 4358 1772 4447 (ld
1824 4360 2113 4446 precario
2158 4357 2521 4433 statuitur3
