2934 5050
917 311 1003 358 11)
1051 308 1318 358 emonam
1363 307 1811 360 rnomnnonm.
2364 298 2369 303 ’
2473 285 2556 362 97

197 481 456 564 πάσχειν
498 485 876 567 supposuit,-
901 481 1069 566 quod
1105 483 1451 548 sententiae
1488 502 1614 547 non
1650 485 1748 547 est
1785 479 2335 546 accommodatum
2350 527 2369 559 ,
2412 483 2556 566 quis

198 589 356 653 enim
416 587 714 675 prodigos
785 588 961 665 bonis
1028 588 1323 653 omnibus
1382 585 1751 674 abliguritis
1806 592 1972 650 ποιεῖ
2023 582 2268 656 κακῶςῖ
2348 584 2561 652 Nemo

195 691 410 759 hercle.
500 691 628 758 Sed
688 697 753 758 et
797 692 955 758 olim
1009 699 1074 758 et
1133 714 1300 759 nunc
1359 692 1657 756 omnibus
1674 738 1692 768 ‚
1760 694 1871 776 qui
1933 690 2161 758 stolide
2222 710 2370 775 opes
2415 711 2562 757 suas

197 796 672 883 dilapidaverint
685 847 701 876 ,
752 818 876 864 usu
919 800 1100 865 venit
1144 804 1219 863 ut
1261 799 1415 863 male
1458 799 1749 863 esuriant.

447 902 519 967 τὸ
568 908 773 975 καλῶς
822 902 1061 968 ἀκούειν
1107 903 1283 982 ταχὺ
1330 909 1497 968 ποιεῖ
1534 911 1866 969 nelNHN
1912 908 2136 976 κακῶς.

275 1004 535 1094 Saepius
603 1008 996 1074 ostendimus
1056 1006 1315 1074 Stobaei
1374 1005 1638 1074 Codices
1696 1014 1933 1074 scatere
1991 1009 2238 1075 lacunis
2296 1014 2558 1098 ineptis-

194 1114 342 1177 sime
384 1110 674 1199 expletis.
747 1113 917 1193 Quid
953 1134 1025 1180 eo
1063 1113 1486 1180 homuncione
1522 1113 1743 1191 facias,
1780 1116 1891 1199 qui
1922 1117 1993 1179 in
2030 1114 2150 1180 tali
2184 1115 2324 1183 loco
2355 1138 2558 1202 quum

192 1224 533 1304 superesset
569 1228 627 1285 Π
650 1219 962 1283 ****N
1002 1227 1298 1285 ΚΛΚΩΟ
1339 1216 1690 1302 expleverit
1723 1217 1967 1285 scilicet
2011 1224 2264 1287 πᾶσιν
2310 1221 2558 1296 xxxdie?

271 1429 343 1497 In
399 1430 623 1498 Florss.
682 1429 829 1496 XII.
899 1429 1003 1496 13.
1068 1429 1541 1505 ἀληθομυθεύειν
1597 1430 1791 1510 χρεὼν
1843 1425 1993 1496 ὅπου
2038 1431 2247 1508 λώϊον,
2294 1433 2562 1500 barbara

192 1536 384 1603 forma
449 1542 550 1604 est
617 1534 1085 1614 ἀληθομυθεύειν
1103 1584 1122 1613 ,
1193 1532 1437 1601 Graeca
1504 1540 1603 1600 est
1659 1540 1726 1601 et
1782 1534 2006 1602 Jonica
2078 1538 2557 1617 ἀληθομυθΕειν.

190 1640 380 1708 Multi
424 1662 667 1708 errores
710 1642 861 1707 huic
906 1639 1151 1706 similes
1195 1641 1264 1704 in
1308 1640 1721 1725 scriptoribus
1761 1640 1802 1706 J
1804 1643 2002 1707 onicis
2025 1645 2352 1709 commissi
2388 1652 2557 1711 sunt.

191 1746 367 1832 Apud
424 1746 829 1813 Herodotum
888 1746 971 1811 Π.
1041 1743 1190 1810 123.
1238 1765 1568 1830 perperam
1629 1746 1841 1811 editur
1897 1748 2386 1827 ἀρχηγετΕΤειν
2443 1771 2559 1834 pro

190 1854 658 1933 ἀρχηγετΕειν,
707 1858 773 1918 et
815 1851 956 1917 VII.
1003 1849 1067 1917 8.
1115 1849 1213 1918 ἵνα
1255 1851 1318 1916 δὲ
1356 1852 1445 1927 μὴ
1484 1850 1956 1929 ἱδιοβουλΕΤειν
1998 1853 2140 1931 ὑμῖν
2178 1852 2360 1920 δοκέω
2384 1903 2403 1933 ,
2443 1856 2559 1921 ubi

191 1975 330 2022 vera
388 1958 707 2042 scriptura
760 1954 1176 2036 ἰδιοβουλΕειν
1230 1960 1327 2021 est
1383 1957 1452 2020 in
1512 1959 1756 2041 optimo
1815 1955 1981 2024 libro
2034 1957 2096 2022 R
2112 2004 2130 2034 ,
2194 1960 2304 2025 sed
2349 1961 2561 2027 incon·

190 2061 347 2128 sulto
410 2064 753 2148 spernitur.
847 2061 922 2128 In
987 2062 1091 2127 his
1157 2065 1331 2127 certa
1387 2067 1452 2127 et
1511 2067 1801 2127 constans
1856 2062 2152 2151 analogia
2209 2063 2561 2132 sublestam

191 2161 491 2233 Codicum
536 2165 729 2233 fidem
774 2166 1121 2254 redarguit.
1217 2164 1542 2251 Quidquid
1589 2167 2051 2233 adiectivorum
2072 2173 2193 2234 ‘est
2236 2172 2305 2234 in
2343 2173 2559 2248 -μυθος

192 2275 394 2338 omnia
444 2273 686 2339 habent
742 2273 1016 2340 verbum
1076 2274 1145 2336 in
1205 2272 1478 2348 -μυθεῖν,
1547 2271 1875 2353 ἐχεμυθεῖν
1892 2322 1910 2348 ,
1974 2274 2379 2351 εἲκαιομυθεῖν
2440 2283 2560 2343 cet.

190 2374 274 2442 Ut
327 2399 405 2444 ex
462 2377 805 2456 κυνηγέτης
865 2380 1151 2444 nascitur
1193 2383 1552 2453 κυνηγετεῖν
1596 2378 1688 2442 sic
1731 2377 2112 2458 ἀρχηγετεῖν
2156 2402 2235 2446 ex
2278 2381 2561 2463 ἀρχηγέ-

191 2504 309 2558 της.
393 2483 487 2550 Ut
545 2480 815 2562 ἄβουλος
878 2482 1071 2549 habet
1128 2481 1424 2562 ἀβουλεῖν
1443 2532 1460 2560 ,
1523 2484 1615 2547 sic
1660 2480 1994 2561 ἱδιόβουλος
2040 2485 2431 2565 ἶδιοβουλεῖν,
2477 2490 2559 2554 si-

190 2587 550 2675 militerque
591 2591 660 2654 in
703 2591 985 2655 caeteris.

269 2692 578 2761 Eiusdem
627 2694 866 2759 farinae
911 2699 1008 2760 est
1051 2694 1258 2760 forma
1300 2693 1749 2763 ἕτιςατεύοντα
1795 2701 1862 2762 et
1884 2695 2293 2774 ,ἔπιςατεύειν
2338 2698 2559 2766 Floril.

193 2795 303 2875 45,
362 2797 471 2865 28.
538 2819 652 2885 pro
701 2797 1110 2868 ἔπιςατέοντα
1156 2805 1222 2866 et
1267 2799 1652 2875 ἐπιςατέειν,
1701 2805 1776 2865 ut
1821 2811 2210 2882 παραςατεῖν
2230 2852 2247 2881 ,
2305 2826 2557 2880 συμπα-

191 2912 495 2981 ραςατεῖν,
562 2913 891 2985 προςατεῖν
908 2954 925 2980 ,
988 2905 1363 2974 ἀντιςατεῖν.
1458 2905 1943 2972 Eiusdemmodi
2001 2908 2233 2973 menda
2289 2908 2559 2974 Dindor·

191 3004 300 3073 fius
347 3012 418 3075 in
480 3009 578 3075 St.
640 3009 825 3076 Thes.
886 3009 1198 3076 indicavit
1258 3010 1626 3093 ἐπιφοιτεύω
1648 3058 1667 3087 ,
1732 3010 2076 3091 ἐγκυρσεύω
2097 3060 2115 3089 ,
2164 3012 2554 3094 ἕπιφρονεύω.

192 3109 347 3191 Quid
412 3117 713 3182 vitiosius
771 3135 906 3181 esse
965 3116 1166 3200 possit
1223 3136 1418 3200 quam
1477 3113 1743 3194 Φρονεύω
1807 3137 1956 3181 cum
2017 3119 2383 3203 compositis
2442 3139 2556 3206 pro

190 3217 414 3297 Φρονῶῗ
506 3220 779 3286 Perinde
823 3220 1200 3286 mendosum
1245 3227 1342 3286 est
1390 3219 1559 3298 115,
1607 3217 1717 3286 27.
1764 3221 2283 3300 ςαθμΕΤόμενος.

270 3429 656 3496 Notavimus
713 3450 903 3516 supra
958 3438 1102 3495 ΚΑΙ
1164 3432 1233 3495 in
1292 3428 1551 3497 Stobaei
1595 3430 1777 3497 libris
1822 3423 2060 3517 passim
2105 3434 2319 3520 inepte
2363 3437 2558 3501 abun-

192 3532 357 3612 dare,
403 3534 517 3600 sed
559 3554 874 3619 nusquam
916 3536 1196 3619 ineptius
1239 3536 1495 3621 irrepsit
1537 3556 1731 3621 quam
1768 3535 2002 3601 xvm.
2051 3535 2156 3602 38.
2196 3560 2342 3626 pag.
2384 3539 2517 3605 298
2536 3589 2553 3618 ,

194 3634 290 3703 30.
345 3638 501 3721 ζωῆς
548 3648 692 3705 ΚΑΙ
738 3638 1074 3720 φάρμακον
1120 3642 1155 3716 ἦ
1200 3639 1394 3722 τροφὲ
1443 3641 1528 3721 τῷ
1573 3641 1854 3722 ἀνθρώπῳ
1882 3641 2048 3711 ’ἐς-ἰν.
2142 3642 2379 3709 Nullus
2423 3664 2559 3709 om-

191 3743 330 3809 nino
374 3744 639 3830 copulae
697 3742 874 3810 locus
917 3750 1031 3810 est.
1083 3744 1235 3825 ζωῆς
1284 3743 1622 3827 φάρμακόν
1668 3746 1761 3815 ἕςι
1807 3745 2042 3812 dicitur
2083 3753 2233 3814 noto
2276 3769 2398 3814 usu
2443 3769 2563 3834 pro

194 3845 292 3925 ζῆν
334 3856 536 3925 ποιεῖ,
587 3850 656 3914 τὸ
702 3848 809 3931 ζῆν
856 3846 1349 3930 παρασκευάζει,
1399 3857 1475 3916 ut
1519 3850 1688 3934 apud
1732 3847 2101 3917 Comicum:

724 3954 752 4018 ὂ
800 3953 983 4032 λιμός
1028 3956 1152 4024 ἐςιν
1193 3955 1542 4026 ἀθανασίας
1585 3953 1958 4037 φάρμακον,

195 4056 254 4119 id
287 4064 381 4123 est
416 4060 445 4124 ὃ
488 4061 666 4138 λιμὸς
698 4058 1044 4134 ἀθανάτους
1080 4068 1273 4125 ποιεῖ.
1313 4060 1484 4141 Quid
1521 4066 1616 4125 est
1640 4062 1707 4124 in
1730 4060 1832 4125 his
1854 4062 2117 4129 voculae
2141 4064 2250 4132 καί
2270 4063 2557 4152 negotii?

275 4268 520 4337 Iterum
564 4272 1078 4358 interpolatorem
1123 4273 1539 4338 manifestum
1586 4278 1875 4339 tenemus
1919 4273 2066 4340 XX.
2120 4274 2223 4340 13.

726 4378 909 4458 ὀργῆς
957 4377 1245 4456 ματαίας
1292 4378 1442 4444 siche
1491 4375 1670 4443 αἴτιοι
1716 4378 1910 4458 λόγοι.

2281 4486 2311 4537 7
