2934 5050
952 306 1262 356 ιυοιιιιιιυ
1315 304 1389 354 er
1437 305 1744 355 tumtun.
2411 288 2546 354 265

180 496 294 544 non
357 476 749 564 pauperitiae
799 475 1018 545 Samio
1064 486 1379 564 curtoque
1425 478 1664 543 catino.
1762 476 1840 542 Μ.
1890 474 2142 542 Tullius
2188 474 2267 544 de
2316 495 2386 541 re
2432 494 2550 562 pu·

178 579 329 648 blica
388 581 494 648 lib.
564 581 692 648 111:
746 591 813 649 et
863 603 986 650 non
1037 603 1282 671 pauper
1331 583 1426 650 uti
1470 584 1719 662 eratin,
1768 590 1835 648 et
1882 582 1950 647 in
1999 580 2109 648 lib.
2159 582 2283 648 Ἧι
2336 579 2549 658 Laeli,

175 706 358 774 quam
408 707 631 755 omnes
682 686 993 755 habemus
1044 691 1109 755 in
1160 687 1530 756 manibus?

256 793 471 861 Priore
519 792 657 860 loeo
707 792 915 861 Leid.:
970 803 1068 861 »et
1106 817 1228 861 non
1260 794 1741 884 pauperitiae”,
1782 792 2016 860 altero:
2061 811 2345 880 »pauper
2380 791 2546 857 rutia

177 899 410 977 ratio”,
471 919 644 966 eorr.
696 901 762 965 in
812 901 980 967 »ictio
1027 902 1263 968 τοῦθ’.
1357 900 1641 966 Litterae
1692 901 1758 965 in
1811 898 1954 967 eod.
2006 900 2143 987 ipso
2190 896 2547 965 subductae

173 1015 317 1071 suut
365 1016 435 1072 ut
486 1006 871 1074 indicatum.
1848 1028 1854 1035 ·

255 1110 366 1177 Illa
415 1122 519 1179 -et
565 1131 694 1178 non
748 1112 1189 1199 pauperitiae”
1240 1120 1306 1179 et
1355 1121 1457 1179 »et
1512 1132 1635 1178 non
1688 1131 1932 1199 pauper
1979 1111 2121 1177 uti''
2167 1130 2284 1176 nee
2317 1108 2550 1175 Lucilii

176 1224 317 1282 sunt
359 1237 475 1284 uec
523 1219 888 1296 Ciceronis,
939 1218 1052 1285 sed
1100 1219 1328 1296 Nouii,
1379 1218 1540 1286 loeis
1584 1216 1813 1285 alienis
1856 1218 2099 1284 inserta
2139 1225 2205 1283 et
2244 1223 2550 1303 corrupta

175 1341 244 1388 ex
302 1332 360 1389 et
417 1336 565 1390 nota
623 1324 1033 1413 pauperitiae.
1133 1325 1380 1408 Quibus
1440 1347 1516 1393 eo
1574 1324 1743 1392 uude
1788 1324 2177 1391 aberrarunt
2229 1322 2552 1390 restitutis

175 1425 318 1496 baec
364 1429 575 1498 forma
624 1431 747 1498 loci
795 1431 1060 1498 existit:

256 1534 592 1603 »Samium
633 1547 731 1603 est
773 1545 1045 1603 testeum
1089 1546 1154 1605 et
1195 1546 1346 1605 nota
1385 1538 1804 1626 pauperitiae.
1879 1539 2038 1605 Luc.
2065 1535 2200 1604 Sat.
2230 1534 2337 1603 lib.
2368 1533 2550 1602 xm:

175 1637 379 1707 Samio
441 1650 765 1730 eurtoque
823 1643 1057 1709 catino.
1154 1644 1235 1710 M.
1287 1643 1539 1710 Tullius
1587 1643 1664 1710 de
1713 1664 1784 1710 re
1833 1642 2086 1730 publiea
2138 1640 2245 1708 lib.
2297 1640 2388 1707 111
2438 1691 2454 1707 .
2485 1690 2501 1707 .
2535 1691 2551 1708 .

174 1754 232 1811 et
271 1747 335 1812 iu
386 1747 500 1815 lib.
556 1748 679 1815 VI:
732 1751 940 1815 oratio
986 1748 1198 1829 Laeli,
1243 1770 1437 1837 quam
1481 1769 1704 1817 omnes
1731 1748 2041 1816 babemus
2069 1750 2131 1814 in
2171 1745 2551 1814 manibus.”

256 1853 408 1921 Nam
476 1854 679 1921 oratio
738 1874 774 1921 a
833 1854 972 1922 loco
1034 1875 1150 1920 suo
1194 1855 1530 1923 aberrasse
1583 1856 1649 1921 in
1698 1857 1917 1943 aprico
1962 1863 2081 1921 est.
2179 1851 2283 1920 Gl'.
2335 1851 2548 1919 Halm.

179 1958 232 2025 in
281 1959 416 2027 Cic.
467 1958 573 2027 ed.
631 1961 787 2048 [lep.
833 1960 941 2027 vt.
992 1965 1056 2028 2.
1153 1962 1379 2048 ltaque
1428 1982 1543 2048 pro
1590 1960 1726 2027 his:

254 2074 315 2133 et
358 2086 530 2144 non,
581 2086 830 2154 pauper
876 2066 1014 2148 uti,
1066 2066 1283 2134 Samio
1328 2066 1645 2154 eurto'que
1692 2066 1908 2134 catino

176 2169 522 2261 babemusz

261 2305 641 2333 -------
694 2276 912 2397 §amin
958 2289 1274 2368 eurtoque
1322 2280 1565 2347 catino.

258 2385 342 2453 lb.
399 2392 466 2455 6.
505 2410 1054 2439 νννννννννν
1109 2386 1268 2454 Nam
1319 2385 1676 2473 sumptibu’
1724 2386 1978 2472 magnis
2104 2434 2113 2439 -

257 2501 632 2562 extructam
679 2492 980 2580 ampliter
1028 2500 1311 2581 atque..
1343 2544 1358 2561 .
1411 2492 2062 2560 cum·aeeun1bimus
2096 2473 2426 2559 iliensium.

259 2600 402 2668 Post
468 2609 661 2687 atque
718 2599 1102 2667 vocabulum
1168 2598 1487 2667 excidisse
1556 2598 2017 2666 animadvertit
2067 2597 2324 2684 Haupt„
2374 2595 2558 2664 obss,

183 2722 238 2790 p.
308 2710 414 2774 45.
536 2704 862 2772 blueller.:
936 2717 1096 2793 apte.
1179 2704 1432 2773 Malim:
1512 2716 1762 2800 ignotam
1826 2703 1996 2791 quod
2044 2711 2193 2769 ante
2252 2701 2359 2768 itta
2416 2724 2559 2769 eum

180 2809 253 2875 ad
326 2811 522 2879 facile
591 2811 798 2899 potuit
872 2810 1193 2880 excidere.
1309 2810 1484 2879 Idem
1555 2810 1946 2892 Quioberato
2018 2808 2267 2896 placere
2338 2817 2556 2895 postea

181 2915 628 2984 animadverti.

261 3021 422 3091 xlv.
473 3028 559 3090 6:
611 3022 753 3089 Non
805 3024 1030 3110 paucis
1079 3022 1268 3090 malle
1317 3045 1352 3090 a
1398 3023 1797 3111 sapientibus
1844 3042 1985 3089 esse
2039 3021 2376 3109 probatum

579 3127 617 3205 ἢ
665 3134 855 3196 πᾶσιν
903 3129 1173 3197 νεκύεσσι
1225 3129 1775 3211 καταφθιμένοισιν
1822 3129 2152 3196 ἀνάσσεινῐ

262 3234 443 3302 Nulla
504 3254 707 3303 causa
754 3244 853 3302 est
903 3255 1022 3302 cur
1070 3257 1186 3317 ac,
1239 3235 1409 3323 quod
1460 3256 1576 3323 pro
1619 3258 1659 3303 a
1706 3236 1772 3302 in
1821 3234 2005 3303 codd.
2056 3243 2190 3314 est,
2240 3243 2565 3316 mutetur,

184 3359 318 3409 eum
367 3349 680 3409 constans
725 3361 929 3429 paene
980 3362 1137 3409 usus
1175 3341 1457 3430 postulet
1493 3342 1749 3430 probari
1786 3340 2016 3419 alicui,
2056 3361 2182 3407 non
2222 3341 2564 3432 abaliquo,

186 3454 241 3512 et
296 3455 474 3515 recte
539 3446 804 3514 dicatur
845 3449 1039 3533 panici
1083 3471 1157 3515 ac
1206 3449 1553 3537 sapientes,
1603 3456 1674 3514 ut
1720 3448 1917 3527 ὀλίγοι
1963 3465 2036 3514 τε
2081 3449 2255 3531 φίλοι
2300 3472 2395 3514 τε.
2490 3447 2563 3515 In

185 3550 248 3618 G.
290 3563 351 3622 et
400 3552 587 3621 Harl.
640 3572 806 3620 corr.
846 3563 944 3621 est
984 3555 1194 3639 male‚j
1229 3555 1293 3621 in
1338 3554 1758 3641 sequentibus
1795 3575 1869 3621 ac
1907 3554 1962 3619 si
2004 3555 2383 3642 sapientibus
2420 3554 2564 3621 Par.

187 3653 228 3720 B
268 3669 327 3726 et
367 3657 456 3737 G,
507 3656 686 3725 Harl.
735 3679 772 3726 a
810 3678 906 3746 pr.
956 3679 1070 3739 ιιι..
1123 3659 1295 3727 Leid.
1340 3680 1539 3741 corr„
1591 3682 1664 3728 ae
1701 3659 2141 3747 sasipientibus
2182 3658 2357 3726 Leid.
2399 3678 2437 3726 a
2463 3678 2565 3746 pr.

189 3779 286 3839 ιιι,
331 3773 396 3831 et
459 3764 582 3831 hoe
649 3763 850 3831 voluit
916 3763 1186 3833 lortasse
1247 3776 1579 3836 corrector
1645 3766 1854 3833 ΗΜΛ
1912 3787 1985 3833 ac
2046 3787 2116 3831 sa
2186 3765 2571 3852 sapientibus

192 3869 492 3937 scribente.
611 3866 836 3936 Obiter
920 3870 1362 3938 eitimadverto
1451 3871 1554 3938 bic
1637 3893 1891 3960 quoque
1960 3870 2227 3939 alteram
2304 3890 2565 3937 manum

191 3970 504 4042 flarleiani
572 3976 917 4043 convenire
979 3996 1131 4044 cum
1197 3978 1408 4066 prima
1468 3976 1800 4046 Leidensis
1847 3987 1910 4046 et
1956 3986 2207 4044 contra.
2302 3974 2467 4043 Illud
2515 3975 2572 4042 si

187 4078 272 4147 cie
315 4079 590 4148 fortasse
635 4082 933 4149 exstitit:

454 4206 623 4254 »non
674 4188 898 4274 paucis
948 4170 1114 4257 male!
1160 4208 1234 4257 ae
1282 4188 1726 4279 sapientibus’'

191 4288 214 4352 ἰ
253 4292 414 4363 male
460 4292 543 4362 ad
589 4295 974 4381 sapientibus
1022 4294 1299 4364 relatum
1351 4295 1511 4362 illud
1566 4303 1929 4364 monstrum
1975 4294 2415 4384 susipientibus
2460 4312 2567 4382 pe-

196 4398 373 4480 perit.
452 4399 681 4487 ltaque
728 4400 853 4488 legi
904 4403 1145 4490 petest:
