2934 5050
1006 302 1317 350 cocitum
1373 302 1447 348 nr
1494 302 1802 350 cucuma,
2294 326 2308 338 .
2462 280 2600 346 263

224 482 682 548 memorarem,
749 465 875 536 nisi
941 488 1115 537 nunc
1176 490 1253 538 ex
1313 468 1598 538 editione
1659 464 2035 553 Quicberati
2092 468 2377 535 viderem
2419 465 2591 533 idem

220 568 460 661 euyeto
501 593 578 640 ex
629 583 807 660 parte
855 573 1196 663 placuisse.
1260 576 1391 643 Hoc
1430 595 1639 661 genus
1677 576 2117 664 corruptelae,
2151 573 2321 662 quod
2362 582 2590 640 natum

218 684 310 743 est
365 697 445 744 ex
505 679 813 747 vocabulo
872 681 1113 748 iniuria
1178 680 1278 748 bis
1339 681 1545 767 posito
1592 700 1718 747 non
1767 680 2113 747 admittere
2163 678 2418 746 videtur
2464 676 2588 755 M„

213 790 278 849 et
337 791 549 851 tamen
612 796 766 854 sunt
813 786 1130 874 quaedam
1179 786 1448 854 minime
1495 785 1714 854 dubia.
1813 787 2041 874 ltaque
2090 784 2292 854 multo
2342 784 2584 852 maiore

213 907 362 957 cum
405 894 764 960 mutatione
811 891 1075 960 scribit:

1613 998 1830 1066 labora

519 1102 805 1184 discere,
851 1124 933 1173 ne
983 1114 1046 1173 te
1091 1124 1199 1172 res
1249 1105 1386 1191 ipsa
1432 1124 1509 1171 ac
1560 1105 1725 1173 ratio
1770 1105 1911 1192 ipsa
1959 1102 2231 1173 refellat.

293 1207 493 1276 Paulo
565 1219 710 1298 post
790 1217 917 1289 47,
966 1216 1048 1279 77
1118 1209 1492 1288 »scaberat‚
1555 1221 1631 1277 ut
1690 1231 1925 1299 porcus
1985 1210 2286 1278 contritis
2348 1207 2586 1277 arbori’

207 1314 443 1381 costis”
509 1317 881 1403 suspicarer
943 1315 1327 1406 typographi
1388 1317 1622 1383 vitium
1692 1318 1817 1384 nisi
1863 1318 1927 1383 in
1976 1316 2392 1383 annotatione
2437 1314 2587 1380 crit.

209 1419 441 1490 diserte
500 1421 738 1490 arbor?
805 1443 920 1511 pro
979 1423 1201 1490 arbore
1261 1442 1299 1489 a
1362 1442 1431 1491 se
1496 1423 1848 1511 repositum
1896 1422 2141 1492 diceret
2187 1422 2268 1490 Μ.
2362 1422 2591 1507 ltaque

210 1535 414 1594 costae
462 1527 720 1595 arboris
767 1529 970 1596 sunt?

293 1633 370 1701 X.
420 1638 489 1700 2.
542 1632 790 1702 Nonius
839 1658 900 1721 p.
937 1638 1092 1701 219.
1140 1639 1254 1702 10:
1301 1634 1565 1721 »pigror
1587 1638 1844 1722 generis
1869 1634 2234 1703 masculini.
2304 1631 2593 1700 Lucilius

214 1737 637 1807 »Saturarum
688 1738 797 1809 lib.
825 1740 848 1807 l
858 1739 940 1807 X:
986 1739 1303 1826 »languor
1325 1740 1728 1828 obressitque
1751 1741 1977 1827 pigror
1993 1792 2013 1818 ,
2038 1750 2384 1827 torporque
2409 1740 2591 1825 qnie-

209 1843 401 1913 2tis'’.
478 1844 712 1913 Pulcre
759 1847 839 1913 Μ.
888 1866 966 1913 ex
1015 1845 1268 1934 quietis,
1322 1846 1468 1914 Par.
1522 1857 1657 1913 ant.
1709 1855 1774 1914 et
1837 1846 1907 1914 G.
1960 1867 1997 1913 a
2039 1866 2139 1934 pr.
2186 1867 2270 1912 m.
2313 1845 2593 1933 qm‘etus,

212 1947 414 2018 effecit
467 1952 694 2020 vietus.
794 1951 919 2019 Sed
966 1951 1137 2039 quod
1189 1971 1414 2020 versus
1461 1952 1649 2019 initio
1701 1951 1913 2020 dedit:
1969 1952 2419 2039 »obrepsitque
2470 1950 2590 2039 (sic

213 2055 380 2147 Par.)
418 2055 1041 2146 pigror,.languor”
1087 2060 1396 2125 maiorem
1436 2057 1633 2126 babet
1655 2059 2080 2127 mutationem
2107 2077 2300 2146 quam
2333 2075 2591 2124 necesse

211 2171 340 2230 erat
383 2172 447 2231 et
497 2169 749 2251 pugnat
797 2183 946 2231 cum
995 2163 1299 2257 lemmate
1352 2163 1580 2242 Nonii,
1629 2166 1741 2252 qui
1790 2183 1869 2231 ex
1920 2164 2133 2232 verbis
2178 2165 2273 2231 sic
2322 2162 2585 2249 scriptis

212 2286 327 2334 non
376 2269 700 2356 potuisset
745 2268 1002 2338 efficere
1040 2270 1272 2359 piqror
1317 2289 1459 2338 esse
1506 2290 1703 2338 masc.
1752 2271 2033 2356 generis,
2131 2269 2344 2351 Quare
2388 2269 2585 2337 etiam

209 2372 584 2455 Quicherati
630 2343 1002 2443 cobiectura
1054 2375 1494 2464 »languorque
1540 2376 1860 2465 obrepsit,
1923 2399 1986 2466 p.
2027 2385 2374 2465 torporque
2408 2376 2586 2462 quie·

216 2480 333 2548 tis’'
381 2501 514 2550 non
565 2479 899 2551 satisfacit.
951 2481 1047 2553 Cf.
1098 2481 1276 2552 Coni.
1329 2482 1383 2551 1.
1435 2504 1500 2571 p.
1554 2487 1661 2551 50.

296 2587 402 2655 xl.
449 2589 484 2657 Ι
511 2611 533 2655 e
585 2598 944 2656 conventus
989 2588 1297 2678 pulcher,
1344 2589 1608 2668 bracae,
1656 2609 1811 2678 saga
1859 2589 2145 2679 fulgere,
2196 2599 2459 2678 torques

575 2693 789 2761 induti
841 2698 1084 2782 magni.

294 2798 419 2869 Sic.
468 2800 594 2875 nt:
640 2799 790 2868 libri
835 2800 974 2868 Non
1023 2820 1084 2889 p.
1136 2806 1309 2869 227:
1356 2812 1639 2890 torquem
1676 2802 1843 2869 dalis
1878 2802 2094 2890 magni
2119 2850 2137 2880 ,
2179 2800 2408 2889 (altero
2446 2800 2584 2868 loco

215 2907 335 2972 1506
372 2926 505 2974 om.
548 2905 763 2993 datia).
833 2905 1195 2975 -Indutus”
1235 2907 1330 2974 sic
1373 2909 1655 2995 positum
1702 2906 2066 2984 insolitum;
2105 2908 2330 2994 utique
2354 2906 2584 2974 inutile

214 3017 300 3076 est
338 3013 394 3078 si
436 3010 757 3080 adiective
794 3013 1112 3090 sumitur:
1148 3014 1249 3080 sin
1291 3033 1516 3080 verum
1561 3014 1977 3101 participium
2012 3022 2150 3092 est,
2174 3032 2299 3080 non
2326 3022 2582 3101 aptum:

215 3112 669 3186 describuntur
745 3118 1039 3186 homines
1115 3120 1244 3186 iam
1320 3120 1565 3200 ornati,
1633 3139 1757 3187 non
1819 3127 1994 3198 tum,
2064 3138 2215 3186 cum
2285 3128 2582 3206 torquem

219 3220 669 3291 induebantur.
765 3224 1104 3293 Excidisse
1148 3224 1460 3315 syllabam
1502 3227 1700 3294 etiam
1744 3231 2026 3294 metrum
2067 3225 2333 3295 indicat.
2405 3224 2580 3292 Fort.

219 3329 427 3396 metati
473 3350 595 3418 pro
640 3330 827 3399 datis.

305 3440 402 3503 15.
449 3435 616 3505 Non.
667 3440 824 3504 276.
877 3441 991 3505 22:

382 3541 633 3610 Cassiu’
679 3541 880 3610 Gaius
927 3541 1033 3611 hic
1081 3543 1454 3632 operarius,
1507 3563 1702 3632 quem
1753 3542 2185 3631 Cephalonem

384 3645 655 3715 dicimn’
703 3657 1019 3715 sectorem
1069 3648 1410 3737 furemque
1457 3688 1548 3701 --
1599 3648 1771 3716 hunc
1821 3649 2072 3716 Tullius
2116 3649 2378 3736 iuquam

384 3752 577 3821 index
623 3751 925 3821 heredem
974 3752 1158 3833 facit,
1213 3762 1279 3821 et
1326 3753 1618 3822 damnati
1666 3755 1778 3822 alii
1826 3774 2070 3824 omnes.

293 3854 578 3926 Notabile
640 3861 1007 3948 exemplum
1074 3859 1476 3948 neglegentis
1538 3861 2083 3941 constructionis,
2134 3867 2349 3928 tamen
2401 3858 2586 3947 plane

224 3956 637 4033 Lucilianum.
733 3965 1110 4053 Ingeniosus
1170 3966 1354 4035 lusus
1415 3978 1515 4036 est
1579 3968 1705 4034 viri
1767 3966 1941 4034 docti
2003 3986 2109 4054 ap.
2207 3965 2581 4048 Quicberat.

225 4063 386 4155 (libri
432 4068 697 4139 habent:
754 4071 1002 4142 Tullius
1045 4093 1232 4160 quem
1274 4073 1533 4161 iudex„
2200 4111 2204 4116 ·

1472 4178 1645 4247 hunc
1694 4179 1946 4247 Tullius
1989 4178 2185 4246 iudea:

520 4281 670 4351 inde
713 4282 1096 4353 exheredem
1147 4283 1324 4352 l'acit.

314 4382 497 4456 Vides
554 4389 730 4456 enim
792 4392 996 4478 repeti
1054 4389 1508 4459 tantummodo
1565 4392 1759 4459 ἐπάσω
1817 4391 1987 4481 (inde
2048 4391 2177 4478 ex).
2274 4390 2353 4457 Et
2403 4389 2591 4458 habet
