2934 5050
417 274 441 333 t
466 272 541 333 ΙΟ
1382 289 1782 336 muscetanum

409 454 569 522 mibi
617 456 768 522 olim
833 454 1106 524 subnata
1156 459 1442 545 suspicio
1488 469 1587 526 est
1646 457 1852 526 multo
1899 456 2086 545 plura
2133 477 2213 526 ex
2259 456 2532 526 Cratero
2583 464 2794 526 sumta

406 559 574 649 apud
630 561 1047 628 Plutarchum
1089 564 1227 630 sine
1268 567 1553 632 auctoris
1590 567 1846 632 nomine
1881 573 2135 632 servata
2176 583 2334 630 esse.
2413 561 2793 632 Plutarchus

410 668 474 732 in
525 668 653 733 vita
709 668 1059 735 Alcibiadis
1106 691 1244 757 cap.
1296 676 1398 738 19.
1450 670 1609 738 haee
1658 671 1922 739 scribite
1974 671 2192 750 ἔλεγον
2237 671 2300 736 δὲ
2337 669 2644 752 Θεόδωρον
2690 669 2791 748 μέν

407 797 546 840 τινα
594 774 737 855 δρᾶν
795 776 884 842 τά
946 780 1054 841 τοῦ
1111 777 1404 858 κήρυκος,
1468 778 1869 844 Πουλυτίωνα
1929 777 1993 843 δὲ
2039 778 2126 844 τά
2172 782 2279 843 τοῦ
2329 776 2673 862 δᾳδούχου,
2716 774 2794 841 τὸ

408 880 470 946 δὲ
518 885 626 947 τοῦ
668 881 1025 963 ἱεροφάντου
1070 885 1176 951 τὸν
1222 884 1635 964 Ἀλκιβιάδην
1660 935 1680 965 ,
1728 884 1871 956 τοὺς
1909 885 1963 950 δ’
2000 881 2235 957 ἄλλους
2279 883 2554 963 ἑταίρους
2595 888 2793 963 παρεῖ-

410 1011 509 1053 ναι
556 987 689 1054 καὶ
737 990 1119 1066 μυεῖσθαι
1166 993 1374 1070 μύσας
1425 989 2095 1074 προσαγορευομένους,
2143 989 2333 1058 cutus
2396 986 2518 1056 loci
2571 986 2797 1054 ultima

412 1112 557 1178 pars
623 1092 960 1160 manifesto
1025 1095 1327 1163 mendosa
1389 1107 1525 1171 est:
1585 1118 1659 1164 ex
1730 1099 1867 1183 ipso
1925 1103 2381 1173 monumento,
2431 1091 2610 1180 quod
2662 1110 2798 1162 mox

413 1197 762 1286 proferam.
795 1200 1079 1285 corrige:
1129 1212 1412 1285 παρεῖναι
1450 1204 1814 1277 ἐπόπτας
1848 1202 1982 1269 καὶ
2021 1201 2231 1281 μύσας
2271 1198 2799 1283 προσαγορευομέ-

409 1329 561 1378 νους.
657 1306 819 1370 Tum
870 1304 1079 1372 addit:
1129 1315 1339 1376 ταῦτα
1387 1311 1513 1392 γάρ
1561 1312 1622 1376 ἐν
1670 1321 1747 1394 τῇ
1795 1309 2179 1392 εἰσαγγελίᾳ
2227 1307 2603 1388 γέγραπται
2645 1315 2800 1372 Θεσ·
2875 1381 2876 1384 ¹

414 1409 607 1477 σάλου
668 1415 775 1476 τοῦ
836 1412 1106 1491 Κίμωνος
1166 1417 1684 1496 εἰσαγγείλαντος
1749 1414 2161 1496 ’Λλκιβιάδην
2220 1415 2479 1494 άσεβεῒν
2531 1413 2675 1496 περὶ
2722 1412 2797 1480 τὸ

416 1517 543 1582 θεώ.
645 1517 871 1583 Paucis
936 1518 1332 1606 interpositis
1401 1523 1456 1588 ei
1523 1521 1765 1610 placuit
1826 1523 2039 1609 ipsum
2104 1520 2519 1607 antiquitatis
2570 1537 2800 1586 monu-
2861 1529 2866 1536 '

408 1633 698 1688 mentum
763 1643 1165 1710 expromere,
1239 1647 1381 1714 cap.
1436 1632 1544 1694 22.
1615 1631 1727 1706 τὴν
1792 1629 1908 1709 μὲν
1974 1624 2072 1695 οὖν
2136 1626 2559 1708 εἰσαγγελίαν
2615 1624 2798 1697 οὕτως
2863 1709 2876 1736 ἡ

412 1727 682 1812 ἔχουσαν
725 1731 1194 1815 ἀναγράφουσιν
1214 1757 1228 1772 ·

866 1838 1186 1912 Θέσσαλος
1237 1839 1508 1918 Κίμωνος
1566 1840 1893 1916 Λακιάδης
1932 1838 2346 1919 Ἀλκιβιάδην

864 1947 1138 2010 Κλεινίου
1177 1946 1630 2025 Σκαμβωνίδην
1665 1948 2061 2027 εἰσήγγειλεν
2107 1945 2344 2012 άδικεῒν

858 2049 990 2129 περὶ
1036 2053 1118 2117 τὼ
1167 2052 1274 2117 θεὼ
1313 2054 1425 2128 τὴν
1457 2055 1767 2136 Δήμητρα
1806 2054 1911 2119 καὶ
1960 2055 2070 2129 τὴν
2119 2050 2344 2131 Κόρην,

857 2156 1357 2237 άπομιμούμενον
1402 2160 1490 2225 τά
1536 2161 1810 2241 μυςηρια
1855 2160 1961 2227 καὶ
2000 2158 2349 2226 δεικνύοντα

853 2268 980 2333 τοῖς
1031 2262 1220 2328 αὑτοῦ
1265 2264 1522 2343 ἑταίροις
1571 2265 1632 2330 ἐν
1676 2274 1755 2347 τῇ
1803 2266 1963 2349 οἱκία
2000 2273 2077 2345 τῇ
2117 2266 2340 2331 ἑαυτοῦ

857 2363 1088 2448 ἔχοντα
1158 2370 1343 2445 ςολην
1424 2368 1667 2452 οἵανπερ
1754 2369 2119 2453 ἱεροφάντης
2179 2368 2344 2451 ἔχων

855 2471 1107 2540 δεικνύει
1144 2475 1233 2540 τά
1268 2475 1403 2558 ἱεροὶ
1440 2474 1546 2543 καὶ
1589 2474 1965 2559 ὀνομάζοντα
2011 2477 2199 2544 αὑτὸν
2229 2476 2344 2555 μὲν

856 2579 1225 2663 ἱεροφάντην
1255 2632 1272 2660 ,
1367 2585 1728 2650 Πολυτίωνα
1836 2583 1899 2648 δὲ
2002 2584 2339 2668 δᾳδοῦχον,

857 2688 1087 2768 κήρυκα
1126 2688 1189 2753 δὲ
1231 2686 1526 2768 Θεόδωρον
1558 2689 1841 2768 Φηγεέα,
1865 2690 2005 2761 τοὺς
2032 2690 2085 2755 δ’
2108 2688 2341 2764 ἄλλους

855 2793 1126 2873 ἑταίρους
1143 2794 1353 2872 μύςας
1372 2797 1902 2878 προσαγορεύοντα
1929 2795 2032 2862 καὶ
2056 2795 2338 2870 ἐπόπτας

857 2899 1030 2980 παρὰ
1111 2900 1198 2966 τοὶ
1282 2898 1520 2979 νόμιμα
1603 2900 1710 2966 καὶ
1797 2902 1884 2968 τοὶ
1953 2902 2341 2979 καθεςηκότα

855 3003 973 3070 ὑπό
1050 3029 1141 3082 τε,
1205 3006 1613 3086 Εὐμολπιδῶν
1682 3007 1788 3073 καὶ
1878 3007 2160 3089 Κηρύκων
2231 3007 2337 3075 καὶ

851 3117 967 3177 τῶν
1026 3111 1222 3192 ἱερέων
1264 3118 1382 3179 τῶν
1428 3111 1499 3191 ἐξ
1545 3116 1909 3186 Ἐλευσῖνος.

498 3212 673 3279 Unde
723 3213 881 3281 haee
929 3214 1347 3302 descripsisse
1390 3219 1806 3286 Plutarchum
1853 3227 2193 3305 putemus,
2243 3228 2306 3286 et
2331 3220 2602 3306 quinam
2644 3226 2792 3287 sunt

404 3317 485 3384 de
523 3318 760 3405 quibus
795 3320 951 3385 dicit
991 3323 1102 3398 τὴν
1142 3324 1562 3404 εἰσαγγελίαν
1607 3324 2279 3407 άναγράφουσινῖ
2347 3324 2590 3412 Ecquis
2617 3343 2788 3413 prae·

405 3425 630 3491 sertim
679 3425 1048 3492 admonitus
1098 3437 1410 3514 punctum
1474 3431 1780 3516 temporis
1826 3430 2127 3498 dubitare
2176 3433 2414 3518 possit,
2464 3432 2624 3518 quin
2689 3428 2789 3497 illa

405 3550 442 3595 a
503 3531 779 3599 Cumano
848 3541 1065 3599 sumta
1127 3535 1293 3613 sint,
1354 3537 1465 3622 qui
1534 3536 2083 3603 nobilissimarum
2149 3538 2568 3618 εἰσαγγελιῶν
2627 3534 2788 3605 άντί·

403 3643 630 3720 γραφα
677 3658 752 3705 ex
805 3637 1042 3704 tabulis
1090 3639 1363 3726 publicis
1425 3640 1750 3729 descripta
1798 3641 2088 3710 ediderat
2149 3643 2211 3709 in
2262 3642 2518 3710 lucem?
2592 3643 2787 3712 noeu-

405 3752 694 3810 mentum
772 3745 979 3831 ipsum
1046 3748 1258 3812 omnia
1335 3768 1488 3834 prae
1555 3768 1623 3814 se
1685 3745 1812 3815 fert
1881 3750 2175 3816 veritatis
2246 3757 2309 3815 et
2381 3747 2788 3835 antiquitatis

408 3847 643 3914 indicia
669 3897 685 3926 ,
726 3868 931 3934 neque
967 3850 1094 3917 ulla
1135 3861 1231 3918 est
1257 3851 1577 3920 dubitatio
1616 3854 1772 3940 quin
1810 3856 2165 3939 genuinum
2208 3855 2295 3921 sit
2333 3861 2398 3919 et
2425 3853 2787 3940 integrum,

407 3955 531 4018 nisi
580 3953 747 4039 quod
801 3954 1051 4022 mendis
1097 3957 1484 4043 quibusdam
1531 3967 1597 4025 et.
1644 3959 1975 4026 erroribus
2025 3969 2124 4028 est
2170 3960 2509 4038 vitiatum,
2558 3959 2787 4046 quibus

402 4057 643 4124 mederi
693 4057 879 4125 facile
926 4073 1046 4128 est.
1142 4063 1212 4128 ln
1266 4063 1482 4129 verbis
1529 4066 1662 4145 περὶ
1711 4065 1796 4130 τὼ
1845 4066 1952 4131 θεὼ
2008 4066 2142 4154 [την
2184 4066 2492 4146 Δήμητρα
2540 4067 2650 4133 καὶ
2685 4065 2788 4139 τὺ*

399 4163 612 4253 Κόρην]
672 4164 1082 4234 manifestum
1131 4179 1230 4235 est
1266 4169 1603 4237 emblema.
1699 4170 1790 4237 Ne
1831 4171 2217 4240 Plutarchus
2264 4170 2528 4258 quidem
2573 4171 2636 4238 id
2683 4168 2784 4239 ad·

399 4269 707 4348 didisset,
753 4271 985 4340 nedum
1023 4272 1386 4341 Thessalus,
1450 4275 1696 4343 Deinde
1731 4278 2006 4348 άττικιςὶ
2034 4275 2448 4346 scribendum
2471 4277 2782 4347 δεικνύντα

403 4397 517 4465 pro
566 4377 911 4446 δεικνύοντα
960 4389 1024 4446 et
1070 4379 1329 4447 δείκνυσι
1378 4382 1462 4447 τὰ
1514 4382 1647 4464 ἱερά
1697 4402 1811 4469 pro
1858 4384 2153 4465 δεικνύει,
2204 4394 2267 4452 el
2316 4383 2644 4451 articulus
2689 4384 2782 4450 in·
