2934 5050
1151 314 1238 362 An
1283 314 1619 362 numum.
2443 292 2585 358 405

194 485 634 566 τεσσαράκοντ’
684 483 791 558 ἔτη
830 483 1142 563 κατέσχεν
1178 476 1247 557 ἣν
1284 483 1572 560 ἐλωβᾶτο
1613 491 1733 560 γῆν
1772 482 1877 545 καὶ
1918 477 2101 557 μόλις
2139 480 2287 544 ποτὲ
2328 481 2570 554 ἀπῆλθε

194 592 388 673 νόσῳ,
451 592 681 677 quibus
739 589 966 654 deinde
1022 591 1285 674 opponit
1341 587 1576 653 Iuliani
1629 588 1864 652 merita
1899 590 1965 650 et
2006 586 2279 651 virtutes
2326 591 2389 650 et
2436 585 2575 651 bre·

191 700 539 763 vissimum
597 693 1119 779 imperium.1n
1178 694 1281 759 his
1324 701 1769 759 Aorchoc
1812 689 2155 756 manifesto
2196 695 2570 775 corruptum

190 809 310 892 est.
382 800 558 867 Haec
595 802 813 867 omnia
848 799 926 864 de
960 799 1196 864 homae
1212 798 1547 873 dicuntur,
1597 797 1803 881 deque
1819 803 1976 861 certo
1999 797 2291 873 homine,
2340 817 2578 882 nempe

192 908 272 972 de
317 904 690 972 Constantio
705 950 723 980 ,
770 906 876 969 cui
911 902 1199 968 Iulianus
1237 907 1641 967 successerat.
1689 901 1785 967 De
1824 921 1901 966 ea
1933 922 2002 965 re
2039 900 2363 966 dubitabit
2383 922 2571 967 nemo

191 1013 306 1096 qui
341 1010 558 1076 locum
594 1008 913 1095 relegerit.
961 1006 1195 1073 Omnia
1230 1005 1588 1073 Constantii
1623 1007 1787 1070 vitia
1831 1009 1897 1070 et
1920 1004 2157 1070 scelera
2176 1007 2573 1092 apertissime

190 1115 671 1182 describuntur:
721 1116 859 1185 νεὼς
888 1148 972 1162 —
999 1111 1228 1193 πόρνοις
1273 1113 1521 1175 ἐνοικεῖν
1568 1107 1772 1175 ἔδωκε.
1843 1106 2254 1176 Constantius
2297 1110 2366 1175 id
2412 1109 2572 1175 fece—

190 1225 292 1287 rat
335 1224 502 1285 teste
542 1217 815 1284 Libanio
856 1216 1088 1281 multis
1127 1215 1303 1282 locis.
1382 1212 1836 1281 Constantinus
1884 1217 2059 1279 enim
2102 1234 2252 1300 opes
2295 1214 2568 1299 templo-

191 1347 340 1391 rum
408 1325 626 1409 rapuit
689 1322 799 1388 sed
863 1318 1169 1387 sacrificia
1233 1319 1496 1405 reliquit
1511 1367 1528 1397 ,
1600 1338 1761 1404 quae
1827 1319 2092 1388 sustulit
2159 1316 2569 1385 Constantius

194 1430 447 1511 (Liban.
510 1427 594 1494 Π.
642 1448 790 1515 pag.
843 1424 1024 1506 163.)
1093 1424 1274 1506 Quod
1319 1423 1543 1489 scribit
1583 1444 1732 1510 pag.
1783 1422 1949 1501 509,
2003 1423 2108 1489 10.
2165 1429 2365 1504 νεκροῦ
2412 1423 2568 1495 τινος

196 1535 380 1610 θήκην
425 1533 513 1606 εἷς
558 1531 663 1598 τὸν
711 1530 998 1611 ὑμέτερον
1043 1528 1431 1609 &yma-bewe
1476 1537 1726 1607 κλῆρον,
1789 1548 1914 1595 non
1963 1530 2303 1606 „Christum
2348 1529 2571 1607 uolite',

195 1645 271 1705 ut
313 1638 620 1704 Beiskius
663 1639 959 1722 opinatur
973 1684 990 1713 ,
1039 1635 1149 1701 sed
1194 1637 1269 1699 de
1311 1635 1585 1721 Babylae
1619 1636 1905 1699 cadavere
1938 1634 2187 1700 dictum
2227 1641 2325 1700 est
2339 1682 2357 1712 ,
2405 1635 2572 1720 quod

197 1742 611 1810 Constantius
668 1744 738 1805 in
796 1741 1179 1807 Antiochino
1235 1739 1480 1825 templo
1543 1738 1729 1804 condi
1785 1741 2074 1805 iusserat.
2169 1737 2577 1805 Constantius

198 1855 332 1915 erat
395 1849 791 1913 eunuchorum
847 1867 1086 1910 suorum
1128 1844 1487 1926 mancipium
1531 1849 1598 1909 et
1640 1845 1897 1909 nomine
1941 1847 2233 1930 princeps
2249 1891 2266 1920 ,
2320 1863 2577 1909 summa

198 1956 456 2040 imperii
499 1972 690 2038 penes
731 1951 880 2017 illos
924 1955 1059 2015 erat
1107 1949 1354 2036 (Liban.
1401 1948 1486 2013 11.
1535 1968 1679 2036 pag.
1735 1947 1937 2037 163.).
1999 1944 2173 2016 Hinc
2217 1952 2418 2035 illud:
2468 1954 2573 2017 xxi

201 2058 340 2138 πρός
409 2059 481 2136 γ’
539 2055 628 2121 ἔτι
675 2055 1072 2130 Μελητίδης,
1133 2054 1261 2119 οὐδὲ
1307 2052 1434 2132 γὰρ
1484 2058 1583 2119 νοῦ
1637 2063 1956 2135 μετεῖχεν.
2030 2056 2250 2142 Itaque
2296 2057 2373 2123 de
2418 2056 2579 2124 Con-

200 2165 433 2229 stantio
477 2161 598 2227 illa
622 2163 855 2227 omnia
891 2160 1019 2226 dici
1063 2165 1309 2225 certum
1347 2163 1461 2223 est.
1520 2156 1597 2222 In
1634 2158 1936 2236 λογισμός
1975 2160 2136 2226 latet
2170 2164 2378 2249 igitur
2413 2160 2576 2229 Con-

199 2270 422 2333 stantii
464 2268 708 2332 mentio
728 2312 746 2343 ‚
794 2286 988 2351 quam
1032 2285 1157 2351 quo
1198 2267 1385 2348 poeto
1429 2261 1578 2328 inde
1616 2262 1949 2330 eliciamus
1985 2267 2416 2350 quaerendum
2456 2275 2571 2334 est.

198 2372 256 2438 N
259 2393 337 2438 on
399 2374 660 2438 nomine
715 2371 1044 2436 hominem
1101 2368 1210 2434 sed
1266 2366 1610 2433 maledicto
1671 2367 2134 2456 designaverat.
2208 2370 2376 2452 Quid
2422 2394 2576 2460 ergo

200 2475 487 2545 dixerat?
547 2477 827 2563 Nempe:
874 2473 1142 2554 ἀμείνων
1175 2470 1297 2555 ἄρα
1344 2468 1412 2545 ἦν
1457 2474 1534 2539 ‘0
1579 2481 1960 2554 AOIMOC,
2013 2476 2040 2541 ὅ
2089 2475 2239 2552 τέως
2287 2491 2575 2556 καταγε-

205 2586 472 2662 λώμενος
491 2632 509 2658 ,
573 2578 635 2656 ὃς
691 2582 961 2659 πόλεμον
1007 2581 1149 2659 ὑμῖν
1192 2577 1496 2660 ἀράμενος
1522 2616 1611 2628 —
1634 2578 1872 2660 ἐπέσχε
1920 2586 2039 2661 πῦρ
2087 2581 2258 2661 ἱερόν.
2330 2583 2575 2665 Notum

205 2694 299 2757 est
355 2690 723 2755 eonvicium
768 2687 797 2752 ὃ
838 2684 1083 2763 λοιμός,
1144 2689 1222 2749 ut
1264 2684 1294 2748 ὃ
1337 2680 1554 2765 Φθόρος
1578 2732 1596 2757 ,
1645 2685 1674 2747 ὃ
1721 2683 1974 2766 ὄλεθρος.
2045 2685 2315 2751 Perinde
2361 2692 2457 2751 est
2503 2707 2575 2752 ac

206 2794 262 2858 si
302 2794 571 2859 dixisset
611 2792 682 2858 τὸ
728 2789 1060 2871 κάθαρμα,
1081 2796 1085 2801 ’
1105 2793 1183 2853 ut
1220 2788 1390 2873 apud
1434 2792 1758 2853 auctorem
1805 2790 2105 2854 orationis
2150 2790 2297 2854 κατ’
2344 2789 2575 2871 'Apes-o·

207 2898 477 2975 γείτονος
528 2896 881 2983 (Demosth.
926 2914 1074 2982 pag.
1116 2892 1283 2970 794,
1335 2891 1424 2977 5.)
1473 2894 1502 2956 ὅ
1548 2890 1922 2973 (Damania,
1971 2895 2000 2958 ὃ
2048 2894 2295 2971 λοιμός,
2345 2888 2409 2959 ὃν
2454 2900 2576 2961 οἰω-

209 3001 429 3068 νίσαιτ’
477 3000 556 3068 ἄν
598 3024 694 3073 τις
740 3003 987 3079 μᾶλλον
1031 2999 1166 3065 ἰδὼν
1211 2998 1248 3073 ἢ
1296 3003 1640 3076 προσειπεῖν
1684 2997 1988 3075 βούλοιτο.
2060 2998 2232 3065 Hinc
2278 3005 2510 3066 sumsit
2550 3002 2576 3064 ὁ

208 3107 702 3182 ’Δντιοιττικιςῆς
759 3109 827 3171 in
884 3105 1162 3171 Bekkeri
1230 3104 1452 3167 Auecd.
1516 3122 1665 3190 pag.
1733 3101 1898 3180 106,
1956 3102 2015 3167 1.
2080 3105 2423 3182 Λοιμόςε
2471 3106 2581 3171 οὐκ

208 3210 307 3276 ἐπὶ
353 3214 462 3277 τοῦ
508 3216 784 3288 λοιμικοῦ
831 3209 1062 3283 πάθους
1109 3210 1261 3273 ἀλλ’
1307 3208 1414 3290 ἐφ’
1459 3203 1529 3272 οὗ
1576 3210 1611 3282 ἦ
1657 3208 1935 3282 συνήθεια
1975 3206 2214 3273 τέο-σει.
2268 3212 2579 3288 Δημοσθέ-

210 3339 308 3389 νης
369 3318 431 3380 ἐν
495 3317 580 3396 τῷ
646 3316 792 3380 κατ’
840 3314 1335 3394 Ἀρις-ογείτονος.
1405 3313 1562 3378 Erat
1604 3332 1834 3379 nomen
1879 3312 1994 3379 illo
2039 3334 2224 3378 sensu
2269 3314 2440 3399 apud
2486 3336 2579 3379 se-

209 3424 453 3504 quiores
496 3420 970 3508 pervulgatum.
1040 3419 1238 3484 Mitto
1281 3418 1556 3504 reliquos
1600 3423 1793 3483 testes
1810 3465 1827 3494 ,
1878 3410 2193 3483 Libanius‘
2223 3418 2395 3484 solus
2433 3440 2575 3504 pro-

210 3525 350 3590 deat
408 3526 591 3591 Tem.
638 3524 719 3589 Π.
765 3545 914 3619 pag.
961 3522 1130 3601 265,
1197 3522 1300 3588 15.
1368 3522 1621 3603 πέμψον
1673 3520 1863 3604 ἄνδρα
1889 3560 1974 3575 —-
2001 3522 2164 3588 οὐδὲν
2208 3524 2446 3589 ἐοικότα
2492 3528 2575 3604 τῷ

211 3638 542 3695 ΛΟΙΜΩΙ
591 3629 805 3710 τούτῳ.

296 3735 586 3801 Fortasse
629 3732 963 3819 scrupulus
1005 3735 1276 3801 residere
1313 3734 1546 3819 aliquis
1584 3733 1908 3799 videbitur
1944 3735 2011 3798 in
2050 3734 2298 3800 verbis:
2346 3722 2575 3798 τέο-σοι-

210 3836 472 3914 adama
536 3838 644 3914 ἔτη
690 3839 1004 3919 κατέσχεν
1051 3829 1119 3910 ἣν
1159 3839 1446 3916 §mairo
1496 3848 1652 3916 γῆν,
1710 3858 1987 3924 namque
2030 3839 2318 3905 multum
2363 3839 2577 3904 abesse

212 3947 286 4005 ut
325 3940 733 4008 Constantius
777 3964 889 4029 per
931 3964 1124 4009 annos
1170 3944 1573 4029 quadraqinta
1615 3946 1683 4008 in
1728 3946 1997 4029 imperio
2041 3944 2254 4009 fuerit.
2325 3943 2574 4009 Evellet

213 4044 377 4110 hunc
435 4048 805 4132 scrupulum
861 4047 1176 4113 Henricus
1220 4047 1508 4113 Valesius
1552 4049 1631 4115 ad
1676 4050 2000 4115 Ammian.
2048 4047 2337 4114 Marcell.
2388 4047 2564 4112 XXI.

219 4146 319 4212 15.
370 4148 829 4239 (Constantius)
863 4153 1016 4216 abiit
1045 4150 1083 4216 'e
1116 4154 1243 4217 vita
1277 4153 1413 4216 III.
1462 4154 1623 4218 Non.
1659 4154 1991 4219 octobrium
2029 4154 2265 4238 imperii
2302 4154 2575 4241 vitaeque

213 4275 366 4319 auno
408 4257 892 4343 quadragesimo
936 4265 996 4323 eb
1037 4259 1326 4323 amnibus
1356 4259 1593 4341 paucis.
