<?xml version="1.0" encoding="UTF-8"?>
<!DOCTYPE html PUBLIC "-//W3C//DTD XHTML 1.0 Transitional//EN"
    "http://www.w3.org/TR/xhtml1/DTD/xhtml1-transitional.dtd">
<html xmlns="http://www.w3.org/1999/xhtml" xml:lang="en" lang="en">
 <head>
  <title>
</title>
<meta http-equiv="Content-Type" content="text/html;charset=utf-8" />
  <meta name='ocr-system' content='tesseract 3.04.00' />
  <meta name='ocr-capabilities' content='ocr_page ocr_carea ocr_par ocr_line ocrx_word'/>
</head>
<body>
  <div class='ocr_page' id='page_1' title='image "./mnemosynebiblio09servgoog/mnemosynebiblio09servgoog_0020.png"; bbox 0 0 2934 5050; ppageno 0'>
   <div class='ocr_carea' id='block_1_1' title="bbox 274 260 1667 324">
    <p class='ocr_par' dir='ltr' id='par_1_1' title="bbox 274 260 1667 324">
     <span class='ocr_line' id='line_1_1' title="bbox 274 260 1667 324; baseline -0.006 0"><span class='ocrx_word' id='word_1_1' title='bbox 274 260 316 324; x_wconf 84' lang='lat'>8</span> <span class='ocrx_word' id='word_1_2' title='bbox 1262 269 1667 318; x_wconf 60' lang='lat' dir='ltr'><strong>nuscanum</strong></span> 
     </span>
    </p>
   </div>
   <div class='ocr_carea' id='block_1_2' title="bbox 272 436 2667 4436">
    <p class='ocr_par' dir='ltr' id='par_1_2' title="bbox 272 436 2667 1987">
     <span class='ocr_line' id='line_1_2' title="bbox 366 436 2655 533; baseline -0.004 -21"><span class='ocrx_word' id='word_1_3' title='bbox 366 445 440 512; x_wconf 91' lang='lat' dir='ltr'><strong>In</strong></span> <span class='ocrx_word' id='word_1_4' title='bbox 503 462 699 533; x_wconf 88' lang='lat' dir='ltr'><strong>quam</strong></span> <span class='ocrx_word' id='word_1_5' title='bbox 763 438 1073 509; x_wconf 85' lang='lat' dir='ltr'><strong>mirificos</strong></span> <span class='ocrx_word' id='word_1_6' title='bbox 1118 449 1184 507; x_wconf 88' lang='lat' dir='ltr'><strong>et</strong></span> <span class='ocrx_word' id='word_1_7' title='bbox 1247 446 1651 527; x_wconf 82' lang='lat' dir='ltr'><strong>portentosos</strong></span> <span class='ocrx_word' id='word_1_8' title='bbox 1714 457 1965 505; x_wconf 88' lang='lat' dir='ltr'><strong>errores</strong></span> <span class='ocrx_word' id='word_1_9' title='bbox 2020 457 2090 505; x_wconf 90' lang='lat' dir='ltr'><strong>se</strong></span> <span class='ocrx_word' id='word_1_10' title='bbox 2140 436 2473 525; x_wconf 80' lang='lat' dir='ltr'>implicent</span> <span class='ocrx_word' id='word_1_11' title='bbox 2539 438 2655 525; x_wconf 82' lang='lat' dir='ltr'><strong>qui</strong></span> 
     </span>
     <span class='ocr_line' id='line_1_3' title="bbox 272 542 2662 617; baseline -0.003 0"><span class='ocrx_word' id='word_1_12' title='bbox 272 549 473 617; x_wconf 86' lang='lat' dir='ltr'><strong>libros</strong></span> <span class='ocrx_word' id='word_1_13' title='bbox 521 558 769 617; x_wconf 84' lang='lat' dir='ltr'><strong>veteres</strong></span> <span class='ocrx_word' id='word_1_14' title='bbox 814 568 936 614; x_wconf 89' lang='lat' dir='ltr'><strong>non</strong></span> <span class='ocrx_word' id='word_1_15' title='bbox 981 547 1091 612; x_wconf 92' lang='lat' dir='ltr'><strong>diu</strong></span> <span class='ocrx_word' id='word_1_16' title='bbox 1134 556 1192 613; x_wconf 87' lang='lat' dir='ltr'><strong>et</strong></span> <span class='ocrx_word' id='word_1_17' title='bbox 1247 543 1528 610; x_wconf 88' lang='lat' dir='ltr'><strong>multum</strong></span> <span class='ocrx_word' id='word_1_18' title='bbox 1574 545 1892 611; x_wconf 81' lang='lat' dir='ltr'><strong>triverunt</strong></span> <span class='ocrx_word' id='word_1_19' title='bbox 1942 542 2283 611; x_wconf 87' lang='lat' dir='ltr'><strong>ostendant</strong></span> <span class='ocrx_word' id='word_1_20' title='bbox 2334 544 2451 610; x_wconf 82' lang='lat' dir='ltr'><strong>hae</strong></span> <span class='ocrx_word' id='word_1_21' title='bbox 2491 545 2662 611; x_wconf 85' lang='lat' dir='ltr'><strong>scri-</strong></span> 
     </span>
     <span class='ocr_line' id='line_1_4' title="bbox 275 650 2657 745; baseline -0.003 -22"><span class='ocrx_word' id='word_1_22' title='bbox 275 662 546 745; x_wconf 74' lang='lat' dir='ltr'><strong>pturae:</strong></span> <span class='ocrx_word' id='word_1_23' title='bbox 619 653 697 721; x_wconf 82' lang='lat' dir='ltr'><strong>ad</strong></span> <span class='ocrx_word' id='word_1_24' title='bbox 748 652 975 742; x_wconf 77' lang='lat' dir='ltr'><strong>odyss·</strong></span> <span class='ocrx_word' id='word_1_25' title='bbox 1029 662 1093 722; x_wconf 82' lang='grc' dir='ltr'><strong>Ξ.</strong></span> <span class='ocrx_word' id='word_1_26' title='bbox 1142 655 1271 718; x_wconf 69' lang='grc' dir='ltr'><strong>Ξο6</strong></span> <span class='ocrx_word' id='word_1_27' title='bbox 1326 650 1757 730; x_wconf 69' lang='grc' dir='ltr'><strong><em>κυδαλίμοισιτ</em></strong></span> <span class='ocrx_word' id='word_1_28' title='bbox 1822 673 1924 731; x_wconf 76' lang='grc' dir='ltr'><strong>γρ.</strong></span> <span class='ocrx_word' id='word_1_29' title='bbox 1972 650 2395 729; x_wconf 52' lang='lat' dir='ltr'><strong>awannam,</strong></span> <span class='ocrx_word' id='word_1_30' title='bbox 2458 660 2523 718; x_wconf 80' lang='lat' dir='ltr'><strong>et</strong></span> <span class='ocrx_word' id='word_1_31' title='bbox 2569 661 2657 717; x_wconf 87' lang='grc' dir='ltr'><strong>Π.</strong></span> 
     </span>
     <span class='ocr_line' id='line_1_5' title="bbox 279 754 2662 840; baseline -0.003 -13"><span class='ocrx_word' id='word_1_32' title='bbox 279 765 407 827; x_wconf 75' lang='lat'><strong>212</strong></span> <span class='ocrx_word' id='word_1_33' title='bbox 454 761 605 840; x_wconf 71' lang='grc' dir='ltr'><strong>ἠμὲν</strong></span> <span class='ocrx_word' id='word_1_34' title='bbox 649 760 939 837; x_wconf 50' lang='lat' dir='ltr'><strong>suffinae:</strong></span> <span class='ocrx_word' id='word_1_35' title='bbox 1007 784 1107 840; x_wconf 71' lang='grc' dir='ltr'><strong>γρ.</strong></span> <span class='ocrx_word' id='word_1_36' title='bbox 1158 758 1429 833; x_wconf 54' lang='lat' dir='ltr'><strong>ninivae.</strong></span> <span class='ocrx_word' id='word_1_37' title='bbox 1528 754 2051 822; x_wconf 78' lang='lat' dir='ltr'><strong>Admiralmndus</strong></span> <span class='ocrx_word' id='word_1_38' title='bbox 2118 754 2482 823; x_wconf 78' lang='lat' dir='ltr'><strong>Dindorlius</strong></span> <span class='ocrx_word' id='word_1_39' title='bbox 2538 755 2662 822; x_wconf 88' lang='lat' dir='ltr'><strong>ad·</strong></span> 
     </span>
     <span class='ocr_line' id='line_1_6' title="bbox 277 861 2662 953; baseline -0.003 -19"><span class='ocrx_word' id='word_1_40' title='bbox 277 866 536 935; x_wconf 84' lang='lat' dir='ltr'><strong>scribit:</strong></span> <span class='ocrx_word' id='word_1_41' title='bbox 602 891 741 948; x_wconf 73' lang='lat' dir='ltr'><strong>-yp,</strong></span> <span class='ocrx_word' id='word_1_42' title='bbox 795 865 1072 953; x_wconf 78' lang='grc' dir='ltr'><strong><em>ηὐδῆναιι]</em></strong></span> <span class='ocrx_word' id='word_1_43' title='bbox 1100 864 1171 930; x_wconf 82' lang='lat'><strong>?’&#39;</strong></span> <span class='ocrx_word' id='word_1_44' title='bbox 1228 874 1293 929; x_wconf 87' lang='lat' dir='ltr'><strong>et</strong></span> <span class='ocrx_word' id='word_1_45' title='bbox 1352 863 1416 925; x_wconf 92' lang='lat' dir='ltr'><strong>in</strong></span> <span class='ocrx_word' id='word_1_46' title='bbox 1473 863 1805 949; x_wconf 76' lang='lat' dir='ltr'><strong>superiore</strong></span> <span class='ocrx_word' id='word_1_47' title='bbox 1869 863 2004 927; x_wconf 91' lang='lat' dir='ltr'><strong>loco</strong></span> <span class='ocrx_word' id='word_1_48' title='bbox 2067 862 2414 928; x_wconf 88' lang='lat' dir='ltr'><strong>mirilicum</strong></span> <span class='ocrx_word' id='word_1_49' title='bbox 2473 861 2662 938; x_wconf 68' lang='grc' dir='ltr'><strong><em>ἥνδα-</em></strong></span> 
     </span>
     <span class='ocr_line' id='line_1_7' title="bbox 278 966 2662 1057; baseline -0.003 -16"><span class='ocrx_word' id='word_1_50' title='bbox 278 973 507 1054; x_wconf 64' lang='lat' dir='ltr'><strong>mmm</strong></span> <span class='ocrx_word' id='word_1_51' title='bbox 559 974 950 1039; x_wconf 88' lang='lat' dir='ltr'><strong>Buttmanno</strong></span> <span class='ocrx_word' id='word_1_52' title='bbox 1000 971 1328 1057; x_wconf 76' lang='lat' dir='ltr'><strong>imposuit.</strong></span> <span class='ocrx_word' id='word_1_53' title='bbox 1436 972 1505 1037; x_wconf 92' lang='lat' dir='ltr'><strong>ln</strong></span> <span class='ocrx_word' id='word_1_54' title='bbox 1572 968 2033 1034; x_wconf 86' lang='lat' dir='ltr'><strong>vetustissimis</strong></span> <span class='ocrx_word' id='word_1_55' title='bbox 2092 966 2272 1033; x_wconf 86' lang='lat' dir='ltr'><strong>libris</strong></span> <span class='ocrx_word' id='word_1_56' title='bbox 2321 967 2662 1055; x_wconf 86' lang='lat' dir='ltr'><strong>(vetustis-</strong></span> 
     </span>
     <span class='ocr_line' id='line_1_8' title="bbox 279 1072 2665 1163; baseline -0.002 -20"><span class='ocrx_word' id='word_1_57' title='bbox 279 1080 478 1145; x_wconf 87' lang='lat' dir='ltr'><strong>simos</strong></span> <span class='ocrx_word' id='word_1_58' title='bbox 517 1086 731 1145; x_wconf 86' lang='lat' dir='ltr'><strong>autem</strong></span> <span class='ocrx_word' id='word_1_59' title='bbox 779 1076 924 1143; x_wconf 84' lang='lat' dir='ltr'><strong>dico</strong></span> <span class='ocrx_word' id='word_1_60' title='bbox 961 1078 1073 1163; x_wconf 89' lang='lat' dir='ltr'><strong>qui</strong></span> <span class='ocrx_word' id='word_1_61' title='bbox 1108 1075 1362 1142; x_wconf 86' lang='lat' dir='ltr'><strong>saeculo</strong></span> <span class='ocrx_word' id='word_1_62' title='bbox 1404 1076 1487 1143; x_wconf 82' lang='lat' dir='ltr'><strong>tx</strong></span> <span class='ocrx_word' id='word_1_63' title='bbox 1530 1095 1604 1141; x_wconf 84' lang='lat' dir='ltr'><strong>ac</strong></span> <span class='ocrx_word' id='word_1_64' title='bbox 1648 1074 1697 1139; x_wconf 86' lang='lat' dir='ltr'><strong>X</strong></span> <span class='ocrx_word' id='word_1_65' title='bbox 1739 1075 1988 1140; x_wconf 83' lang='lat' dir='ltr'><strong>exarati</strong></span> <span class='ocrx_word' id='word_1_66' title='bbox 2028 1082 2221 1153; x_wconf 88' lang='lat' dir='ltr'><strong>sunt,</strong></span> <span class='ocrx_word' id='word_1_67' title='bbox 2265 1082 2337 1139; x_wconf 84' lang='lat' dir='ltr'><strong>ut</strong></span> <span class='ocrx_word' id='word_1_68' title='bbox 2375 1072 2665 1140; x_wconf 78' lang='lat' dir='ltr'><strong>Platonis</strong></span> 
     </span>
     <span class='ocr_line' id='line_1_9' title="bbox 281 1179 2661 1256; baseline -0.001 -7"><span class='ocrx_word' id='word_1_69' title='bbox 281 1182 482 1252; x_wconf 84' lang='lat' dir='ltr'>Codex</span> <span class='ocrx_word' id='word_1_70' title='bbox 557 1184 888 1249; x_wconf 74' lang='lat' dir='ltr'><strong>Parisinus</strong></span> <span class='ocrx_word' id='word_1_71' title='bbox 946 1190 1008 1247; x_wconf 85' lang='lat' dir='ltr'><strong>et</strong></span> <span class='ocrx_word' id='word_1_72' title='bbox 1075 1182 1521 1248; x_wconf 74' lang='lat' dir='ltr'><strong>Demosthenis</strong></span> <span class='ocrx_word' id='word_1_73' title='bbox 1579 1182 1730 1245; x_wconf 87' lang='lat' dir='ltr'><strong>item</strong></span> <span class='ocrx_word' id='word_1_74' title='bbox 1802 1179 2171 1256; x_wconf 79' lang='lat' dir='ltr'><strong>Parisinus,</strong></span> <span class='ocrx_word' id='word_1_75' title='bbox 2232 1189 2295 1244; x_wconf 87' lang='lat' dir='ltr'><strong>et</strong></span> <span class='ocrx_word' id='word_1_76' title='bbox 2345 1179 2661 1246; x_wconf 78' lang='lat' dir='ltr'><strong>Athenaei</strong></span> 
     </span>
     <span class='ocr_line' id='line_1_10' title="bbox 281 1286 2664 1375; baseline -0.002 -21"><span class='ocrx_word' id='word_1_77' title='bbox 281 1288 344 1354; x_wconf 91' lang='lat' dir='ltr'><strong>in</strong></span> <span class='ocrx_word' id='word_1_78' title='bbox 411 1288 731 1353; x_wconf 83' lang='lat' dir='ltr'><strong>Marciana</strong></span> <span class='ocrx_word' id='word_1_79' title='bbox 803 1286 1110 1375; x_wconf 84' lang='lat' dir='ltr'><strong>venetiis)</strong></span> <span class='ocrx_word' id='word_1_80' title='bbox 1177 1288 1228 1365; x_wconf 86' lang='grc' dir='ltr'><strong><em>β</em></strong></span> <span class='ocrx_word' id='word_1_81' title='bbox 1276 1324 1304 1338; x_wconf 90' lang='grc'>-</span> <span class='ocrx_word' id='word_1_82' title='bbox 1349 1313 1384 1364; x_wconf 76' lang='grc' dir='ltr'><em>η</em></span> <span class='ocrx_word' id='word_1_83' title='bbox 1427 1324 1456 1338; x_wconf 83' lang='grc'><strong>-</strong></span> <span class='ocrx_word' id='word_1_84' title='bbox 1506 1312 1544 1353; x_wconf 84' lang='grc' dir='ltr'><strong><em>κ</em></strong></span> <span class='ocrx_word' id='word_1_85' title='bbox 1604 1294 1666 1350; x_wconf 88' lang='lat' dir='ltr'><strong>et</strong></span> <span class='ocrx_word' id='word_1_86' title='bbox 1718 1308 1793 1351; x_wconf 85' lang='grc' dir='ltr'><strong>κυ</strong></span> <span class='ocrx_word' id='word_1_87' title='bbox 1841 1320 1872 1336; x_wconf 85' lang='grc'>-</span> <span class='ocrx_word' id='word_1_88' title='bbox 1917 1308 1991 1360; x_wconf 77' lang='lat' dir='ltr'><strong>nv</strong></span> <span class='ocrx_word' id='word_1_89' title='bbox 2040 1322 2069 1336; x_wconf 92' lang='lat'>-</span> <span class='ocrx_word' id='word_1_90' title='bbox 2116 1309 2188 1360; x_wconf 77' lang='lat' dir='ltr'><strong>nv</strong></span> <span class='ocrx_word' id='word_1_91' title='bbox 2249 1292 2313 1349; x_wconf 84' lang='lat' dir='ltr'><strong>et</strong></span> <span class='ocrx_word' id='word_1_92' title='bbox 2377 1309 2444 1350; x_wconf 85' lang='grc' dir='ltr'><strong>υν</strong></span> <span class='ocrx_word' id='word_1_93' title='bbox 2490 1321 2518 1336; x_wconf 86' lang='grc'>-</span> <span class='ocrx_word' id='word_1_94' title='bbox 2565 1286 2664 1365; x_wconf 87' lang='grc' dir='ltr'><strong>βυ</strong></span> 
     </span>
     <span class='ocr_line' id='line_1_11' title="bbox 280 1389 2667 1475; baseline -0.002 -16"><span class='ocrx_word' id='word_1_95' title='bbox 280 1392 660 1459; x_wconf 83' lang='lat' dir='ltr'><strong>scrihuntur</strong></span> <span class='ocrx_word' id='word_1_96' title='bbox 701 1393 902 1458; x_wconf 78' lang='lat' dir='ltr'><strong>forma</strong></span> <span class='ocrx_word' id='word_1_97' title='bbox 944 1401 1007 1458; x_wconf 87' lang='lat' dir='ltr'><strong>et</strong></span> <span class='ocrx_word' id='word_1_98' title='bbox 1047 1412 1212 1457; x_wconf 85' lang='lat' dir='ltr'><strong>nexu</strong></span> <span class='ocrx_word' id='word_1_99' title='bbox 1259 1390 1385 1458; x_wconf 79' lang='lat' dir='ltr'><strong>tam</strong></span> <span class='ocrx_word' id='word_1_100' title='bbox 1433 1391 1640 1458; x_wconf 75' lang='lat' dir='ltr'><strong>simili·</strong></span> <span class='ocrx_word' id='word_1_101' title='bbox 1676 1399 1745 1456; x_wconf 88' lang='lat' dir='ltr'><strong>ut</strong></span> <span class='ocrx_word' id='word_1_102' title='bbox 1782 1390 1905 1455; x_wconf 87' lang='lat' dir='ltr'><strong>nisi</strong></span> <span class='ocrx_word' id='word_1_103' title='bbox 1946 1389 2163 1456; x_wconf 89' lang='lat' dir='ltr'><strong>oculos</strong></span> <span class='ocrx_word' id='word_1_104' title='bbox 2197 1389 2430 1455; x_wconf 84' lang='lat' dir='ltr'><strong>haheas</strong></span> <span class='ocrx_word' id='word_1_105' title='bbox 2472 1389 2667 1475; x_wconf 81' lang='lat' dir='ltr'><strong>longo</strong></span> 
     </span>
     <span class='ocr_line' id='line_1_12' title="bbox 281 1496 2664 1585; baseline -0.001 -21"><span class='ocrx_word' id='word_1_106' title='bbox 281 1518 404 1564; x_wconf 83' lang='lat' dir='ltr'><strong>usu</strong></span> <span class='ocrx_word' id='word_1_107' title='bbox 452 1499 840 1567; x_wconf 81' lang='lat' dir='ltr'><strong>exercitatos</strong></span> <span class='ocrx_word' id='word_1_108' title='bbox 881 1507 946 1564; x_wconf 90' lang='lat' dir='ltr'><strong>et</strong></span> <span class='ocrx_word' id='word_1_109' title='bbox 995 1498 1070 1563; x_wconf 87' lang='lat' dir='ltr'><strong>ad</strong></span> <span class='ocrx_word' id='word_1_110' title='bbox 1122 1500 1438 1585; x_wconf 87' lang='lat' dir='ltr'><strong>cuiusque</strong></span> <span class='ocrx_word' id='word_1_111' title='bbox 1488 1497 1605 1564; x_wconf 92' lang='lat' dir='ltr'><strong>loci</strong></span> <span class='ocrx_word' id='word_1_112' title='bbox 1651 1498 2036 1563; x_wconf 82' lang='lat' dir='ltr'><strong>sententiam</strong></span> <span class='ocrx_word' id='word_1_113' title='bbox 2080 1497 2320 1562; x_wconf 83' lang='lat' dir='ltr'><strong>acriter</strong></span> <span class='ocrx_word' id='word_1_114' title='bbox 2364 1496 2664 1561; x_wconf 85' lang='lat' dir='ltr'><strong>animum</strong></span> 
     </span>
     <span class='ocr_line' id='line_1_13' title="bbox 279 1601 2660 1691; baseline -0.001 -22"><span class='ocrx_word' id='word_1_115' title='bbox 279 1604 578 1671; x_wconf 79' lang='lat' dir='ltr'><strong>intendas</strong></span> <span class='ocrx_word' id='word_1_116' title='bbox 616 1614 677 1670; x_wconf 90' lang='lat' dir='ltr'><strong>et</strong></span> <span class='ocrx_word' id='word_1_117' title='bbox 730 1602 882 1691; x_wconf 85' lang='lat' dir='ltr'><strong>quid</strong></span> <span class='ocrx_word' id='word_1_118' title='bbox 932 1603 1246 1670; x_wconf 87' lang='lat' dir='ltr'><strong>Graecum</strong></span> <span class='ocrx_word' id='word_1_119' title='bbox 1292 1606 1417 1681; x_wconf 86' lang='lat' dir='ltr'><strong>sit,</strong></span> <span class='ocrx_word' id='word_1_120' title='bbox 1462 1602 1618 1689; x_wconf 91' lang='lat' dir='ltr'><strong>quid</strong></span> <span class='ocrx_word' id='word_1_121' title='bbox 1658 1622 1780 1667; x_wconf 89' lang='lat' dir='ltr'><strong>nou</strong></span> <span class='ocrx_word' id='word_1_122' title='bbox 1831 1604 1949 1677; x_wconf 84' lang='lat' dir='ltr'><strong>sit,</strong></span> <span class='ocrx_word' id='word_1_123' title='bbox 2002 1601 2194 1689; x_wconf 83' lang='lat' dir='ltr'><strong>probe</strong></span> <span class='ocrx_word' id='word_1_124' title='bbox 2234 1602 2607 1668; x_wconf 85' lang='lat' dir='ltr'><strong>memineris</strong></span> <span class='ocrx_word' id='word_1_125' title='bbox 2639 1652 2660 1681; x_wconf 86' lang='lat'>‚</span> 
     </span>
     <span class='ocr_line' id='line_1_14' title="bbox 280 1706 2667 1797; baseline 0 -23"><span class='ocrx_word' id='word_1_126' title='bbox 280 1709 484 1775; x_wconf 87' lang='lat' dir='ltr'><strong>oculis</strong></span> <span class='ocrx_word' id='word_1_127' title='bbox 541 1707 696 1797; x_wconf 89' lang='lat' dir='ltr'><strong>quid</strong></span> <span class='ocrx_word' id='word_1_128' title='bbox 770 1708 998 1774; x_wconf 88' lang='lat' dir='ltr'><strong>horum</strong></span> <span class='ocrx_word' id='word_1_129' title='bbox 1048 1710 1337 1775; x_wconf 80' lang='lat' dir='ltr'><strong>omnium</strong></span> <span class='ocrx_word' id='word_1_130' title='bbox 1398 1711 1483 1775; x_wconf 85' lang='lat' dir='ltr'><strong>sit</strong></span> <span class='ocrx_word' id='word_1_131' title='bbox 1531 1710 1851 1796; x_wconf 84' lang='lat' dir='ltr'><strong>scriptum</strong></span> <span class='ocrx_word' id='word_1_132' title='bbox 1915 1715 2094 1773; x_wconf 82' lang='lat' dir='ltr'><strong>certo</strong></span> <span class='ocrx_word' id='word_1_133' title='bbox 2154 1706 2531 1792; x_wconf 76' lang='lat' dir='ltr'><strong>dignoscere</strong></span> <span class='ocrx_word' id='word_1_134' title='bbox 2590 1719 2667 1776; x_wconf 84' lang='lat' dir='ltr'><strong>et</strong></span> 
     </span>
     <span class='ocr_line' id='line_1_15' title="bbox 281 1811 2657 1903; baseline 0.001 -24"><span class='ocrx_word' id='word_1_135' title='bbox 281 1814 524 1900; x_wconf 87' lang='lat' dir='ltr'><strong>liquido</strong></span> <span class='ocrx_word' id='word_1_136' title='bbox 563 1813 830 1881; x_wconf 83' lang='lat' dir='ltr'><strong>definire</strong></span> <span class='ocrx_word' id='word_1_137' title='bbox 874 1816 1138 1881; x_wconf 89' lang='lat' dir='ltr'><strong>minime</strong></span> <span class='ocrx_word' id='word_1_138' title='bbox 1181 1815 1407 1903; x_wconf 87' lang='lat' dir='ltr'><strong>possis.</strong></span> <span class='ocrx_word' id='word_1_139' title='bbox 1505 1812 1686 1901; x_wconf 80' lang='lat' dir='ltr'><strong>Apud</strong></span> <span class='ocrx_word' id='word_1_140' title='bbox 1733 1811 2132 1879; x_wconf 74' lang='lat' dir='ltr'><strong>Athenaeum</strong></span> <span class='ocrx_word' id='word_1_141' title='bbox 2184 1813 2260 1880; x_wconf 87' lang='lat' dir='ltr'><strong>X.</strong></span> <span class='ocrx_word' id='word_1_142' title='bbox 2303 1834 2366 1901; x_wconf 86' lang='lat' dir='ltr'><strong>p.</strong></span> <span class='ocrx_word' id='word_1_143' title='bbox 2405 1818 2557 1881; x_wconf 77' lang='lat'><strong>441.</strong></span> <span class='ocrx_word' id='word_1_144' title='bbox 2598 1823 2657 1880; x_wconf 84' lang='lat' dir='ltr'>E</span> 
     </span>
     <span class='ocr_line' id='line_1_16' title="bbox 279 1919 1320 1987; baseline 0.001 -1"><span class='ocrx_word' id='word_1_145' title='bbox 279 1939 357 1986; x_wconf 84' lang='lat' dir='ltr'><strong>ex</strong></span> <span class='ocrx_word' id='word_1_146' title='bbox 410 1919 669 1987; x_wconf 81' lang='lat' dir='ltr'><strong>Platone</strong></span> <span class='ocrx_word' id='word_1_147' title='bbox 717 1921 974 1986; x_wconf 88' lang='lat' dir='ltr'><strong>Comico</strong></span> <span class='ocrx_word' id='word_1_148' title='bbox 1016 1920 1320 1987; x_wconf 81' lang='lat' dir='ltr'><strong>affertur:</strong></span> 
     </span>
    </p>

    <p class='ocr_par' dir='ltr' id='par_1_3' title="bbox 825 2024 1898 2105">
     <span class='ocr_line' id='line_1_17' title="bbox 825 2024 1898 2105; baseline 0 -13"><span class='ocrx_word' id='word_1_149' title='bbox 825 2024 1019 2104; x_wconf 69' lang='grc' dir='ltr'><strong><em>ἷξες-ιν</em></strong></span> <span class='ocrx_word' id='word_1_150' title='bbox 1067 2027 1209 2105; x_wconf 78' lang='grc' dir='ltr'><strong><em>ὑμῖν</em></strong></span> <span class='ocrx_word' id='word_1_151' title='bbox 1257 2026 1535 2104; x_wconf 73' lang='grc' dir='ltr'><strong>διακενῆς</strong></span> <span class='ocrx_word' id='word_1_152' title='bbox 1585 2029 1860 2101; x_wconf 76' lang='grc' dir='ltr'><strong><em>κινητιᾶν</em></strong></span> <span class='ocrx_word' id='word_1_153' title='bbox 1883 2076 1898 2092; x_wconf 95' lang='grc'><strong>.</strong></span> 
     </span>
    </p>

    <p class='ocr_par' dir='ltr' id='par_1_4' title="bbox 280 2129 2665 3064">
     <span class='ocr_line' id='line_1_18' title="bbox 280 2129 2660 2218; baseline 0.001 -23"><span class='ocrx_word' id='word_1_154' title='bbox 280 2129 392 2196; x_wconf 87' lang='lat' dir='ltr'><strong>sed</strong></span> <span class='ocrx_word' id='word_1_155' title='bbox 439 2136 709 2206; x_wconf 72' lang='grc' dir='ltr'><strong><em>κινητιᾶν</em></strong></span> <span class='ocrx_word' id='word_1_156' title='bbox 762 2151 840 2198; x_wconf 90' lang='lat' dir='ltr'><strong>nc</strong></span> <span class='ocrx_word' id='word_1_157' title='bbox 886 2132 1200 2197; x_wconf 84' lang='lat' dir='ltr'><strong>Graecum</strong></span> <span class='ocrx_word' id='word_1_158' title='bbox 1251 2131 1510 2218; x_wconf 81' lang='lat' dir='ltr'><strong>quidem</strong></span> <span class='ocrx_word' id='word_1_159' title='bbox 1562 2142 1694 2208; x_wconf 86' lang='lat' dir='ltr'><strong>est,</strong></span> <span class='ocrx_word' id='word_1_160' title='bbox 1746 2131 2024 2216; x_wconf 78' lang='lat' dir='ltr'><strong>Heringa</strong></span> <span class='ocrx_word' id='word_1_161' title='bbox 2075 2150 2299 2197; x_wconf 86' lang='lat' dir='ltr'><strong>verum</strong></span> <span class='ocrx_word' id='word_1_162' title='bbox 2352 2130 2511 2198; x_wconf 82' lang='lat' dir='ltr'><strong>vidit</strong></span> <span class='ocrx_word' id='word_1_163' title='bbox 2555 2132 2660 2213; x_wconf 89' lang='grc' dir='ltr'><strong><em>βι-</em></strong></span> 
     </span>
     <span class='ocr_line' id='line_1_19' title="bbox 281 2234 2662 2324; baseline 0 -22"><span class='ocrx_word' id='word_1_164' title='bbox 281 2241 490 2314; x_wconf 74' lang='grc' dir='ltr'><strong><em>νητιᾶν</em></strong></span> <span class='ocrx_word' id='word_1_165' title='bbox 545 2256 879 2323; x_wconf 78' lang='lat' dir='ltr'><strong>reponens,</strong></span> <span class='ocrx_word' id='word_1_166' title='bbox 982 2236 1049 2301; x_wconf 93' lang='lat' dir='ltr'><strong>ln</strong></span> <span class='ocrx_word' id='word_1_167' title='bbox 1105 2239 1294 2302; x_wconf 90' lang='lat' dir='ltr'><strong>unico</strong></span> <span class='ocrx_word' id='word_1_168' title='bbox 1358 2238 1587 2302; x_wconf 84' lang='lat' dir='ltr'><strong>Codice</strong></span> <span class='ocrx_word' id='word_1_169' title='bbox 1650 2236 1974 2302; x_wconf 78' lang='lat' dir='ltr'><strong>Marciano</strong></span> <span class='ocrx_word' id='word_1_170' title='bbox 2036 2234 2281 2324; x_wconf 89' lang='lat' dir='ltr'><strong>liquido</strong></span> <span class='ocrx_word' id='word_1_171' title='bbox 2342 2238 2662 2324; x_wconf 86' lang='lat' dir='ltr'><strong>scriptum</strong></span> 
     </span>
     <span class='ocr_line' id='line_1_20' title="bbox 281 2341 2665 2429; baseline 0.002 -23"><span class='ocrx_word' id='word_1_172' title='bbox 281 2362 419 2407; x_wconf 86' lang='lat' dir='ltr'><strong>esse</strong></span> <span class='ocrx_word' id='word_1_173' title='bbox 460 2341 588 2407; x_wconf 82' lang='lat' dir='ltr'><strong>vidi</strong></span> <span class='ocrx_word' id='word_1_174' title='bbox 626 2342 947 2421; x_wconf 74' lang='grc' dir='ltr'><strong><em>βινητιᾶν,</em></strong></span> <span class='ocrx_word' id='word_1_175' title='bbox 984 2362 1127 2408; x_wconf 89' lang='lat' dir='ltr'><strong>nam</strong></span> <span class='ocrx_word' id='word_1_176' title='bbox 1171 2343 1222 2421; x_wconf 85' lang='grc' dir='ltr'><strong><em>β</em></strong></span> <span class='ocrx_word' id='word_1_177' title='bbox 1262 2354 1320 2408; x_wconf 90' lang='lat' dir='ltr'><strong>et</strong></span> <span class='ocrx_word' id='word_1_178' title='bbox 1357 2367 1395 2408; x_wconf 83' lang='grc' dir='ltr'><strong><em>κ</em></strong></span> <span class='ocrx_word' id='word_1_179' title='bbox 1431 2344 1519 2408; x_wconf 89' lang='lat' dir='ltr'><strong>ita</strong></span> <span class='ocrx_word' id='word_1_180' title='bbox 1559 2342 2060 2426; x_wconf 82' lang='lat' dir='ltr'><strong>distinguuntur</strong></span> <span class='ocrx_word' id='word_1_181' title='bbox 2101 2350 2171 2407; x_wconf 85' lang='lat' dir='ltr'><strong>ut</strong></span> <span class='ocrx_word' id='word_1_182' title='bbox 2209 2345 2384 2429; x_wconf 77' lang='lat' dir='ltr'><strong>prior</strong></span> <span class='ocrx_word' id='word_1_183' title='bbox 2424 2342 2665 2410; x_wconf 87' lang='lat' dir='ltr'><strong>ductus</strong></span> 
     </span>
     <span class='ocr_line' id='line_1_21' title="bbox 280 2447 2663 2537; baseline 0.001 -25"><span class='ocrx_word' id='word_1_184' title='bbox 280 2448 346 2513; x_wconf 90' lang='lat' dir='ltr'><strong>in</strong></span> <span class='ocrx_word' id='word_1_185' title='bbox 398 2471 437 2512; x_wconf 84' lang='grc' dir='ltr'><strong><em>κ</em></strong></span> <span class='ocrx_word' id='word_1_186' title='bbox 485 2463 736 2514; x_wconf 82' lang='lat' dir='ltr'><strong>caetera</strong></span> <span class='ocrx_word' id='word_1_187' title='bbox 779 2448 1150 2514; x_wconf 87' lang='lat' dir='ltr'><strong>simillimus</strong></span> <span class='ocrx_word' id='word_1_188' title='bbox 1203 2448 1423 2537; x_wconf 76' lang='lat' dir='ltr'><strong>paullo</strong></span> <span class='ocrx_word' id='word_1_189' title='bbox 1473 2449 1559 2514; x_wconf 87' lang='lat' dir='ltr'><strong>sit</strong></span> <span class='ocrx_word' id='word_1_190' title='bbox 1618 2447 1907 2532; x_wconf 82' lang='lat' dir='ltr'><strong>longior,</strong></span> <span class='ocrx_word' id='word_1_191' title='bbox 1961 2447 2069 2513; x_wconf 86' lang='lat' dir='ltr'><strong>sed</strong></span> <span class='ocrx_word' id='word_1_192' title='bbox 2137 2455 2264 2513; x_wconf 90' lang='lat' dir='ltr'><strong>tam</strong></span> <span class='ocrx_word' id='word_1_193' title='bbox 2320 2458 2513 2515; x_wconf 90' lang='lat' dir='ltr'><strong>tenue</strong></span> <span class='ocrx_word' id='word_1_194' title='bbox 2559 2448 2663 2515; x_wconf 89' lang='lat' dir='ltr'><strong>di-</strong></span> 
     </span>
     <span class='ocr_line' id='line_1_22' title="bbox 283 2553 2662 2639; baseline 0.001 -20"><span class='ocrx_word' id='word_1_195' title='bbox 283 2554 558 2619; x_wconf 87' lang='lat' dir='ltr'><strong>scrimen</strong></span> <span class='ocrx_word' id='word_1_196' title='bbox 611 2562 708 2620; x_wconf 85' lang='lat' dir='ltr'><strong>est</strong></span> <span class='ocrx_word' id='word_1_197' title='bbox 757 2562 826 2618; x_wconf 87' lang='lat' dir='ltr'><strong>nt</strong></span> <span class='ocrx_word' id='word_1_198' title='bbox 873 2554 997 2618; x_wconf 76' lang='lat' dir='ltr'><strong>nisi</strong></span> <span class='ocrx_word' id='word_1_199' title='bbox 1040 2554 1155 2620; x_wconf 75' lang='lat' dir='ltr'><strong>hoc</strong></span> <span class='ocrx_word' id='word_1_200' title='bbox 1201 2576 1355 2639; x_wconf 61' lang='lat' dir='ltr'><strong>agas</strong></span> <span class='ocrx_word' id='word_1_201' title='bbox 1398 2565 1459 2620; x_wconf 89' lang='lat' dir='ltr'><strong>te</strong></span> <span class='ocrx_word' id='word_1_202' title='bbox 1506 2553 1680 2620; x_wconf 78' lang='lat' dir='ltr'><strong>sallat</strong></span> <span class='ocrx_word' id='word_1_203' title='bbox 1724 2555 2064 2639; x_wconf 67' lang='lat' dir='ltr'><strong>legente-m.</strong></span> <span class='ocrx_word' id='word_1_204' title='bbox 2140 2554 2411 2621; x_wconf 80' lang='lat' dir='ltr'><strong>Possunt</strong></span> <span class='ocrx_word' id='word_1_205' title='bbox 2461 2556 2662 2621; x_wconf 88' lang='lat' dir='ltr'><strong>etiam</strong></span> 
     </span>
     <span class='ocr_line' id='line_1_23' title="bbox 281 2658 2657 2745; baseline 0.001 -21"><span class='ocrx_word' id='word_1_206' title='bbox 281 2683 320 2724; x_wconf 83' lang='grc' dir='ltr'><strong><em>κ</em></strong></span> <span class='ocrx_word' id='word_1_207' title='bbox 366 2668 427 2724; x_wconf 87' lang='lat' dir='ltr'><strong>et</strong></span> <span class='ocrx_word' id='word_1_208' title='bbox 480 2685 515 2736; x_wconf 77' lang='grc' dir='ltr'><em>η</em></span> <span class='ocrx_word' id='word_1_209' title='bbox 569 2660 737 2724; x_wconf 83' lang='lat' dir='ltr'><strong>inter</strong></span> <span class='ocrx_word' id='word_1_210' title='bbox 784 2678 853 2723; x_wconf 91' lang='lat' dir='ltr'><strong>se</strong></span> <span class='ocrx_word' id='word_1_211' title='bbox 901 2658 1188 2745; x_wconf 79' lang='lat' dir='ltr'><strong>dignosci</strong></span> <span class='ocrx_word' id='word_1_212' title='bbox 1241 2660 1347 2726; x_wconf 88' lang='lat' dir='ltr'><strong>sed</strong></span> <span class='ocrx_word' id='word_1_213' title='bbox 1414 2661 1793 2726; x_wconf 88' lang='lat' dir='ltr'><strong>tenuissima</strong></span> <span class='ocrx_word' id='word_1_214' title='bbox 1845 2658 2087 2727; x_wconf 76' lang='lat' dir='ltr'><strong>formae</strong></span> <span class='ocrx_word' id='word_1_215' title='bbox 2135 2659 2513 2728; x_wconf 83' lang='lat' dir='ltr'><strong>diversitate</strong></span> <span class='ocrx_word' id='word_1_216' title='bbox 2560 2661 2657 2728; x_wconf 88' lang='lat' dir='ltr'><strong>vel</strong></span> 
     </span>
     <span class='ocr_line' id='line_1_24' title="bbox 285 2764 2659 2853; baseline 0.002 -23"><span class='ocrx_word' id='word_1_217' title='bbox 285 2765 750 2830; x_wconf 81' lang='lat' dir='ltr'><strong>intentissimos</strong></span> <span class='ocrx_word' id='word_1_218' title='bbox 789 2764 1006 2831; x_wconf 87' lang='lat' dir='ltr'><strong>oculos</strong></span> <span class='ocrx_word' id='word_1_219' title='bbox 1049 2785 1235 2853; x_wconf 71' lang='lat' dir='ltr'><strong>saepe</strong></span> <span class='ocrx_word' id='word_1_220' title='bbox 1279 2765 1550 2831; x_wconf 78' lang='lat' dir='ltr'><strong>fallente.</strong></span> <span class='ocrx_word' id='word_1_221' title='bbox 1620 2764 1726 2832; x_wconf 90' lang='lat' dir='ltr'><strong>Sic</strong></span> <span class='ocrx_word' id='word_1_222' title='bbox 1770 2766 2369 2850; x_wconf 80' lang='lat' dir='ltr'><strong>igitur‘sexcenties</strong></span> <span class='ocrx_word' id='word_1_223' title='bbox 2411 2766 2659 2834; x_wconf 81' lang='lat' dir='ltr'><strong>sactum</strong></span> 
     </span>
     <span class='ocr_line' id='line_1_25' title="bbox 282 2870 2659 2961; baseline 0.002 -26"><span class='ocrx_word' id='word_1_224' title='bbox 282 2879 380 2935; x_wconf 88' lang='lat' dir='ltr'><strong>est</strong></span> <span class='ocrx_word' id='word_1_225' title='bbox 456 2878 522 2936; x_wconf 90' lang='lat' dir='ltr'><strong>ut</strong></span> <span class='ocrx_word' id='word_1_226' title='bbox 583 2871 634 2949; x_wconf 89' lang='grc' dir='ltr'><strong><em>β</em></strong></span> <span class='ocrx_word' id='word_1_227' title='bbox 698 2879 762 2935; x_wconf 89' lang='lat' dir='ltr'><strong>et</strong></span> <span class='ocrx_word' id='word_1_228' title='bbox 810 2895 845 2946; x_wconf 77' lang='grc' dir='ltr'><em>η</em></span> <span class='ocrx_word' id='word_1_229' title='bbox 898 2879 962 2936; x_wconf 85' lang='lat' dir='ltr'><strong>et</strong></span> <span class='ocrx_word' id='word_1_230' title='bbox 1020 2895 1059 2936; x_wconf 83' lang='grc' dir='ltr'><strong><em>κ</em></strong></span> <span class='ocrx_word' id='word_1_231' title='bbox 1125 2871 1396 2937; x_wconf 86' lang='lat' dir='ltr'><strong>mirifice</strong></span> <span class='ocrx_word' id='word_1_232' title='bbox 1452 2874 1626 2937; x_wconf 84' lang='lat' dir='ltr'><strong>inter</strong></span> <span class='ocrx_word' id='word_1_233' title='bbox 1688 2891 1757 2936; x_wconf 87' lang='lat' dir='ltr'><strong>se</strong></span> <span class='ocrx_word' id='word_1_234' title='bbox 1806 2870 2378 2939; x_wconf 81' lang='lat' dir='ltr'><strong>confunderentur.</strong></span> <span class='ocrx_word' id='word_1_235' title='bbox 2475 2872 2659 2961; x_wconf 77' lang='lat' dir='ltr'><strong>Apud</strong></span> 
     </span>
     <span class='ocr_line' id='line_1_26' title="bbox 286 2975 2409 3064; baseline 0.001 -21"><span class='ocrx_word' id='word_1_236' title='bbox 286 2975 683 3043; x_wconf 78' lang='lat' dir='ltr'><strong>Athenaeum</strong></span> <span class='ocrx_word' id='word_1_237' title='bbox 731 2975 834 3042; x_wconf 87' lang='grc' dir='ltr'><strong>ΙΧ.</strong></span> <span class='ocrx_word' id='word_1_238' title='bbox 889 2997 946 3062; x_wconf 79' lang='lat' dir='ltr'><strong>p.</strong></span> <span class='ocrx_word' id='word_1_239' title='bbox 996 2982 1128 3044; x_wconf 84' lang='lat'><strong>570</strong></span> <span class='ocrx_word' id='word_1_240' title='bbox 1166 2987 1218 3044; x_wconf 85' lang='lat' dir='ltr'>E</span> <span class='ocrx_word' id='word_1_241' title='bbox 1267 2975 1580 3042; x_wconf 81' lang='lat' dir='ltr'><strong>edebatur</strong></span> <span class='ocrx_word' id='word_1_242' title='bbox 1628 2977 1691 3041; x_wconf 90' lang='lat' dir='ltr'><strong>in</strong></span> <span class='ocrx_word' id='word_1_243' title='bbox 1735 2975 2095 3060; x_wconf 81' lang='lat' dir='ltr'><strong>fragmento</strong></span> <span class='ocrx_word' id='word_1_244' title='bbox 2141 2977 2409 3064; x_wconf 75' lang='lat' dir='ltr'><strong>Diphili:</strong></span> 
     </span>
    </p>

    <p class='ocr_par' dir='ltr' id='par_1_5' title="bbox 645 3082 2271 3163">
     <span class='ocr_line' id='line_1_27' title="bbox 645 3082 2271 3163; baseline 0.002 -16"><span class='ocrx_word' id='word_1_245' title='bbox 645 3082 1026 3148; x_wconf 67' lang='grc' dir='ltr'><em>ἁπαλώτατ’</em></span> <span class='ocrx_word' id='word_1_246' title='bbox 1072 3085 1234 3150; x_wconf 74' lang='grc' dir='ltr'><strong><em>οὐδὲν</em></strong></span> <span class='ocrx_word' id='word_1_247' title='bbox 1282 3084 1380 3163; x_wconf 74' lang='grc' dir='ltr'><strong>μὰ</strong></span> <span class='ocrx_word' id='word_1_248' title='bbox 1427 3084 1558 3149; x_wconf 82' lang='grc' dir='ltr'><strong>Διάι</strong></span> <span class='ocrx_word' id='word_1_249' title='bbox 1602 3091 1730 3155; x_wconf 78' lang='grc' dir='ltr'><strong>τοῖς</strong></span> <span class='ocrx_word' id='word_1_250' title='bbox 1779 3082 1946 3161; x_wconf 78' lang='grc' dir='ltr'><em>ἐμοῖς</em></span> <span class='ocrx_word' id='word_1_251' title='bbox 1991 3083 2097 3149; x_wconf 67' lang='grc' dir='ltr'><strong>καὶ</strong></span> <span class='ocrx_word' id='word_1_252' title='bbox 2144 3093 2271 3159; x_wconf 80' lang='grc' dir='ltr'><strong>τοῖς</strong></span> 
     </span>
    </p>

    <p class='ocr_par' dir='ltr' id='par_1_6' title="bbox 281 3183 2661 4225">
     <span class='ocr_line' id='line_1_28' title="bbox 644 3183 1231 3267; baseline 0.002 -15"><span class='ocrx_word' id='word_1_253' title='bbox 644 3183 825 3266; x_wconf 73' lang='grc' dir='ltr'><strong><em>ὅμοια</em></strong></span> <span class='ocrx_word' id='word_1_254' title='bbox 874 3187 1231 3267; x_wconf 70' lang='grc' dir='ltr'><strong>πράγματ’.</strong></span> 
     </span>
     <span class='ocr_line' id='line_1_29' title="bbox 284 3289 2659 3380; baseline 0.003 -23"><span class='ocrx_word' id='word_1_255' title='bbox 284 3293 524 3380; x_wconf 84' lang='lat' dir='ltr'><strong>optime</strong></span> <span class='ocrx_word' id='word_1_256' title='bbox 569 3289 1188 3377; x_wconf 84' lang='lat' dir='ltr'><strong>Schweighauserus</strong></span> <span class='ocrx_word' id='word_1_257' title='bbox 1229 3301 1356 3366; x_wconf 80' lang='grc' dir='ltr'><strong><em>τοῖς</em></strong></span> <span class='ocrx_word' id='word_1_258' title='bbox 1404 3294 1574 3372; x_wconf 78' lang='grc' dir='ltr'><em>ἐμοῖς</em></span> <span class='ocrx_word' id='word_1_259' title='bbox 1619 3294 1980 3373; x_wconf 70' lang='grc' dir='ltr'><strong><em>βλιτοΐς.</em></strong></span> <span class='ocrx_word' id='word_1_260' title='bbox 2079 3295 2145 3360; x_wconf 90' lang='lat' dir='ltr'><strong>ln</strong></span> <span class='ocrx_word' id='word_1_261' title='bbox 2199 3297 2396 3363; x_wconf 86' lang='lat' dir='ltr'><strong>unico</strong></span> <span class='ocrx_word' id='word_1_262' title='bbox 2430 3296 2659 3364; x_wconf 86' lang='lat' dir='ltr'><strong>Codice</strong></span> 
     </span>
     <span class='ocr_line' id='line_1_30' title="bbox 284 3397 2660 3483; baseline 0.003 -21"><span class='ocrx_word' id='word_1_263' title='bbox 284 3398 601 3483; x_wconf 75' lang='lat' dir='ltr'><strong>scriptum</strong></span> <span class='ocrx_word' id='word_1_264' title='bbox 651 3418 790 3463; x_wconf 83' lang='lat' dir='ltr'><strong>esse</strong></span> <span class='ocrx_word' id='word_1_265' title='bbox 838 3397 967 3463; x_wconf 87' lang='lat' dir='ltr'><strong>vidi</strong></span> <span class='ocrx_word' id='word_1_266' title='bbox 1024 3405 1163 3464; x_wconf 82' lang='grc' dir='ltr'><strong><em>τοῖο·</em></strong></span> <span class='ocrx_word' id='word_1_267' title='bbox 1207 3398 1383 3475; x_wconf 59' lang='lat' dir='ltr'><strong>§aare</strong></span> <span class='ocrx_word' id='word_1_268' title='bbox 1426 3399 1479 3477; x_wconf 90' lang='grc' dir='ltr'><strong><em>β</em></strong></span> <span class='ocrx_word' id='word_1_269' title='bbox 1495 3423 1575 3465; x_wconf 68' lang='lat' dir='ltr'><strong>aa</strong></span> <span class='ocrx_word' id='word_1_270' title='bbox 1628 3423 1779 3467; x_wconf 61' lang='lat' dir='ltr'><strong>tow.</strong></span> <span class='ocrx_word' id='word_1_271' title='bbox 1883 3400 2259 3468; x_wconf 84' lang='lat' dir='ltr'><strong>Describens</strong></span> <span class='ocrx_word' id='word_1_272' title='bbox 2306 3412 2660 3469; x_wconf 81' lang='lat' dir='ltr'><strong>BAITOIC</strong></span> 
     </span>
     <span class='ocr_line' id='line_1_31' title="bbox 281 3501 2661 3596; baseline 0.002 -28"><span class='ocrx_word' id='word_1_273' title='bbox 281 3501 588 3569; x_wconf 81' lang='lat' dir='ltr'><strong>librarius</strong></span> <span class='ocrx_word' id='word_1_274' title='bbox 647 3514 782 3571; x_wconf 85' lang='grc' dir='ltr'><strong>ΒΑῙ</strong></span> <span class='ocrx_word' id='word_1_275' title='bbox 829 3524 971 3569; x_wconf 81' lang='lat' dir='ltr'><strong>esse</strong></span> <span class='ocrx_word' id='word_1_276' title='bbox 1018 3501 1294 3570; x_wconf 84' lang='lat' dir='ltr'><strong>credidit</strong></span> <span class='ocrx_word' id='word_1_277' title='bbox 1341 3512 1404 3570; x_wconf 75' lang='lat' dir='ltr'><strong>vt</strong></span> <span class='ocrx_word' id='word_1_278' title='bbox 1447 3503 1566 3584; x_wconf 73' lang='grc' dir='ltr'><strong><em>βαι</em></strong></span> <span class='ocrx_word' id='word_1_279' title='bbox 1612 3529 1745 3571; x_wconf 65' lang='lat' dir='ltr'><strong>roeo·</strong></span> <span class='ocrx_word' id='word_1_280' title='bbox 1786 3504 1997 3573; x_wconf 83' lang='lat' dir='ltr'><strong>dedit:</strong></span> <span class='ocrx_word' id='word_1_281' title='bbox 2061 3507 2293 3575; x_wconf 81' lang='lat' dir='ltr'><strong>deinde</strong></span> <span class='ocrx_word' id='word_1_282' title='bbox 2336 3511 2447 3596; x_wconf 85' lang='lat' dir='ltr'><strong>qui</strong></span> <span class='ocrx_word' id='word_1_283' title='bbox 2492 3508 2661 3575; x_wconf 79' lang='lat' dir='ltr'><strong>Mar-</strong></span> 
     </span>
     <span class='ocr_line' id='line_1_32' title="bbox 284 3607 2656 3701; baseline 0.003 -28"><span class='ocrx_word' id='word_1_284' title='bbox 284 3609 544 3674; x_wconf 86' lang='lat' dir='ltr'><strong>cianum</strong></span> <span class='ocrx_word' id='word_1_285' title='bbox 610 3607 1092 3697; x_wconf 79' lang='lat' dir='ltr'><strong>descripserunt</strong></span> <span class='ocrx_word' id='word_1_286' title='bbox 1155 3618 1264 3675; x_wconf 83' lang='lat' dir='ltr'><strong>aut</strong></span> <span class='ocrx_word' id='word_1_287' title='bbox 1322 3609 1741 3678; x_wconf 78' lang='lat' dir='ltr'><strong>contulerunt</strong></span> <span class='ocrx_word' id='word_1_288' title='bbox 1800 3613 1913 3678; x_wconf 65' lang='grc' dir='ltr'><strong>καί</strong></span> <span class='ocrx_word' id='word_1_289' title='bbox 1972 3633 2112 3680; x_wconf 89' lang='lat' dir='ltr'><strong>csse</strong></span> <span class='ocrx_word' id='word_1_290' title='bbox 2168 3615 2411 3701; x_wconf 88' lang='lat' dir='ltr'><strong>opinati</strong></span> <span class='ocrx_word' id='word_1_291' title='bbox 2479 3622 2656 3681; x_wconf 82' lang='lat' dir='ltr'><strong>sunt.</strong></span> 
     </span>
     <span class='ocr_line' id='line_1_33' title="bbox 287 3712 2656 3803; baseline 0.002 -22"><span class='ocrx_word' id='word_1_292' title='bbox 287 3712 523 3781; x_wconf 81' lang='lat' dir='ltr'><strong>Eodem</strong></span> <span class='ocrx_word' id='word_1_293' title='bbox 578 3712 763 3780; x_wconf 84' lang='lat' dir='ltr'><strong>ruodo</strong></span> <span class='ocrx_word' id='word_1_294' title='bbox 815 3714 1047 3802; x_wconf 49' lang='lat' dir='ltr'><strong>uhiyev</strong></span> <span class='ocrx_word' id='word_1_295' title='bbox 1093 3717 1408 3803; x_wconf 77' lang='lat' dir='ltr'><strong>scriptum</strong></span> <span class='ocrx_word' id='word_1_296' title='bbox 1460 3726 1561 3782; x_wconf 70' lang='lat' dir='ltr'><strong>est</strong></span> <span class='ocrx_word' id='word_1_297' title='bbox 1618 3717 1712 3784; x_wconf 76' lang='lat' dir='ltr'><strong>vel</strong></span> <span class='ocrx_word' id='word_1_298' title='bbox 1761 3743 1833 3793; x_wconf 79' lang='lat' dir='ltr'><strong>nv</strong></span> <span class='ocrx_word' id='word_1_299' title='bbox 1891 3717 1988 3785; x_wconf 79' lang='lat' dir='ltr'><strong>vel</strong></span> <span class='ocrx_word' id='word_1_300' title='bbox 2036 3743 2109 3796; x_wconf 79' lang='grc' dir='ltr'><strong>ηυ</strong></span> <span class='ocrx_word' id='word_1_301' title='bbox 2170 3738 2311 3786; x_wconf 86' lang='lat' dir='ltr'><strong>esse</strong></span> <span class='ocrx_word' id='word_1_302' title='bbox 2360 3719 2656 3800; x_wconf 82' lang='lat' dir='ltr'><strong>videtur,</strong></span> 
     </span>
     <span class='ocr_line' id='line_1_34' title="bbox 284 3819 2659 3916; baseline 0.004 -33"><span class='ocrx_word' id='word_1_303' title='bbox 284 3820 474 3886; x_wconf 82' lang='lat' dir='ltr'><strong>cuius</strong></span> <span class='ocrx_word' id='word_1_304' title='bbox 534 3822 626 3886; x_wconf 86' lang='lat' dir='ltr'><strong>rei</strong></span> <span class='ocrx_word' id='word_1_305' title='bbox 675 3819 803 3886; x_wconf 91' lang='lat' dir='ltr'><strong>duo</strong></span> <span class='ocrx_word' id='word_1_306' title='bbox 866 3820 1097 3887; x_wconf 84' lang='lat' dir='ltr'><strong>eximia</strong></span> <span class='ocrx_word' id='word_1_307' title='bbox 1147 3821 1431 3909; x_wconf 78' lang='lat' dir='ltr'><strong>exempla</strong></span> <span class='ocrx_word' id='word_1_308' title='bbox 1492 3822 1814 3888; x_wconf 86' lang='lat' dir='ltr'><strong>Porsonus</strong></span> <span class='ocrx_word' id='word_1_309' title='bbox 1863 3826 2131 3911; x_wconf 86' lang='lat' dir='ltr'><strong>protulit</strong></span> <span class='ocrx_word' id='word_1_310' title='bbox 2179 3824 2257 3890; x_wconf 89' lang='lat' dir='ltr'><strong>ad</strong></span> <span class='ocrx_word' id='word_1_311' title='bbox 2312 3825 2539 3916; x_wconf 82' lang='lat' dir='ltr'><strong>Odyss.</strong></span> <span class='ocrx_word' id='word_1_312' title='bbox 2590 3836 2659 3896; x_wconf 84' lang='grc' dir='ltr'><strong>Ξ.</strong></span> 
     </span>
     <span class='ocr_line' id='line_1_35' title="bbox 285 3924 2659 4014; baseline 0.003 -24"><span class='ocrx_word' id='word_1_313' title='bbox 285 3929 416 3993; x_wconf 79' lang='lat'><strong>206</strong></span> <span class='ocrx_word' id='word_1_314' title='bbox 465 3925 640 4002; x_wconf 73' lang='grc' dir='ltr'><strong><em>ἐνῆν</em></strong></span> <span class='ocrx_word' id='word_1_315' title='bbox 688 3950 813 4007; x_wconf 78' lang='grc' dir='ltr'><strong>πρω</strong></span> <span class='ocrx_word' id='word_1_316' title='bbox 847 3933 910 3990; x_wconf 89' lang='lat' dir='ltr'><strong>el</strong></span> <span class='ocrx_word' id='word_1_317' title='bbox 952 3924 1116 4000; x_wconf 72' lang='grc' dir='ltr'><strong><em>ἐντὸς</em></strong></span> <span class='ocrx_word' id='word_1_318' title='bbox 1156 3926 1272 4007; x_wconf 63' lang='lat' dir='ltr'><strong>dmi</strong></span> <span class='ocrx_word' id='word_1_319' title='bbox 1290 3952 1419 3994; x_wconf 81' lang='grc' dir='ltr'><strong>νων.</strong></span> <span class='ocrx_word' id='word_1_320' title='bbox 1523 3929 1842 3995; x_wconf 78' lang='lat' dir='ltr'><strong>Porsenus</strong></span> <span class='ocrx_word' id='word_1_321' title='bbox 1889 3933 1950 3995; x_wconf 75' lang='grc' dir='ltr'><strong>ἓν</strong></span> <span class='ocrx_word' id='word_1_322' title='bbox 1988 3932 2207 4014; x_wconf 79' lang='grc' dir='ltr'><strong><em>Κύπρῳ</em></strong></span> <span class='ocrx_word' id='word_1_323' title='bbox 2247 3930 2614 3998; x_wconf 77' lang='lat' dir='ltr'><strong>emendavit</strong></span> <span class='ocrx_word' id='word_1_324' title='bbox 2641 3982 2659 4013; x_wconf 87' lang='lat'><em>,</em></span> 
     </span>
     <span class='ocr_line' id='line_1_36' title="bbox 284 4029 2661 4128; baseline 0.003 -31"><span class='ocrx_word' id='word_1_325' title='bbox 284 4033 451 4104; x_wconf 75' lang='grc' dir='ltr'><strong><em>ἐντὸς</em></strong></span> <span class='ocrx_word' id='word_1_326' title='bbox 495 4032 609 4113; x_wconf 62' lang='lat' dir='ltr'><strong>ipse</strong></span> <span class='ocrx_word' id='word_1_327' title='bbox 627 4029 741 4097; x_wconf 83' lang='grc' dir='ltr'><strong>ύων</strong></span> <span class='ocrx_word' id='word_1_328' title='bbox 792 4031 1339 4099; x_wconf 75' lang='lat' dir='ltr'><strong>Heinsterhusius..</strong></span> <span class='ocrx_word' id='word_1_329' title='bbox 1404 4035 1649 4102; x_wconf 84' lang='lat' dir='ltr'><strong>Addam</strong></span> <span class='ocrx_word' id='word_1_330' title='bbox 1696 4036 1962 4105; x_wconf 85' lang='lat' dir='ltr'><strong>tertium</strong></span> <span class='ocrx_word' id='word_1_331' title='bbox 2002 4056 2083 4102; x_wconf 85' lang='lat' dir='ltr'><strong>ex</strong></span> <span class='ocrx_word' id='word_1_332' title='bbox 2125 4036 2423 4128; x_wconf 80' lang='lat' dir='ltr'><strong>Aeschyli</strong></span> <span class='ocrx_word' id='word_1_333' title='bbox 2459 4037 2661 4104; x_wconf 79' lang='lat' dir='ltr'><strong>Choe-</strong></span> 
     </span>
     <span class='ocr_line' id='line_1_37' title="bbox 283 4137 678 4225; baseline -0.005 -22"><span class='ocrx_word' id='word_1_334' title='bbox 283 4137 503 4225; x_wconf 85' lang='lat' dir='ltr'><strong>phoris</strong></span> <span class='ocrx_word' id='word_1_335' title='bbox 549 4140 678 4203; x_wconf 83' lang='lat'><strong>897</strong></span> 
     </span>
    </p>

    <p class='ocr_par' dir='ltr' id='par_1_7' title="bbox 646 4240 2173 4324">
     <span class='ocr_line' id='line_1_38' title="bbox 646 4240 2173 4324; baseline 0.005 -18"><span class='ocrx_word' id='word_1_336' title='bbox 646 4242 940 4324; x_wconf 75' lang='grc' dir='ltr'><strong>ἐπίσχες,</strong></span> <span class='ocrx_word' id='word_1_337' title='bbox 989 4240 1031 4308; x_wconf 82' lang='grc' dir='ltr'><strong><em>ὦ</em></strong></span> <span class='ocrx_word' id='word_1_338' title='bbox 1077 4252 1227 4321; x_wconf 73' lang='grc' dir='ltr'><strong>παῖ,</strong></span> <span class='ocrx_word' id='word_1_339' title='bbox 1276 4246 1447 4313; x_wconf 73' lang='grc' dir='ltr'><strong><em>τόνδε</em></strong></span> <span class='ocrx_word' id='word_1_340' title='bbox 1493 4247 1546 4313; x_wconf 76' lang='grc' dir='ltr'><strong>δ’</strong></span> <span class='ocrx_word' id='word_1_341' title='bbox 1594 4247 1877 4321; x_wconf 67' lang='grc' dir='ltr'><strong>αἴδεσαι.</strong></span> <span class='ocrx_word' id='word_1_342' title='bbox 1927 4246 2135 4315; x_wconf 76' lang='grc' dir='ltr'><strong><em>τέκνον</em></strong></span> <span class='ocrx_word' id='word_1_343' title='bbox 2156 4298 2173 4324; x_wconf 85' lang='grc'><strong>.</strong></span> 
     </span>
    </p>

    <p class='ocr_par' dir='ltr' id='par_1_8' title="bbox 641 4345 2125 4436">
     <span class='ocr_line' id='line_1_39' title="bbox 641 4345 2125 4436; baseline 0.007 -24"><span class='ocrx_word' id='word_1_344' title='bbox 641 4347 881 4427; x_wconf 75' lang='grc' dir='ltr'><strong><em>μαςὸν,</em></strong></span> <span class='ocrx_word' id='word_1_345' title='bbox 928 4349 1072 4431; x_wconf 76' lang='grc' dir='ltr'><strong>πρὸς</strong></span> <span class='ocrx_word' id='word_1_346' title='bbox 1117 4345 1162 4432; x_wconf 84' lang='grc' dir='ltr'><strong><em>ᾧ</em></strong></span> <span class='ocrx_word' id='word_1_347' title='bbox 1209 4353 1286 4419; x_wconf 81' lang='grc' dir='ltr'><strong>σὺ</strong></span> <span class='ocrx_word' id='word_1_348' title='bbox 1333 4353 1550 4419; x_wconf 74' lang='grc' dir='ltr'><strong>πολλοὶ</strong></span> <span class='ocrx_word' id='word_1_349' title='bbox 1595 4353 1668 4429; x_wconf 70' lang='grc' dir='ltr'><strong>δὴ</strong></span> <span class='ocrx_word' id='word_1_350' title='bbox 1711 4352 1934 4436; x_wconf 71' lang='grc' dir='ltr'><strong><em>βρίζων</em></strong></span> <span class='ocrx_word' id='word_1_351' title='bbox 1980 4351 2125 4434; x_wconf 69' lang='grc' dir='ltr'><strong>ἅμα</strong></span> 
     </span>
    </p>
   </div>
   <div class='ocr_carea' id='block_1_3' title="bbox 2928 16 2934 2275">
    <p class='ocr_par' dir='ltr' id='par_1_9' title="bbox 2928 16 2934 2275">
     <span class='ocr_line' id='line_1_40' title="bbox 2928 16 2934 2275; baseline 0 0"><span class='ocrx_word' id='word_1_352' title='bbox 2928 16 2934 2275; x_wconf 95' lang='lat' dir='ltr'><strong> </strong></span> 
     </span>
    </p>
   </div>
  </div>
 </body>
</html>
