2934 5050
360 281 494 350 230
953 286 970 305 ·
1334 289 1761 340 namma,

365 467 646 537 Caucaso
703 489 852 535 eum
906 463 1248 552 alligatum
1287 462 1485 528 fuisse
1522 466 1786 528 constat.
1827 463 2109 547 Apparet
2144 478 2225 524 ex
2263 457 2553 523 versibus
2586 473 2722 541 quos

367 571 589 641 Cicero
635 575 727 640 sic
769 574 999 639 vertit:

641 676 923 746 luctifica
964 674 1172 741 clades
1214 679 1430 739 nostro
1473 670 1669 738 infixa
1714 676 1812 738 est
1856 671 2103 757 corpori
2118 717 2135 747 ,

642 806 677 851 e
721 804 846 870 quo
887 781 1168 868 liquatae
1211 778 1367 845 solis
1409 778 1630 844 ardore
1673 776 1977 842 excidunt

636 894 861 978 guttae
883 932 901 966 ‚
950 905 1109 972 quae
1153 905 1304 951 saxa
1348 882 1599 950 assidue
1642 880 1960 947 instsslant
2010 874 2288 946 omasi.

460 995 534 1060 In
577 993 960 1061 Prometheo
1010 994 1227 1058 vincto
1273 985 1594 1055 Caucasus
1637 1004 1765 1052 non
1809 986 2129 1052 indicatur
2174 983 2444 1071 quidem
2461 1031 2479 1060 ,
2539 981 2638 1048 ssd
2676 988 2733 1045 et

370 1121 481 1186 per
526 1122 594 1166 se
636 1102 851 1186 ipsum
905 1095 1256 1163 verisimile
1302 1100 1399 1160 est
1413 1140 1431 1170 ,
1497 1092 1770 1158 eundem
1830 1091 2046 1157 locum
2088 1109 2202 1175 per
2243 1095 2587 1174 utramque
2626 1092 2735 1151 trs·

371 1205 667 1291 goediam
712 1203 983 1291 cogitari
996 1249 1015 1280 ,
1065 1206 1131 1266 et
1175 1199 1348 1268 idem
1394 1196 1668 1263 efficitur
1711 1218 1746 1263 s
1792 1217 1887 1262 vs.
1938 1194 2093 1262 406:

646 1308 851 1374 ὁπόσοι
897 1309 957 1372 τ’
1005 1307 1242 1374 ἔποικον
1292 1305 1499 1382 aynae,-

623 1414 845 1487 Ἀσίας
899 1410 1026 1485 ἕδος
1075 1410 1357 1488 νέμονται
1407 1408 1882 1487 μεγαλοςόνοισι
1929 1416 2055 1480 σοῖς

1333 1517 1585 1593 πήμασι
1633 1512 2058 1593 συγκάμνουσι
2109 1513 2335 1577 θνατοί.

653 1621 954 1704 Κολχίδος
1001 1642 1072 1686 τε
1120 1623 1247 1698 γᾶς
1298 1618 1502 1686 ἔνοικοι

653 1727 758 1793 καὶ
808 1724 1061 1801 Σκύθης
1108 1720 1356 1804 ὅμιλος,
1403 1718 1458 1789 οἳ
1505 1729 1634 1803 yde,-

653 1830 926 1914 ἔσχατον
968 1831 1156 1897 τόπον
1202 1829 1379 1911 ἀμφὶ
1427 1835 1709 1894 Μαιῶτιν
1757 1826 1969 1911 ἔχουσι
2021 1828 2251 1905 λίμναν
2285 1878 2298 1898 .

659 1934 963 2009 Χαλκίδος
1010 1938 1068 2002 τ’
1116 1933 1312 2015 ἄρειον
1356 1932 1583 2009 ἄνθος,

655 2042 1025 2123 ὑψίκρημνον
1073 2037 1128 2106 οἳ
1166 2040 1451 2120 πόλισμα

657 2147 987 2213 Καυκάσου
1031 2146 1235 2219 πέλοις
1275 2146 1585 2225 νέμονται.

473 2251 547 2316 In
607 2248 839 2319 Codice
895 2251 1139 2341 legitur
1189 2251 1499 2331 Ἀραβίοις
1516 2273 1531 2290 ·
1589 2249 2025 2317 Heimsoethii
2069 2250 2372 2315 correctio
2421 2249 2717 2321 Χαλκίδος
2735 2298 2749 2321 .

384 2355 645 2423 Kiehlio
660 2404 679 2435 ,
737 2346 899 2423 'dum
955 2358 1112 2424 haec
1173 2361 1319 2424 ante
1375 2354 1592 2442 plures
1634 2375 1830 2423 annos
1873 2354 2192 2422 scribebat
2205 2403 2224 2433 ,
2289 2355 2577 2421 nondum
2622 2359 2753 2421 noa

385 2480 519 2527 esse
562 2466 840 2547 poterat,
889 2462 998 2531 sed
1043 2483 1122 2529 ex
1165 2464 1292 2529 ista
1335 2482 1552 2528 recens
1586 2466 1837 2548 reperta
1881 2460 2321 2528 emendatione
2361 2458 2756 2527 confirmatur

386 2568 601 2654 magis
666 2570 862 2636 etiam
932 2569 1101 2656 quod
1167 2569 1355 2646 dicit,
1427 2564 1802 2634 Colchidem
1868 2572 1936 2633 st
2002 2564 2278 2653 Scythas
2344 2571 2414 2632 et
2454 2565 2755 2633 Paludem

387 2671 715 2740 Maeotida
757 2676 913 2740 satis
951 2672 1277 2740 ostendere
1315 2669 1675 2739 Caucasum
1715 2693 1849 2738 esse
1882 2670 2121 2738 alicubi
2157 2673 2226 2736 in
2263 2674 2522 2738 vicinia.
2584 2668 2757 2739 chal·
2842 2693 2843 2696 ’

391 2776 600 2844 cidem
668 2783 886 2844 autem
953 2800 1032 2844 ex
1098 2777 1406 2846 Strabone
1466 2782 1534 2843 et
1590 2775 1912 2864 Stephano
1977 2775 2292 2863 Byzantio
2350 2779 2654 2845 novimus
2697 2776 2756 2840 in
2842 2723 2843 2766 ¹

391 2880 662 2968 Scythia
705 2883 900 2949 fuisse
945 2884 1193 2950 urbem.

483 2986 846 3054 Videndum
882 2989 1021 3073 jam
1064 2993 1162 3055 est
1176 3035 1195 3067 ,
1244 2988 1359 3053 ubi
1409 2986 1770 3074 Aeschylus
1814 2985 1970 3053 fines
2015 2988 2207 3054 Asiae
2250 2992 2445 3073 atque
2488 2987 2756 3073 Europae

392 3091 587 3157 fuisse
646 3096 990 3178 putaverit.
1084 3093 1158 3158 In
1215 3092 1599 3159 Prometheo
1651 3090 1863 3158 soluto
1917 3109 2175 3178 prorsus
2232 3098 2482 3160 constat
2538 3091 2753 3158 Phasin

395 3197 618 3260 Asiam
678 3197 757 3262 ab
819 3196 1074 3283 Europa
1134 3200 1498 3285 sejungere3
1563 3198 1787 3264 scribit
1846 3200 2022 3264 enim
2082 3196 2435 3284 Procopius
2489 3200 2559 3263 in
2599 3195 2753 3263 Hist-

396 3297 593 3366 Goth.
653 3299 742 3365 IV
791 3300 831 3365 6
878 3323 939 3387 p.
993 3300 1145 3367 336.
1198 3303 1319 3368 ll:
1387 3302 1416 3366 ὅ
1464 3301 1913 3384 τραγῳδοποιὸς
1974 3303 2295 3384 Αἰσχύλος
2351 3304 2415 3367 ἐν
2460 3298 2759 3384 Προμηθεῖ

394 3407 480 3484 τῷ
540 3404 809 3486 λυομένῳ
872 3403 1059 3478 εὐθὺς
1123 3407 1467 3490 ἀρχόμενος
1529 3415 1640 3482 τῆς
1702 3407 2053 3490 τραγῳδίας
2096 3408 2202 3474 τὸν
2246 3408 2534 3488 ποταμὸν
2578 3407 2751 3473 Φᾶσιν

394 3511 656 3590 τέρμονα
704 3520 895 3577 καλεῖ
930 3520 1049 3592 γῆς
1095 3536 1166 3578 τε
1212 3519 1321 3586 τῆς
1369 3515 1593 3584 Ἀσίας
1627 3513 1732 3578 καὶ
1771 3523 1881 3589 τῆς
1927 3514 2241 3594 Εὐρώπης.
2292 3512 2476 3579 Idem
2504 3512 2751 3580 traditur

393 3618 463 3682 in
507 3616 762 3702 Periplo
807 3618 998 3684 Ponti
1041 3617 1205 3683 Eux.
1252 3624 1317 3684 et
1359 3617 1705 3685 Moeotidis
1748 3618 1875 3705 pal.
1922 3639 1988 3706 p.
2031 3619 2065 3685 1
2111 3623 2177 3686 et
2218 3618 2390 3706 apud
2436 3621 2748 3686 Attianum

395 3720 633 3807 Peripl.
680 3721 865 3789 Pont.
914 3722 1100 3802 Eux„
1149 3726 1261 3810 qui
1304 3724 1521 3809 ipsum
1566 3723 1870 3810 Aeschyli
1914 3722 2127 3791 locum
2175 3724 2391 3791 affert:

965 3839 1041 3910 τῇ
1092 3830 1204 3907 μὲν
1252 3829 1496 3908 δίδυμον
1541 3829 1754 3911 χθονὸς
1805 3826 2096 3911 Εὐρώπης

966 3932 1177 4012 μέγαν
1223 3935 1315 4011 ἥδ’
1364 3937 1584 4007 Ἀσίας
1629 3934 1893 4017 τέρμονα
1941 3937 2158 4001 Φᾶσιν.

490 4034 725 4104 Contra
783 4041 850 4103 in
909 4039 1290 4107 Prometheo
1346 4043 1565 4108 vincto
1631 4061 1726 4106 vs.
1778 4039 1909 4106 '729
2001 4039 2320 4127 Bosporus
2390 4037 2746 4108 (limma-ius

396 4141 685 4227 Europae
750 4140 893 4209 finis
953 4150 1083 4211 est:
1154 4142 1381 4224 ἰσθμὸν
1442 4145 1496 4211 δ’
1519 4196 1535 4221 ,
1607 4147 1818 4232 inquit
1875 4144 2300 4213 Prometheus
2315 4192 2335 4226 ‚
2408 4139 2743 4226 Κιμμερικὸν

398 4245 555 4322 ἥξεις
621 4251 810 4331 atque
870 4251 962 4316 sic
1008 4254 1277 4316 λιποῦσα
1325 4252 1376 4318 δ’
1431 4253 1717 4331 Εὐρώπης
1765 4250 1943 4317 πέδον
1991 4252 2228 4332 ἤπειρον
2276 4248 2438 4330 ἥξεις
2487 4243 2743 4318 Ἀσιάδι.

395 4351 550 4414 Post
596 4348 962 4418 videbimus
1007 4355 1173 4439 quod
1217 4356 1457 4424 fiumen
1499 4354 1906 4444 intelligatur
1949 4377 2043 4424 vs.
2095 4353 2265 4423 ¹790:
2314 4353 2469 4423 ὅταν
2511 4352 2746 4437 περάσῃς
