2934 5050
961 325 1047 375 An
1098 325 1413 375 PLAToms
1458 325 1760 377 eoseum.
2427 306 2551 373 115

169 497 378 568 curat,
438 498 513 557 ut
574 513 778 579 neque
841 501 1206 581 temporum
1267 496 1473 562 ullam
1533 500 1844 564 rationem
1897 497 2057 562 solet
2113 496 2375 573 habere,
2438 495 2549 561 sed

172 617 402 683 magua
443 596 736 664 libertate
797 602 1055 688 ingenio
1112 601 1459 689 indulgens
1508 604 1725 666 omnia
1767 602 1847 667 de
1884 622 2117 689 genere
2160 602 2281 666 hoc
2321 602 2552 664 miscet

168 707 233 765 et
273 702 617 767 confimdit.
700 703 964 771 Duriter
1006 706 1126 771 hoc
1172 710 1428 772 nomine
1473 709 1841 793 increpatur
1880 707 1961 771 ab
2006 705 2337 771 Athenaeo
2374 724 2548 790 pere-

170 804 374 870 rudito
417 808 674 873 homine
719 809 828 874 sed
876 798 1224 876 acerbioris
1256 813 1500 898 ingenii
1524 817 1590 875 et
1628 812 1707 876 ab
1747 811 1986 876 iudicio
2022 810 2240 897 paullo
2278 808 2546 874 infirmi-

167 930 296 989 ore,
338 915 450 996 qui
473 915 719 997 copiose
758 912 1215 980 demonstret‘'
1177 939 1267 981 οτι
1305 917 1517 981 πολλὰ
1543 917 1571 979 ὁ
1601 915 1867 981 Πλάτων
1901 915 2074 995 παρὰ
2117 915 2260 987 τοὺς
2293 914 2545 995 χρόνους

167 1015 504 1096 duanam
545 1016 601 1082 V
623 1038 770 1105 pag.
799 1018 950 1085 21¹7.
994 1041 1127 1105 sqq.
1198 1020 1442 1087 Eodem
1480 1023 1736 1087 nomine
1774 1019 2112 1087 Platonem
2143 1018 2578 1105 reprehendit

168 1121 472 1188 Aristides
538 1119 720 1187 Tem.
770 1122 850 1187 H.
896 1145 1045 1211 pag.
1097 1122 1228 1190 370
1286 1146 1420 1211 sqq.
1484 1130 1551 1223 qt
1607 1145 1755 1212 pag.
1807 1123 1959 1189 435.
2024 1124 2136 1189 sed
2187 1124 2416 1189 leniter
2476 1129 2542 1189 et

167 1226 442 1323 modeste
502 1232 580 1291 ut
634 1225 969 1294 Platonem
1025 1249 1251 1295 amans
1312 1237 1376 1296 et
1421 1230 1763 1296 admirans.
1858 1228 2031 1296 Audi
2086 1229 2245 1313 quid
2306 1229 2543 1295 scribat

167 1316 304 1418 pag.
355 1329 510 1397 373.
574 1332 727 1395 ἀλλ’
789 1330 878 1401 ἔςι
937 1339 1149 1400 ταῦτα
1207 1334 1336 1400 ἀπὸ
1399 1341 1510 1408 τῆς
1573 1342 1691 1400 τῶν
1738 1332 2069 1412 Διαλὸγων
2113 1331 2388 1409 ἐξουσίας
2436 1334 2541 1397 καὶ

165 1435 476 1509 συνηθείαις
521 1438 880 1517 ὡρμημένα..
930 1441 1013 1520 τῷ
1059 1440 1189 1519 γὰρ
1235 1435 1532 1512 ἅπαντας
1569 1439 1793 1513 αὐτοὺς
1830 1440 2104 1512 ἐπιεικῶς
2139 1434 2295 1504 εἶναι
2335 1436 2540 1505 πλαίσ-

166 1563 340 1616 μιται
402 1540 511 1607 καὶ
575 1540 825 1607 πλέκειν
886 1540 1109 1618 ἐξεῖναι
1169 1544 1244 1609 δι’
1289 1541 1366 1609 ὧν
1429 1542 1507 1608 ἄν
1566 1568 1661 1617 τις
1726 1543 2037 1622 βούληται
2098 1541 2259 1612 {veel
2315 1564 2377 1608 τι
2424 1544 2541 1609 κάν

166 1654 282 1717 τοῖς
323 1644 538 1725 λόγοις
582 1648 794 1719 αὐτοῖς
842 1650 908 1712 οὐ
953 1649 1193 1730 σφόδρα
1238 1652 1448 1730 τηροῦν
1493 1650 1604 1722 τὴν
1650 1650 1965 1725 ἀλήθειαν.

247 1750 534 1816 Perdunt
588 1772 844 1837 operam
902 1755 1012 1837 qni
1072 1753 1227 1819 haec
1286 1753 1651 1832 πλάσματα
1711 1758 1825 1819 aut
1886 1756 2053 1819 inter
2093 1773 2164 1819 se
2206 1751 2541 1819 consiliare

164 1860 460 1943 satagumt
505 1862 618 1921 aut
660 1855 949 1922 Platonis
993 1859 1061 1922 in
1107 1879 1182 1924 ea
1218 1879 1288 1924 re
1322 1860 1638 1923 incuriam
1676 1859 1889 1924 verbis
1924 1856 2173 1922 elevare
2211 1861 2535 1923 conantur.

249 1960 500 2026 Diserte
557 1959 849 2027 definivit
903 1982 1145 2027 annum
1161 2010 1180 2039 ‚
1250 1983 1376 2048 quo
1436 1964 1591 2029 haec
1646 1984 1683 2029 a
1728 1962 1982 2028 Socrate
2044 1962 2368 2046 disputata
2425 1958 2537 2024 fin-

164 2072 399 2151 guntur
442 2085 594 2151 pag.
643 2062 796 2130 473.
845 2084 904 2130 n.
954 2065 1058 2130 καὶ
1107 2076 1407 2132 neP‘rcl
1453 2068 1776 2146 βουλεύειν
1822 2066 2040 2146 λαχὼν
2089 2065 2297 2139 ἐπειδὴ
2345 2065 2380 2139 ἦ
2417 2065 2537 2141 ἐμὴ

163 2172 330 2250 Φυλὴ
393 2168 767 2249 ἐπρυτάνευε
829 2168 934 2234 καὶ
984 2169 1101 2235 ἔδει
1149 2194 1231 2249 με
1277 2172 1679 2255 ἐπιψηφίζειν
1723 2171 1982 2250 γέλωτα
2027 2178 2345 2251 παρεῖχον.
2439 2169 2535 2235 Ex

167 2275 277 2341 hoc
316 2276 457 2342 loco
505 2275 771 2363 colligas
815 2297 979 2342 anno
1025 2276 1156 2341 405
1202 2278 1320 2342 hos
1364 2298 1683 2343 sermones
1727 2278 1978 2355 haberi,
2024 2276 2135 2341 sed
2183 2295 2331 2362 pag.
2381 2273 2534 2340 503.

165 2396 219 2443 ο.
262 2385 722 2447 commemorat
789 2380 1094 2460 Περικλέα
1163 2382 1391 2447 τουτονὶ
1455 2384 1559 2448 τὸν
1618 2390 1955 2447 NesscTI
2019 2378 2531 2454 τετελευτηκότα.

168 2485 456 2553 Mortuus
516 2490 614 2550 est
671 2484 947 2551 Pericles
990 2506 1152 2552 anno
1200 2485 1329 2552 429
1348 2535 1367 2565 ,
1431 2488 1501 2552 id
1556 2492 1652 2552 est
1693 2487 1912 2567 viqinti
1956 2493 2014 2551 et
2058 2492 2311 2572 quatuor
2352 2488 2536 2550 annis

165 2599 320 2659 ante.
412 2590 973 2659 Commemoratur
1024 2613 1170 2679 pag.
1221 2591 1351 2657 472
1397 2611 1459 2656 Α.
1554 2591 1771 2657 Nicias
1827 2593 1928 2656 his
1983 2591 2228 2656 verbis:
2299 2612 2533 2669 μαρτυ·

168 2699 398 2776 ρήσουσί
445 2719 539 2761 σοι
587 2695 813 2767 Νικίας
863 2697 891 2760 ὃ
939 2696 1287 2775 Νικηράτου
1336 2697 1441 2761 καὶ
1490 2699 1540 2760 οἱ
1587 2696 1871 2777 ἀδελφοί.
1962 2694 2168 2759 Periit
2210 2692 2431 2758 Nicias
2466 2695 2535 2756 in

168 2799 376 2869 Sicilia
418 2821 589 2868 anno
636 2797 799 2876 413,
854 2801 922 2866 id
973 2807 1074 2865 est
1114 2808 1238 2865 octo
1283 2804 1463 2866 annis
1508 2806 1672 2866 ante.
1767 2796 2320 2865 Commemoratur
2363 2795 2534 2862 Alci-

169 2905 369 2972 biades
427 2926 581 2992 pag.
632 2903 783 2969 519.
831 2923 890 2970 Β.
956 2904 1363 2986 ἐπιλήψονται
1426 2909 1534 2970 τοῦ
1598 2904 1746 2980 ἐμοῦ
1806 2902 2044 2982 ἑταίρου
2105 2897 2530 2978 Ἀλκιβιάδου.

169 3010 518 3077 Alcibiades
578 3030 741 3076 anno
802 3008 931 3074 405
992 3009 1289 3076 exulabat
1348 3018 1414 3075 et
1458 3029 1620 3075 anno
1664 3011 1809 3092 post
1852 3009 1919 3070 in
1963 3006 2119 3071 Asia
2161 3004 2532 3070 interfectus

168 3121 272 3180 est.
361 3115 543 3181 Haec
602 3116 807 3201 igitur
862 3116 1030 3180 inter
1091 3136 1157 3180 se
1214 3119 1430 3200 aptare
1476 3121 1540 3179 et
1582 3131 1952 3197 componere
1996 3110 2164 3176 velle
2209 3110 2531 3175 dementia

167 3225 269 3284 est.
358 3221 722 3307 Insigniora
765 3221 962 3285 etiam
1006 3219 1107 3284 his
1151 3219 1339 3286 Plato
1383 3223 1451 3283 in
1498 3219 1788 3304 Sympoeio
1833 3222 1898 3281 et
1937 3218 2005 3279 in
2061 3215 2389 3280 Meneoeeno
2428 3214 2529 3278 de·

167 3326 439 3411 signavit
453 3372 473 3401 ,
537 3323 648 3389 sed
706 3323 871 3388 nihil
914 3323 1145 3389 horum
1192 3324 1453 3390 curabat
1495 3322 1607 3387 ille
1651 3324 1763 3407 qui
1812 3321 1911 3406 (ut
1952 3320 2175 3384 scribit
2218 3318 2530 3383 Aristides

165 3425 332 3494 Tom.
396 3427 482 3494 Π.
528 3448 677 3515 pag.
729 3427 859 3493 162
902 3427 950 3515 ¹)
1011 3430 1247 3494 nullius
1290 3450 1561 3512 umquam
1611 3428 1745 3490 ulla
1787 3428 1862 3489 de
1905 3447 1969 3488 re
2013 3424 2340 3488 testimonio
2387 3443 2528 3484 mue

164 3539 258 3596 ed.

241 3636 485 3703 Utilius
529 3640 685 3713 erit,
739 3641 795 3701 si
839 3637 975 3703 ullo
1016 3631 1208 3704 modo
1253 3640 1402 3701 sciri
1447 3641 1687 3721 potest,
1736 3635 1803 3698 id
1841 3636 2001 3698 scire
2039 3652 2162 3717 quo
2202 3630 2333 3696 fere
2365 3635 2526 3694 tem-

163 3758 298 3821 pore
345 3743 602 3823 Gorgias
644 3763 685 3806 a
727 3741 994 3807 Platone
1039 3745 1312 3827 scriptus
1357 3741 1572 3805 fuerit.

241 3845 410 3910 Mihi
455 3847 534 3912 de
579 3868 652 3912 ea
695 3868 763 3912 re
803 3848 978 3912 idem
1022 3847 1188 3932 quod
1231 3845 1481 3909 Editori
1517 3844 1803 3907 videtur.
1852 3841 2017 3904 haud
2050 3840 2139 3903 ita
2177 3787 2359 3901 oculto
2382 3844 2527 3919 poet

162 3945 407 4014 &cratia
473 3958 709 4015 mortem
777 3951 1107 4037 dialogum
1174 3969 1308 4013 esse
1374 3949 1683 4031 scriptum
1745 3951 1810 4009 et
1867 3944 2133 4010 editum.
2227 3941 2289 4006 N
2290 3961 2520 4025 amque

165 4071 274 4116 non
329 4074 458 4119 uno
519 4057 587 4119 in
646 4056 782 4122 loco
844 4055 922 4120 de
981 4053 1234 4120 Socrate
1294 4055 1513 4136 iniquo
1558 4050 1792 4115 iudicio
1841 4052 2273 4114 circumvento
2318 4046 2521 4130 deque
2568 4089 2576 4097 ·

215 4305 275 4367 ’1)
309 4303 406 4354 δεῖ
438 4304 513 4369 δή
547 4321 722 4363 τινος,
770 4288 810 4352 ὦ
842 4301 1107 4369 Πλάτων,
1157 4302 1254 4351 καὶ
1289 4302 1593 4368 μάρτυρος,
1645 4285 1684 4348 ὦ
1719 4299 1828 4348 τῶν
1876 4299 2165 4367 μαρτύρων
2202 4298 2504 4366 ὑπερορῶν,

164 4381 320 4441 «διὸς
353 4384 420 4434 δὲ
454 4386 730 4438 nictans
771 4388 840 4438 ἂν
873 4386 1156 4452 φωραθεὶς
1191 4376 1344 4445 οἶμαι
1382 4382 1801 4450 προσχρώμενος
1834 4382 2083 4449 μάρτυρι.
