2934 5050
2538 18 2847 51 —-—'5—]

413 286 542 348 288
1203 296 1515 342 nnuman
1562 296 1635 343 ιτ
1682 296 1989 343 annun.

411 477 556 552 post
628 465 918 534 Unelleri
994 462 1344 533 editionem
1419 463 1743 560 plu-isque
1816 463 1975 530 locis
2043 456 2349 533 defendo,
2420 477 2583 544 quac
2637 466 2751 524 tum

409 591 618 657 poem.
1922 616 1937 625 .

1349 858 1845 873 ψ

497 1093 882 1180 Disputatur
943 1091 1220 1159 subinde
1279 1091 1362 1160 dc
1425 1092 1651 1158 Lucilii
1712 1103 1851 1157 mc
1910 1093 2215 1168 metrica,
2271 1088 2431 1177 qnid
2475 1088 2751 1156 numeris

407 1200 474 1264 in
523 1197 866 1277 versibus,
929 1197 1088 1285 qnid
1133 1219 1481 1284 mquam
1523 1197 1884 1270 ιδηᾰεεήις
1928 1197 2225 1285 equidem
2276 1215 2503 1261 vereor
2542 1214 2619 1261 ne
2658 1212 2750 1281 pa·

407 1321 556 1368 rum
605 1310 784 1368 recte
829 1301 950 1368 hoc
997 1322 1190 1389 saepe
1237 1302 1350 1368 liat
1402 1304 1468 1367 in
1518 1321 1595 1367 co
1640 1311 1853 1388 poeta,
1901 1304 2095 1368 cuius
2137 1321 2219 1368 ex
2270 1300 2495 1366 multis
2517 1298 2749 1366 milibus

405 1425 712 1473 versuum
749 1405 912 1471 nihil
957 1405 1270 1472 habemns
1310 1415 1565 1494 praeter
1602 1405 1851 1472 laceras
1884 1405 2198 1493 quasdam
2224 1405 2547 1493 reliquias.
2592 1400 2747 1486 Quod

402 1511 460 1576 si
502 1530 584 1577 ex
622 1512 740 1585 iis,
778 1510 1018 1597 quibus
1061 1520 1320 1598 tempus
1369 1511 1691 1598 pepercit,
1734 1513 2109 1578 coniectura
2146 1510 2440 1578 facienda
2474 1519 2606 1587 est,
2642 1527 2745 1575 nou

408 1635 554 1683 esse
599 1614 859 1682 videtur
902 1636 1060 1695 cur,
1106 1614 1649 1702 quemadmodum
1702 1617 1769 1681 in
1822 1615 2048 1683 Plauto
2092 1615 2336 1682 factum
2384 1623 2513 1694 est,
2562 1616 2649 1682 sic
2689 1614 2745 1678 in

399 1720 649 1788 Lucilio
696 1720 960 1786 Horatio
994 1719 1419 1808 obloquamur
1454 1718 1693 1786 durum
1736 1741 2119 1807 componere
2160 1739 2385 1787 versus
2425 1720 2594 1788 huuc
2625 1737 2745 1806 poe·

403 1835 536 1891 tam
583 1812 850 1892 dicenti.
920 1824 1049 1891 Nec
1101 1844 1252 1891 vero
1297 1826 1365 1890 in
1413 1824 1692 1910 singulis
1728 1824 1913 1892 valde
1946 1834 2313 1912 repugnant
2350 1824 2745 1893 admiratores

401 1933 576 2008 eius,
623 1929 975 1996 identidem
1025 1929 1342 1995 Lucilium
1390 1929 1624 2006 semel,
1667 1929 2233 2004 bis‚teranorma
2257 1929 2743 1996 descivissecou·

401 2033 733 2109 cedentes:
794 2033 903 2099 ubi
964 2054 1115 2100 vero
1177 2036 1342 2099 ratio
1393 2033 1807 2113 cuncluditur
1850 2045 1918 2101 et
1963 2045 2217 2122 poetam
2264 2035 2502 2101 durum
2542 2041 2605 2100 et
2644 2050 2741 2117 pa·

401 2159 554 2206 rum
612 2140 971 2226 elegantem
1033 2139 1182 2226 quis
1225 2138 1444 2206 dicere
1488 2138 1719 2216 audet,
1790 2138 1877 2205 ibi
1928 2160 2079 2207 vcro
2126 2138 2568 2226 indignantur.
2631 2130 2741 2202 Sed

405 2263 487 2310 ne
522 2243 860 2311 ambitiose
898 2244 1157 2330 quidem
1199 2244 1569 2330 quaerenda
1606 2254 1764 2312 sunt
1799 2245 2133 2332 exempla3
2185 2247 2419 2332 quavis
2449 2244 2575 2313 l'ere
2596 2240 2737 2325 [rag-

406 2356 772 2414 mcntorum
824 2348 1058 2434 pagina
1106 2349 1436 2428 inveniaS,
1497 2369 1665 2436 quae
1711 2350 1932 2415 minus
1978 2352 2273 2417 suaviter
2319 2352 2387 2416 in
2434 2367 2613 2416 aures
2654 2346 2736 2409 iu·

403 2450 630 2518 fluant.
700 2452 933 2534 Quales
982 2452 1327 2532 videntur,
1378 2462 1449 2521 ut
1495 2474 1574 2521 ex
1622 2452 1847 2520 multis
1884 2454 2130 2542 aliquot
2166 2474 2561 2545 proponam‚·
2605 2448 2737 2517 tales

403 2556 675 2624 versus?

669 2663 800 2729 llas
846 2664 983 2729 Aeli
1033 2666 1310 2751 scriptas
1359 2684 1464 2731 res
1510 2664 1591 2732 ad
1641 2674 1705 2732 te
1751 2665 2041 2731 misimu'
2091 2666 2275 2733 Luci.

666 2769 797 2833 Aut
844 2766 1173 2854 Neptunu'
1220 2778 1442 2855 pater,
1493 2769 1715 2847 Liber,
1765 2769 2077 2836 Saturnu'
2128 2779 2353 2857 pater,
2400 2769 2585 2836 Mars.

667 2872 876 2953 Quom
931 2870 1060 2938 illic
1107 2870 1422 2939 vidissent
1470 2875 1847 2941 Hortensiu’
1897 2876 2417 2960 Postumiusque.

667 2976 1105 3043 Pulmentaria
1153 2985 1217 3044 et
1264 2978 1510 3044 intibus
1556 2987 1670 3045 aut
1716 2981 1931 3067 aliqua
1980 2980 2045 3046 id
2088 2999 2295 3065 genus
2339 2977 2564 3055 herba,
2842 3001 2843 3076 χ

395 3099 561 3165 quac
622 3089 776 3146 sunt
834 3101 914 3147 ex
973 3082 1204 3167 primis
1260 3084 1515 3168 paginis
1578 3092 1816 3151 sumta.
1890 3082 2193 3151 Octavam
2246 3083 2731 3151 hexametrorum

393 3193 644 3270 partem
694 3183 828 3250 dixi
893 3184 1186 3270 legitima
1239 3207 1510 3254 caesura
1556 3190 2020 3275 semiquinaria
2067 3208 2289 3255 carere
2336 3189 2514 3254 Coni.
2560 3186 2638 3252 11.
2678 3201 2729 3268 p.
2840 3253 2841 3264 ,

395 3293 474 3354 71
529 3295 596 3353 et
641 3297 804 3361 noh:
852 3308 1167 3356 numerus
1213 3289 1318 3356 hic
1366 3311 1494 3357 non
1543 3292 1725 3358 valde
1773 3312 1947 3359 nuuc
1995 3294 2387 3360 imminutus
2430 3301 2547 3360 est.
2610 3283 2731 3355 Nut-
2840 3271 2841 3358 ἶ

393 3390 496 3457 lus
541 3400 727 3479 poeta
773 3394 1032 3479 saepius
1072 3417 1103 3461 s
1150 3394 1341 3462 finale
1377 3398 1682 3462 extrusit.
1774 3397 2123 3464 Eliduntur
2170 3418 2298 3465 non
2333 3406 2584 3465 tantum
2622 3409 2729 3458 mo·

393 3495 717 3586 nosyllaba
784 3497 970 3584 longa
1036 3499 1100 3564 in
1164 3498 1341 3566 brevi
1409 3499 1655 3589 syllaba
1693 3500 1803 3567 sed
1854 3504 2048 3570 etiam
2099 3502 2378 3574 iambica
2424 3494 2728 3569 vocabula,

389 3619 556 3687 quae
619 3610 869 3669 constat
927 3621 1154 3688 parum
1202 3604 1523 3689 elegantia
1568 3625 1708 3672 esse
1750 3613 1816 3671 et
1862 3625 1899 3672 a
1939 3607 2265 3695 plerisque
2308 3608 2566 3675 evitata.
2648 3596 2726 3664 Cf·
2838 3607 2839 3640 ³

390 3703 655 3772 Lachm.
718 3706 799 3773 ad
864 3705 1055 3772 Lucr.
1121 3707 1240 3774 111.
1301 3712 1464 3785 9⁵4,
1525 3709 1829 3788 Mueller,
1884 3710 1965 3777 dc
2011 3731 2084 3777 re
2131 3721 2321 3778 metr.
2372 3733 2436 3799 p.
2486 3714 2607 3779 425
2645 3722 2727 3788 αι·

392 3805 500 3875 Sic
549 3828 772 3877 omnes
821 3812 1239 3877 consentiunt
1284 3813 1626 3900 scripsisse
1673 3813 2025 3881 Lucilium:

664 3910 729 3980 in
775 3935 849 3980 re
892 3914 1137 4001 agenda
1190 3917 1330 4001 ipsa
1378 3917 1651 3984 ridicula
1701 3917 1855 4007 (Ξὸ,
1910 3920 2022 4008 250)

658 4016 778 4083 hoc
822 4028 957 4084 tum
1004 4016 1111 4086 ille
1152 4018 1426 4087 habebat
1472 4024 1539 4088 et
1585 4021 1718 4089 l'ere
1763 4044 2018 4092 omnem
2070 4025 2222 4113 (29,
2274 4028 2345 4112 4)

660 4122 831 4187 sicut
880 4131 944 4188 te
990 4145 1177 4210 quem
1221 4144 1464 4212 aequae
1513 4126 1795 4215 (hexam.
1844 4134 1969 4206 50,
2027 4130 2133 4218 16)

656 4224 827 4290 malo
874 4225 1090 4294 hercle
1135 4241 1349 4298 vostro
1397 4232 1548 4319 (29,
1599 4232 1711 4319 35)

663 4377 680 4393 .
708 4376 724 4394 .
752 4376 770 4393 .
799 4329 1199 4418 ‚stabulique
1244 4335 1405 4424 simo
1448 4343 1647 4422 atque
1691 4336 1987 4405 sucerdis
2035 4338 2207 4429 (hex.
2260 4328 2530 4426 30„98)
