2934 5050
1294 311 1638 360 1101138101.
2521 293 2654 360 355

269 476 462 544 habet
506 495 754 563 semper
798 483 864 544 et
898 480 1138 565 ubique
1174 484 1611 546 accusativum
1648 482 1802 560 βοῦν
1824 527 1840 543 .
1888 479 2016 546 Sed
2054 483 2206 549 audi
2245 483 2648 552 Bekkerum‘:

279 582 448 660 ,,βῶν
494 583 880 648 Aristarchus
923 584 1022 665 (id
1059 591 1148 649 eet
1187 583 1373 662 βοέην
1415 586 1635 664 βοῦν),
1680 584 1835 662 βοῦν
1879 586 2340 670 Momm,
2386 588 2483 666 βῶ
2528 588 2653 654 Ησ-

269 687 623 754 roazanus?
681 686 853 775 Ergo
912 688 1042 766 βῶν
1103 709 1186 754 ex
1246 688 1433 767 βοῆν,
1486 689 1678 775 idque
1723 710 1801 755 ex
1843 689 2027 767 βοέην
2074 697 2470 760 contractum
2516 715 2651 761 esse

268 792 556 876 putabat.
641 791 796 862 Sed,
825 796 1113 878 primum
1169 792 1492 860 Homerus
1550 814 1677 860 non
1719 795 1906 861 aliter
1951 796 2159 863 dicere
2199 800 2414 882 potuit
2456 818 2652 883 quam

267 895 452 973 βοέην
488 903 554 964 et
589 897 814 976 βοείην.
887 907 1005 976 Boi
1043 900 1408 965 Atticorum
1448 904 1546 965 est
1580 905 1656 964 ut
1688 908 1934 975 λεοντῆ.
1960 901 2250 981 παρδαλῆ
2272 949 2290 978 ,
2317 903 2648 978 ὥλωπεκῆ,

269 1009 414 1078 κυνῆ
437 1050 454 1078 ,
519 1023 680 1088 quae
739 1004 979 1069 formae
1039 1003 1296 1069 Ionibus
1358 1024 1488 1069 non
1545 1009 1696 1069 sunt
1755 1006 1824 1068 in
1883 1026 2039 1083 usu,
2112 1007 2224 1072 sed
2282 1006 2645 1088 παρδαλέη,

270 1107 614 1187 ὦνθρωπέη,
680 1108 856 1184 κυνέη
899 1108 1284 1193 similiaque.
1352 1107 1597 1174 Deinde
1641 1108 1841 1176 semel
1888 1115 2283 1178 contractum
2326 1112 2479 1190 βοῆν
2524 1133 2649 1179 11011

266 1212 506 1277 iterum
568 1213 854 1278 contrahi
904 1217 1116 1298 potest
1158 1215 1226 1278 in
1270 1212 1425 1290 βῶν,
1491 1211 1699 1297 qualis
1743 1217 1842 1278 est
1884 1233 2054 1279 error
2098 1214 2324 1282 Kantii
2346 1263 2364 1294 ‚
2412 1220 2525 1302 qni
2568 1239 2648 1286 ex

266 1314 560 1394 νοούμενα
620 1316 773 1382 fecit
835 1340 1090 1384 namma
1107 1365 1125 1395 ,
1190 1317 1359 1402 quod
1403 1317 1745 1383 barbarum
1788 1322 1905 1384 est.
1973 1317 2309 1388 Praeterea
2350 1318 2648 1388 Homeri-

263 1440 415 1485 cum
475 1420 626 1498 βοέη
686 1425 1182 1488 contractionem
1240 1421 1529 1487 Atticam
1587 1424 1656 1486 in
1714 1421 1835 1499 βοῆ
1883 1443 2007 1488 11011
2053 1423 2346 1494 admittit
2390 1431 2648 1512 propter

265 1525 710 1610 interpositam
771 1531 1235 1594 consonantem.
1307 1525 1398 1592 Ut
1454 1528 1631 1592 enim
1672 1524 2019 1596 Homerica
2044 1532 2209 1594 *sunt
2248 1528 2444 1596 πλέιω
2494 1528 2645 1597 πλό-

260 1651 350 1702 νος
413 1630 724 1705 εὐπλοείη,
795 1639 862 1696 et
920 1630 1054 1713 ρέεω
1108 1631 1294 1712 ῥόεος,
1342 1636 1408 1697 et
1451 1630 1609 1710 χέτω
1655 1630 1830 1712 χόνος
1875 1631 2190 1712 εοινοχότος
2237 1632 2639 1715 χρυσοχόιος,

257 1740 328 1798 et
368 1733 506 1801 θέτω
558 1733 709 1809 δοιός
731 1785 749 1814 ,
788 1735 974 1801 wirce
1012 1736 1215 1806 πνόεος
1254 1740 1320 1802 et
1359 1737 1536 1810 morab
1555 1784 1574 1809 .
1614 1736 1705 1801 810
1742 1734 1915 1814 eorde
1936 1787 1956 1812 ‚
1994 1735 2130 1815 βοιί
2146 1786 2163 1815 ,
2204 1737 2379 1815 βόνες
2402 1787 2420 1816 ,
2452 1738 2641 1817 βίιας

259 1840 453 1918 bovis,
496 1841 661 1917 bovi,
703 1842 902 1918 boves,
944 1841 1182 1907 habent
1223 1838 1294 1905 τὸ
1333 1839 1660 1918 δίγαμμα.
1732 1838 1954 1925 Itaque
1987 1839 2164 1918 βοσέη
2206 1846 2272 1906 et
2292 1842 2491 1920 βονείη
2516 1861 2641 1911 non

261 1946 474 2030 magis
533 1946 820 2011 contrahi
879 1951 1142 2030 possunt
1201 1966 1396 2031 quam
1459 1943 1740 2019 εὖπλονίη
1787 1950 1900 2009 aut
1942 1943 2306 2024 χρυσοχόνος
2355 1954 2468 2012 aut
2513 1949 2641 2014 alia

257 2048 726 2116 eiusdemmodi
760 2056 1072 2117 sexcenta.
1133 2049 1375 2116 Eadem
1413 2070 1601 2136 opera
1638 2048 2001 2114 confutatur
2038 2050 2249 2116 futilis
2283 2050 2635 2118 Herodiani

260 2155 627 2221 coniectura
683 2154 779 2233 βῶ
837 2175 952 2241 pro
1011 2152 1176 2233 βόαε
1243 2157 1395 2241 quia
1452 2159 1657 2239 ne'que
1714 2151 1841 2232 βόα
1900 2151 2222 2221 Graecum
2281 2161 2377 2221 est
2435 2160 2535 2232 et,
2583 2159 2641 2221 si

257 2262 742 2341 quammaxime
785 2265 982 2338 esset,
1026 2259 1183 2340 βότα
1230 2260 1310 2325 ob
1354 2258 1638 2325 mediam
1684 2263 2131 2326 consonantem
2169 2261 2238 2326 in
2277 2279 2474 2326 unam
2511 2260 2641 2347 syl-

257 2361 476 2430 labam
534 2364 879 2432 coalescere
918 2366 1162 2450 nequit.
1232 2363 1452 2448 Itaque
1497 2363 1977 2430 Aristarcheum
2021 2364 2148 2442 βῶν
2191 2364 2371 2431 1111110
2418 2364 2649 2432 funda-

259 2474 478 2535 mento
536 2471 764 2537 nixum
827 2473 1064 2538 corruit
1077 2518 1095 2548 ,
1150 2475 1216 2537 et
1258 2470 1445 2537 unice
1490 2489 1717 2538 verum
1763 2473 1860 2535 est
1902 2470 2443 2555 Aristophaneum
2486 2471 2640 2550 βοῦν

259 2572 574 2654 ἀζαλέην,
634 2576 804 2660 quod
859 2576 1139 2661 undique
1192 2580 1412 2641 tutum
1456 2580 1574 2643 est.
1644 2579 1794 2648 Βοῦς
1839 2577 2019 2641 enim
2061 2579 2404 2656 Ὁμηρικῶς
2451 2575 2639 2659 plane

260 2677 433 2745 idem
485 2679 805 2767 sig-nificat
849 2680 1020 2766 quod
1084 2679 1317 2756 ἀσπίς,
1368 2678 1590 2755 σοὶκος,
1639 2678 1788 2757 βοέη
1833 2686 1899 2745 et
1942 2680 2142 2757 βοείη.
2217 2678 2641 2759 Quemadmo-

260 2781 416 2847 dum
464 2786 707 2869 optime
752 2784 988 2851 dicitur
1031 2784 1214 2850 Iliad.
1260 2792 1354 2849 M.
1408 2781 1558 2848 137.

535 2881 589 2955 οἳ
631 2890 686 2955 δ’
730 2891 858 2962 ἰθὺς
905 2892 1050 2971 πρὸς
1099 2898 1310 2968 τεῖχος
1358 2887 1658 2964 ἐΰδμητον
1704 2897 1924 2953 BOAC
1970 2896 2196 2953 ATAC

536 2993 717 3074 ὑψόσ’
767 2995 1186 3075 ἀνασχόμενοι
1234 2992 1386 3060 ἔκιον
1431 2991 1700 3073 μεγάλῳ
1745 2995 2082 3073 ἀλαλητῷ.

259 3097 484 3161 eodem
527 3099 720 3164 modo
762 3101 832 3165 in
873 3099 1187 3187 singulari
1230 3101 1470 3185 optime
1508 3098 1702 3165 habet
1737 3105 2012 3176 νωμῆσαι
2054 3106 2284 3163 ΒΟΤΝ
2322 3097 2634 3178 ἀζαλέην,

257 3205 327 3265 et
385 3202 518 3279 βῶν
576 3202 743 3270 nihil
803 3203 981 3269 aliud
1024 3209 1121 3270 est
1165 3224 1359 3289 quam
1406 3204 1688 3285 σφάλμα
1734 3208 1852 3268 τῶν
1897 3202 2010 3276 τὴν
2057 3202 2337 3284 ἀρχαίαν
2384 3205 2639 3285 γραφὴν

263 3313 429 3372 BON
477 3313 675 3380 κακῶς
723 3308 1507 3390 μεταχοιρακσηρισοίντων.

349 3517 452 3583 Ex
495 3518 719 3583 eodem
759 3518 968 3605 igitur
1010 3517 1183 3584 fonte
1228 3522 1571 3583 manarunt
1613 3522 1680 3582 et
1722 3518 1836 3585 alii
1878 3536 2149 3596 errores,
2198 3536 2356 3601 quos
2397 3518 2634 3602 partim

262 3620 595 3688 Bekkems
639 3624 918 3689 eximere
954 3627 1215 3689 conatus
1254 3627 1350 3687 est
1364 3669 1381 3700 ,
1421 3622 1529 3689 sed
1567 3642 1796 3707 parum
1832 3620 2122 3687 feliciter.
2183 3620 2432 3707 Nempe
2468 3621 2638 3707 quod

259 3725 378 3792 hae
439 3727 874 3794 observatione
931 3727 1133 3795 fretus
1191 3727 1390 3809 ὥφίη,
1452 3726 1663 3807 προΐη,
1724 3727 1899 3801 ἀνίη,
1945 3726 2160 3805 μεθίη.
2210 3726 2373 3801 ἐτίθη
2397 3775 2415 3804 ,
2463 3725 2635 3800 τίθη,

265 3829 428 3896 ἑδίδω
446 3881 462 3906 ,
506 3832 643 3898 δίδω
690 3832 915 3897 formis
956 3832 1333 3919 vulgaribus
1376 3834 1445 3897 in
1469 3870 1555 3879 —
1586 3835 1670 3896 ΕΙ
1705 3836 1770 3896 et
1793 3868 1879 3880 —
1908 3839 2021 3896 O‘r
2083 3831 2419 3896 substituit
2458 3829 2635 3896 fefel-

261 3933 343 4000 lit
382 3957 534 4004 eum
581 3939 794 4022 opinio
809 3984 826 4012 ,
890 3943 967 4002 ut
1010 3936 1137 4002 alio
1180 3936 1318 4003 loco
1367 3937 1963 4003 demonstravimus.
2031 3935 2119 4002 Et
2153 3935 2323 4021 quod
2358 3937 2633 4020 particu-

261 4038 360 4105 lae
419 4049 608 4107 ΜΕΝ
670 4041 876 4108 veluti
919 4041 1164 4108 bellum
1209 4042 1443 4106 indixit
1488 4042 1874 4125 ubicumque
1915 4061 2027 4125 per
2070 4045 2355 4107 metrum
2398 4039 2634 4105 licebat

263 4153 453 4212 MHN
514 4166 819 4231 reponens
877 4149 946 4213 in
997 4146 1311 4232 plerisque
1352 4145 1510 4212 10018
1553 4150 1837 4212 veterem
1880 4144 2181 4230 loquendi
2224 4164 2417 4212 usum
2464 4143 2634 4211 ultro

257 4252 517 4317 vitiavit
535 4300 552 4328 ,
600 4259 676 4318 ut
721 4252 798 4319 de
842 4253 1156 4319 industria
1201 4272 1314 4319 suo
1353 4237 1495 4318 loco
1538 4251 1962 4319 ostendemus.

341 4353 471 4421 Sed
516 4363 854 4440 supersunt
897 4357 1026 4423 alia
1073 4358 1244 4441 apud
1289 4356 1649 4423 Homerum
1695 4355 1991 4424 mendose
2035 4356 2304 4441 scripta,
2353 4376 2513 4439 quae
2555 4375 2633 4420 ex
