2934 5050
842 1122 2002 1237 THUCYDIDEA.

1003 1437 1285 1490 semen·
1330 1418 1403 1490 C.
1449 1419 1844 1490 BADHAM.

326 1958 601 2029 Initium
660 1962 894 2031 faciam
953 1985 992 2032 a
1039 1965 1180 2033 loco
1240 1968 1310 2033 in
1354 1966 1429 2034 L.
1476 1966 1528 2034 Ι.
1578 1986 1713 2052 cap.
1758 1964 1867 2033 25.
1927 1967 2039 2052 qui
2081 1963 2316 2050 ineptis
2360 1961 2613 2050 supple-

242 2068 475 2133 mentis
533 2066 904 2136 obscuratus
963 2075 1080 2137 est.
1171 2071 1469 2138 Corinthii
1535 2073 1881 2158 Corcyraeos
1933 2072 2184 2137 oderunt
2195 2116 2215 2149 ,
2277 2066 2370 2134 ὅτι
2410 2071 2614 2135 αὐτῶν

242 2173 636 2253 παρημέλουν
689 2171 854 2246 ὄντες
900 2173 1173 2253 ἄποικοι,
1233 2176 1374 2244 οὔτε
1423 2176 1610 2263 [γὰρ]
1660 2177 1721 2241 ἔν
1766 2174 2148 2260 πανηγύρεσι
2195 2180 2338 2248 ταῖς
2384 2160 2612 2249 ιὶοιναῒς

242 2275 501 2351 διδόντες
561 2276 721 2358 γέρα
775 2279 864 2345 τὰ
906 2280 1273 2365 νομιζόμενα
1321 2282 1461 2350 οὔτε
1508 2281 1778 2363 nomm
1822 2280 1989 2364 άνδρὶ
2043 2277 2614 2363 προκαταρχόμενοι

244 2388 358 2450 τῶν
414 2386 619 2466 ἱερῶν,
675 2382 875 2468 ὥσπερ
938 2387 1006 2453 αἱ
1062 2384 1262 2452 ἄλλαι
1307 2387 1623 2465 άποικίαι,
1680 2389 2170 2470 περιφρονοῦντες
2215 2386 2277 2452 δὲ
2326 2384 2613 2472 [αὐτοὺς]

246 2487 348 2554 καὶ
410 2490 759 2573 χρημάτων
817 2488 1076 2572 δυνάμει
1125 2490 1350 2579 [ὄντες]
1400 2493 1544 2559 κατ’
1591 2490 1812 2560 ἐκεῖνον
1854 2493 1958 2560 τὸν
2002 2491 2217 2577 χρόνον
2262 2491 2447 2573 ὁμοῖα
2488 2496 2616 2564 τοῖς

246 2596 554 2672 Ἑλλήνων
598 2596 1112 2673 πλουσιωτάτοις.
1163 2598 1267 2663 καὶ
1308 2607 1388 2680 τῇ
1426 2599 1488 2672 ἐς
1528 2598 1801 2677 πόλεμον
1837 2607 2199 2681 παρασκευῇ
2223 2597 2615 2677 δυνατώτεροι

247 2702 503 2783 ναυτικῷ·
567 2701 632 2767 δὲ
696 2701 802 2767 καὶ
860 2703 1023 2769 πολὺ
1086 2703 1377 2784 προῦχειν
1434 2703 1561 2773 ἔςιν
1621 2698 1724 2769 ὅτε
1783 2703 2163 2785 ἐπαιρόμενοι
2216 2701 2380 2789 [καὶ]
2443 2699 2616 2766 κατα

244 2805 351 2880 τὴν
395 2814 517 2873 τῶν
565 2805 850 2873 Φαιάκων
893 2808 1299 2890 προενοίκησιν
1343 2816 1455 2884 τῆς
1503 2806 1812 2887 Κερκύρας
1852 2808 2028 2881 κλέος
2069 2805 2336 2888 ἑχόντων
2373 2805 2442 2871 τὸ
2482 2805 2617 2887 περὶ

246 2910 361 2984 τὰς
421 2915 594 2984 ναῦς.
671 2910 832 2979 Vide
891 2934 1046 2999 quas
1091 2913 1281 3000 dapes
1324 2914 1508 2979 nobis
1550 2914 1956 2998 apposuerint
1997 2913 2441 3000 grammatici:
2489 2909 2616 2993 γάρ

248 3017 379 3083 sine
423 3017 620 3085 verbo
636 3063 655 3095 ‚
704 3018 886 3097 ὃμοῖα
932 3017 1095 3093 ὄντες
1114 3070 1131 3098 ,
1179 3019 1572 3099 δυνατώτεροι
1616 3018 2024 3103 praecedente
2067 3015 2323 3094 δυνάμει
2370 3016 2620 3085 diverso

249 3140 430 3187 sensu
445 3169 464 3201 ,
516 3126 988 3209 comparativus
1032 3123 1213 3189 nullo
1256 3128 1613 3189 memorato
1658 3141 1783 3208 quo
1819 3124 1948 3187 sint
1984 3123 2391 3208 potentiores.
2438 3120 2622 3188 Adde

251 3227 413 3310 quod
491 3227 763 3316 vulgata
837 3228 1030 3295 lectio
1095 3225 1477 3316 Corcyraeos
1541 3246 1761 3294 revera
1827 3223 2175 3293 Corinthiis
2239 3230 2624 3315 potentiores

250 3329 440 3398 fuisse
487 3332 672 3399 docet
685 3380 704 3412 ‚
753 3335 1014 3421 eiusque
1059 3336 1153 3400 rei
1189 3335 1359 3420 ipsos
1399 3329 1761 3398 Corinthios
1796 3336 1989 3398 testes
2023 3332 2209 3411 facit,
2258 3353 2459 3419 quum
2482 3353 2625 3400 con-

251 3439 350 3501 tra
391 3457 470 3504 ex
516 3436 895 3519 ἐπαιρόμενοι
944 3442 1241 3524 appareat
1284 3437 1449 3503 hanc
1492 3436 1688 3503 fuisse
1730 3433 2229 3524 Corcyraeorum
2272 3437 2350 3503 de
2387 3458 2454 3504 se
2493 3439 2625 3523 opi·

251 3544 525 3610 nionem.
595 3541 773 3609 Haec
817 3546 1033 3611 omnia
1076 3548 1214 3610 orta
1259 3546 1408 3607 sunt
1452 3563 1531 3607 ex
1573 3542 1734 3608 falsa
1777 3542 1958 3610 verbi
1997 3547 2491 3624 περιφρονοῦντες
2529 3544 2627 3607 in-

254 3639 699 3733 terpretafione
712 3693 730 3724 ,
769 3652 1102 3734 tamquam
1139 3648 1314 3715 idem
1351 3651 1515 3713 esset
1538 3647 1705 3733 quod
1742 3652 2274 3730 καταφρονοῦντες
2307 3646 2415 3715 vel
2448 3648 2624 3728 ὑπερ·

253 3755 627 3833 φρονοῦντες.
698 3752 798 3818 'l'u
842 3755 1155 3840 coniunge
1202 3756 1697 3834 περιφρονοῦντες
1743 3753 1925 3831 ὃμοῖα
1969 3756 2096 3823 τοῖς
2142 3749 2625 3827 πλουσιωτάτοις

255 3855 357 3921 καὶ
417 3881 492 3939 χ.
555 3857 609 3924 δ.
676 3857 782 3922 καὶ
843 3867 920 3940 τῇ
982 3857 1043 3930 ἐς
1102 3880 1173 3923 π.
1235 3865 1620 3939 παρασκευῇ.
1691 3854 1817 3922 Sed
1854 3861 2053 3923 restat
2097 3856 2271 3923 aliud
2316 3857 2628 3924 mendum
2718 3921 2727 3930 ,

254 3980 376 4026 non
429 3964 872 4049 grammaticis
917 3962 1027 4029 sed
1067 3963 1290 4029 scribis
1334 3961 1807 4047 imputandum.
1880 3961 2050 4043 Quid
2095 3966 2268 4028 enim
2313 3964 2438 4029 sibi
2480 3961 2629 4030 vult

258 4062 377 4133 ἕσιν
423 4063 564 4132 ὅτεῗ
611 4070 711 4134 An
757 4066 1095 4153 aliquando
1138 4067 1591 4154 resipiscebant
1631 4071 1696 4131 et
1740 4069 1955 4133 sanius
1998 4067 2077 4134 de
2122 4070 2255 4134 suis
2298 4069 2486 4134 rebus
2529 4070 2627 4133 iu·

260 4168 497 4237 dicium
541 4171 867 4239 ferebant?
934 4172 1108 4261 Lege
1153 4172 1216 4243 ἐς
1262 4170 1428 4238 τότε.

344 4274 397 4340 Ι.
449 4276 556 4342 40.
604 4278 653 4343 εἷ
699 4276 826 4358 γάρ
872 4277 1013 4352 τοὺς
1064 4275 1253 4342 κακόν
1287 4299 1348 4340 τι
1389 4275 1650 4357 δρῶντας
1690 4275 2009 4357 δεχόμενοι
2045 4278 2451 4359 τιμωρήσετε,
2499 4283 2629 4360 φα·

262 4386 453 4445 νεῖται
515 4382 620 4447 καὶ
685 4374 728 4447 ἃ
790 4387 906 4446 τῶν
971 4380 1270 4463 ὖμετέρων
1327 4382 1434 4447 οὑκ
1480 4379 1724 4447 ἐλάσσω
1774 4382 1920 4462 ἡμῖν
1965 4381 2255 4464 πρόσεισι.
2325 4392 2630 4466 Τιμωρεῖν
