2934 5050
353 281 485 362 372
1357 297 1731 346 rma-omos.

345 470 583 536 nabant
643 473 858 558 magis
918 488 1109 554 quam
1171 470 1473 533 sciebant.
1567 467 1738 533 Audi
1798 469 2235 533 Aristarchum
2299 471 2379 535 ad
2432 469 2616 536 Iliad.
2668 489 2731 535 Δ.

349 574 503 640 106.
551 575 643 642 ὅτι
687 574 872 651 ἅπαξ
916 575 1145 655 εἴρηται
1190 574 1262 638 τὸ
1320 574 1673 654 κρήγυον
1726 574 1830 637 καὶ
1882 574 1990 637 οὐκ
2034 572 2159 641 {ccv
2217 574 2527 649 ἀληθές
2584 577 2734 639 ἀλλ’

348 679 695 757 ὥγαθὸν·
742 678 1199 749 ἄντιδιαςὲλλει
1247 683 1397 756 γοῦν
1435 679 1539 742 ἐπὶ
1574 677 1647 744 τό
1688 677 1857 758 „alei
1900 702 1991 743 τοι
2036 679 2123 743 τὰ
2170 677 2314 743 κάκ’
2361 680 2453 748 ἕςι
2500 681 2730 760 φίλα”.

351 782 704 851 Becoctum
759 792 858 852 est
915 790 1134 871 postea
1172 785 1244 849 τὸ
1290 785 1552 863 κρήγυον
1601 784 1683 848 ab
1724 784 1844 866 iis,
1891 788 2003 867 qui
2047 782 2301 849 libellos
2342 784 2735 871 pseudo-Py·

352 889 690 978 thagoreos
749 895 1215 976 supposuerunt
1229 935 1249 965 ‚
1309 890 1378 953 in
1436 907 1711 973 quorum
1754 887 2133 974 fragmentis
2173 888 2341 974 apud
2386 887 2735 954 Stobm

351 998 604 1081 saepius
661 996 923 1086 legitur.
1018 993 1146 1075 Qui
1201 992 1542 1060 Platonem
1588 993 1745 1058 bene
1788 999 2106 1058 noverunt
2148 1013 2271 1058 non
2316 992 2509 1058 facile
2552 993 2735 1058 indu·

351 1107 498 1166 cent
541 1103 614 1167 in
652 1105 945 1168 animum
982 1121 1098 1187 pro
1133 1100 1360 1177 draeo)
1399 1098 1758 1164 διδάσκαλοι
1795 1097 2021 1183 putide
2057 1103 2124 1163 et
2155 1097 2443 1164 affectate
2478 1099 2729 1178 κρήγυοι

357 1204 718 1273 διδάσκαλοι
766 1209 847 1274 ab
890 1209 1029 1293 ipso
1071 1205 1200 1270 dici
1243 1206 1546 1290 potuisse.
2372 1191 2379 1198 ’

445 1310 537 1376 Ut
592 1310 783 1378 Plato
840 1315 938 1377 est
994 1313 1065 1375 in
1117 1315 1486 1393 temporum
1528 1310 1852 1374 notatione
1896 1306 2231 1395 negligens
2274 1308 2633 1374 admodum
2672 1313 2734 1375 et

351 1417 572 1481 omnia
626 1418 896 1482 miscere
930 1414 1188 1490 solitus,
1237 1412 1317 1479 cf.
1365 1411 1683 1477 Mnemon.
1736 1410 1932 1479 1874.
1978 1434 2125 1500 pag.
2181 1413 2332 1479 115.
2382 1417 2479 1480 sic
2524 1421 2734 1481 contra

347 1520 464 1604 qui
521 1520 890 1585 Alcibiadem
949 1519 1322 1603 conscripsit
1375 1520 1446 1582 in
1491 1518 1612 1583 hac
1655 1524 1836 1604 parte
1882 1518 2423 1607 diligentissimus
2468 1541 2607 1586 esse
2646 1542 2734 1586 re·

349 1624 653 1708 parietur.

437 1728 638 1796 Nulla
695 1735 906 1816 potest
961 1752 1098 1799 esse
1157 1731 1237 1797 de
1294 1728 1649 1796 Alcibiadis
1702 1734 1909 1796 aetate
1956 1730 2273 1795 dubitatio
2320 1749 2401 1794 ex
2450 1733 2539 1795 iis
2580 1751 2733 1815 quae

347 1831 638 1902 Platonis
694 1838 985 1902 imitator
1041 1835 1120 1901 de
1180 1855 1256 1901 ea
1313 1855 1382 1899 re
1434 1834 1763 1898 indicavit.
1855 1832 2048 1900 Pater
2090 1834 2451 1900 Alcibiadis
2496 1832 2735 1901 Clinias

349 1940 422 2004 in
463 1940 704 2027 proelio
761 1942 991 2009 cecidit
1049 1960 1213 2006 anno
1258 1935 1413 2004 447.
1462 1938 1524 2002 ἐν
1571 1936 1868 2020 Κορωνείᾳ
1913 1938 2013 2002 ἐπὶ
2062 1936 2361 2019 ἄρχοντος
2411 1941 2735 2021 Τιμαρχί-

351 2043 474 2110 δου.
567 2046 859 2132 Reliquit
913 2046 1071 2111 duos
1115 2044 1282 2110 filios
1323 2045 1637 2108 maiorem
1683 2041 2085 2108 Alcibiadem
2132 2043 2388 2109 biennio
2438 2052 2591 2112 ante
2634 2066 2735 2111 na-

349 2153 496 2216 tum
513 2198 532 2229 ,
578 2156 645 2217 et
687 2153 1003 2218 minorem
1047 2147 1328 2216 Cliniam
1372 2146 1765 2213 anniculum.
1859 2147 2081 2234 Itaque
2134 2148 2506 2216 Alcibiades
2550 2157 2737 2217 natus

350 2274 514 2322 anno
560 2254 716 2321 449.
765 2276 966 2341 quum
1014 2257 1082 2321 in
1126 2256 1280 2321 Asia
1320 2250 1779 2318 interficeretur
1823 2272 1986 2318 anno
2028 2251 2180 2317 404.
2219 2254 2735 2338 ῃαάταςεείιιω

345 2361 618 2443 quintum
661 2380 901 2426 annum
945 2362 1172 2426 aetatis
1216 2358 1465 2445 agebat.
1560 2354 2032 2423 Confirmantur
2076 2358 2232 2428 haec
2278 2362 2546 2448 egregie
2588 2359 2736 2426 Dia·

344 2461 497 2552 logo
538 2463 870 2532 Platonico
885 2512 902 2543 ‚
966 2465 1080 2531 ubi
1140 2462 1468 2528 inducitur
1521 2460 1886 2528 Alcibiades
1932 2462 2443 2530 adolescentulus
2490 2466 2739 2531 undevi-

339 2569 503 2650 φίιιιι·
546 2592 837 2635 annorum
878 2573 1032 2638 vivo
1075 2568 1322 2636 Pericle
1367 2574 1432 2633 et
1476 2570 1546 2632 in
1591 2566 2037 2633 florentissima
2082 2590 2212 2654 rep.
2261 2591 2525 2636 summa
2568 2572 2737 2658 apud

345 2694 568 2741 omnes
613 2679 989 2742 auctoritate
1031 2674 1328 2761 pollente.
1400 2671 1725 2752 Quadrant
1768 2671 1925 2737 haec
1967 2675 2185 2739 omnia
2223 2677 2638 2742 exactissime
2668 2680 2739 2742 in

346 2799 586 2845 annum
626 2780 760 2846 430
775 2802 792 2859 ;
837 2800 1115 2864 namque
1158 2780 1446 2863 sequenti
1506 2797 1668 2842 anno
1706 2776 2072 2861 pestiIentia
2109 2786 2398 2865 grassata
2460 2780 2739 2846 Athenis

347 2888 444 2948 est
501 2890 568 2949 et
625 2883 903 2951 Pericles
963 2885 1232 2950 excessit
1276 2902 1312 2947 e
1354 2884 1512 2947 vita.
1604 2885 1801 2949 Aetas
1858 2882 2212 2949 Alcibiadis
2262 2884 2368 2948 his
2426 2884 2591 2950 locis
2636 2908 2737 2953 co-

346 2991 675 3075 gnoscitur
716 3010 863 3077 pag.
920 2988 1049 3055 123
1091 3006 1150 3055 o.
1201 2988 1230 3052 ὃ
1281 2986 1691 3063 Ἀλκιβιάδης
1738 2986 1844 3061 ἔτη
1890 2988 2120 3053 οὐδέπω
2170 2990 2440 3067 γεγονὼς
2488 2991 2733 3072 σφόδρα

349 3093 593 3172 εἴκοσιν,
639 3100 707 3159 et
765 3116 912 3182 pag.
964 3093 1113 3159 110.
1157 3112 1220 3159 Α.
1268 3092 1517 3172 πέρυσιν
1579 3092 1812 3174 ἐζήτεις
1876 3117 1948 3157 τε
1997 3094 2101 3158 καὶ
2148 3095 2259 3158 οὐκ
2304 3092 2421 3175 ᾤου
2467 3096 2732 3169 εἷδὲναις

350 3236 436 3248 --
483 3200 681 3277 τρίτον
726 3200 789 3266 δὲ
834 3199 965 3271 ἔτος
1014 3198 1120 3263 καὶ
1165 3197 1457 3277 τέταρτον
1503 3195 1609 3260 καὶ
1648 3194 1937 3273 πέμπτον
1976 3200 2097 3278 οὐχ
2138 3196 2368 3273 οὕτωςς
2418 3238 2511 3250 -
2554 3201 2732 3266 ἀλλὰ

346 3304 471 3382 μὴν
540 3301 615 3368 τό
676 3327 758 3382 γε
802 3303 915 3383 πρὸ
959 3303 1175 3369 τούτου
1222 3310 1375 3374 παῖς
1425 3295 1602 3375 ἦσθα.
1688 3298 1881 3367 Sexto
1926 3301 2158 3366 abhinc
2204 3322 2370 3368 anno
2418 3303 2553 3369 425
2621 3304 2733 3371 Al·

345 3408 624 3474 cibiades
681 3415 833 3481 ταῖς
881 3404 950 3482 ἦν
993 3428 1304 3474 annorum
1345 3405 1822 3492 quatuordeeim,
1884 3426 2052 3470 nunc
2099 3405 2205 3480 ἔτη
2253 3409 2490 3473 οὐδέπω
2536 3433 2729 3487 γεγο-

344 3513 455 3585 νὼς
518 3512 732 3592 σφόδρ’
794 3514 1015 3578 εἴκοσιν
1072 3515 1316 3600 cogitat
1359 3511 1701 3596 propediem
1760 3496 1979 3590 (μάλα
2025 3510 2249 3589 ὀλίγων
2298 3514 2535 3594 ἡμερῶν
2578 3536 2723 3603 pag.

351 3615 502 3682 105.
528 3618 594 3701 Β)
642 3618 838 3685 verba
880 3618 1164 3684 facturus
1207 3617 1290 3682 ad
1331 3616 1641 3702 populum
1684 3617 1955 3701 prodire.
2049 3614 2324 3682 Ridetur
2368 3618 2452 3683 ab
2490 3622 2725 3685 Aristo-

344 3723 552 3808 phane
596 3722 660 3787 ἐν
704 3730 830 3793 τοῖς
878 3725 1305 3788 Δαιταλεῦσιν
1347 3741 1511 3787 anno
1557 3718 1712 3787 42¹7.

800 3827 949 3906 παρ’
1000 3824 1407 3905 Ἀλκιβιάδου
1451 3830 1629 3890 τοῦτο
1675 3825 2139 3903 τᾶποβῆσεται.

343 3933 534 3998 tertio
578 3937 722 4017 post
767 3952 929 3998 anno
945 3978 964 4009 ,
1027 3933 1253 3997 aetatis
1309 3932 1627 4017 vigesimo
1670 3931 1963 3996 secundo.
2058 3931 2427 3999 Alcibiades
2471 3935 2721 4015 ἒςριιτή-

346 4059 507 4114 γησε
550 4039 836 4122 primum
881 4036 1213 4118 τριάκοντα
1256 4035 1529 4114 γεγονὼς
1577 4033 1686 4110 ἔτη
1737 4035 1879 4121 (nec
1917 4041 2064 4102 ante
2099 4035 2361 4123 licebat)
2404 4061 2572 4107 anno
2595 4040 2720 4105 419

341 4146 504 4206 teste
549 4141 926 4228 Thucydide
962 4138 1038 4204 V.
1080 4137 1187 4204 52.
1235 4138 1648 4217 Ἀλκιβιάδης
1698 4140 1726 4204 o‘
1772 4142 2043 4205 Κλεινίου
2083 4143 2401 4221 ςρατηγὸς
2445 4146 2525 4210 ὧν
2549 4148 2720 4217 'Aen-

340 4243 522 4309 ναίων
581 4241 927 4323 &termole-n
984 4244 1072 4309 τοὶ
1117 4243 1254 4321 περὶ
1302 4245 1411 4319 τὴν
1455 4242 1866 4325 ξυμμαχίαν.
1942 4246 2135 4312 Vides
2180 4251 2397 4313 omnia
2444 4250 2722 4337 undique

340 4364 686 4432 congruere
746 4368 859 4412 nec
920 4347 1132 4413 ullum
1192 4368 1326 4412 esse
1390 4348 1778 4414 dubitationi
1824 4349 2038 4414 locum
2056 4398 2073 4428 ,
2148 4358 2223 4416 ut
2269 4352 2437 4418 nibil
2481 4358 2565 4419 sit
2612 4359 2721 4420 tri-

2840 21 2893 694 l
