2934 5050
1013 299 1395 349 νηιιοιοοιωι
1444 303 1518 349 ιτ
1560 301 1815 350 eninm.
2523 292 2549 352 1
2573 293 2593 351 t

210 468 442 560 probet
505 478 705 557 atque
743 467 996 537 oderit?
1091 469 1205 536 Cui
1271 490 1397 538 non
1447 474 1738 537 omnium
1788 470 2102 559 quidquid
2164 479 2262 539 est
2327 473 2391 538 in
2443 471 2604 540 Ger·

212 579 436 645 mania
503 576 842 643 hominum
893 575 1362 662 elegantiarum
1432 577 1553 644 ista
1604 577 1862 664 linguae
1919 578 2418 666 intemperantia
2468 589 2604 646 tae-

214 681 398 751 dium
453 683 626 771 parit
674 691 738 749 et
787 682 1139 749 nauseam?
1207 683 1373 765 Quin
1423 683 1639 769 potius
1689 694 1982 751 tenemus
2026 682 2181 750 illud
2231 684 2607 771 Aristopha-

218 809 453 870 11011111,
502 788 676 877 qnod
727 808 851 855 non
903 788 1122 854 minus
1169 789 1234 853 in
1281 787 1633 875 philologos
1672 790 1974 856 convenit
2011 807 2206 876 quam
2253 789 2317 855 in
2354 798 2605 877 poetas:

1182 893 1574 976 λοιδορεῖσθαι
1621 895 1675 961 δ’
1721 897 1789 961 οὖ
1835 893 2056 975 πρέπει

632 998 856 1083 ἄνδρας
900 998 1279 1082 φιλολόγους
1324 998 1528 1083 ὥσπερ
1574 1001 2020 1082 ἀρτοπώλιδας.

310 1105 684 1173 certamina
731 1125 870 1172 esse
920 1106 1092 1172 inter
1137 1104 1411 1172 Criticos
1474 1125 1735 1173 necesse
1789 1116 1920 1172 est:
1985 1107 2198 1185 ἀγαθὴ
2243 1107 2297 1174 δ’
2339 1104 2455 1188 ἔρις
2504 1105 2607 1183 ἥδε

220 1211 533 1293 βροτοῖσι,
585 1210 698 1278 sed
749 1219 1074 1278 certemus
1125 1211 1411 1298 ingenio,
1459 1213 1803 1292 acumine,
1854 1211 2183 1293 sollertia,
2235 1232 2357 1278 non
2410 1210 2610 1279 male·

225 1315 415 1384 dictis
461 1328 528 1385 et
573 1317 909 1384 conviciis.
980 1316 1114 1381 Rex
1153 1316 1318 1394 eric,
1368 1318 1589 1397 αιίιηι,
1640 1318 1695 1383 εἰ
1742 1327 1907 1385 recte
1952 1318 2173 1406 [acies.
2271 1318 2609 1384 Caeterum

228 1424 282 1489 si
323 1422 478 1510 quid
522 1423 673 1489 boni
718 1431 1044 1510 repertum
1087 1423 1456 1509 spernitur,
1499 1426 1560 1489 vi
1606 1424 1899 1490 veritatis
1933 1426 2052 1490 erit
2101 1422 2612 1491 contemtoribus

228 1529 363 1596 suis
407 1537 779 1616 supersteS,
840 1539 901 1595 et
950 1536 1176 1595 contra
1226 1528 1544 1617 quidquid
1591 1550 1826 1597 vanum
1872 1540 1937 1598 et
1986 1531 2217 1597 falsum
2268 1538 2367 1597 est
2414 1531 2613 1598 etiam

230 1635 401 1702 nullo
466 1633 800 1703 refellente
864 1634 1122 1721 peribit.
1221 1634 1431 1701 Etiam
1495 1637 1560 1702 in
1609 1643 1750 1703 arte
1806 1635 2045 1702 Critica
2104 1635 2292 1721 longa
2358 1633 2496 1701 dies
2544 1642 2615 1700 nt

226 1741 602 1828 opinionum
660 1750 1026 1807 commenta
1082 1738 1250 1808 delet
1303 1742 1391 1807 ita
1447 1752 1639 1808 acute
1700 1743 2106 1809 cernentium
2156 1740 2397 1808 iudicia
2459 1761 2614 1808 con·

236 1845 470 1915 firmat.

319 1952 442 2020 Sed
488 1952 714 2020 redeat
766 1950 934 2020 unde
982 1952 1107 2020 huc
1157 1951 1448 2040 digressa
1506 1963 1605 2023 est
1655 1954 1859 2020 oratio
1908 1961 1973 2020 et
2022 1973 2255 2020 novum
2310 1951 2609 2020 Scholion

235 2058 681 2148 inspiciamus.

323 2253 413 2323 od
462 2277 553 2322 ss,
602 2265 658 2322 1.
711 2260 819 2321 45.

422 2277 461 2347 Y
594 2359 710 2427 ἕνθ’
757 2360 887 2438 ἤτοι
929 2362 1047 2441 μὲν
1090 2362 1215 2442 ἐγώ
1262 2362 1426 2445 διερῷ
1475 2362 1609 2429 ποδὶ
1659 2362 1984 2446 φευγέμεν
2032 2362 2234 2442 ἧμέοις

596 2467 859 2547 ἠνώγεα.

328 2572 624 2642 Scholion
675 2571 754 2641 ad
801 2574 968 2657 διερῷ
1025 2574 1166 2641 ποδί
1181 2597 1196 2641 :
1260 2583 1338 2657 τῇ
1387 2574 1513 2651 νηΐ·
1562 2575 1668 2642 καὶ
1715 2575 1844 2658 γὰρ
1904 2574 2170 2651 ἄλλως
2218 2573 2442 2652 ἵππους
2491 2575 2611 2652 τὰς

245 2704 347 2746 vav
386 2731 404 2748 .

325 2705 488 2869 (guid
559 2786 650 2852 sit
727 2784 1069 2872 legendum
1134 2806 1250 2873 pro
1316 2784 1531 2860 ἄλλως
1612 2782 1836 2861 ἵππους
1898 2786 2161 2875 colliges
2235 2806 2311 2854 ex
2381 2785 2612 2876 Odys&

245 2902 317 2958 Δ.
365 2898 553 2962 708.’

597 3004 744 3075 νηῶν
788 2997 1102 3080 ὠκυπόρων
1147 2996 1550 3078 ἐπιβαινέμεν
1570 3048 1588 3077 ,
1640 2995 1717 3064 οιῖ
1754 3000 1805 3064 θ’
1849 2999 2003 3072 ἁλὸς
2050 2998 2224 3066 ἵπποι

598 3102 853 3185 ἀνδράσι
897 3103 1246 3184 γίγνονται.

326 3208 416 3277 Cf.
483 3208 789 3278 Scholion
851 3208 932 3275 ad
998 3207 1180 3277 Iliad.
1235 3217 1317 3275 Ψ.
1367 3214 1541 3276 507:
1611 3208 1753 3283 ἴσως
1817 3208 1879 3276 δὲ
1938 3210 2043 3278 διὰ
2103 3211 2175 3277 τὸ
2230 3209 2434 3295 τάχος
2499 3217 2618 3279 τῶν

245 3320 373 3383 νεῶν
417 3313 516 3382 oei‘
550 3318 603 3381 θ’
650 3315 837 3391 ἁλὸς
882 3313 1103 3383 ἵπποι
1149 3313 1358 3391 ἵππιος
1409 3315 1782 3405 (Ποσειδῶν).

331 3526 559 3619 Odys&
609 3537 660 3594 1.
712 3531 865 3595 257.

604 3634 934 3701 δεισάντων
978 3632 1261 3717 Φδόγγον
1305 3657 1378 3701 τε
1423 3633 1627 3715 βοιρὺν
1670 3634 1856 3701 αὐτόν
1897 3658 1969 3700 τε
2016 3634 2304 3718 πέλωρον.

331 3739 631 3807 Scholion
679 3740 760 3807 ad
808 3738 1125 3821 Φθόγγοντ
1172 3777 1264 3789 -
1309 3735 1463 3814 ὅλως
1504 3741 1571 3806 οὐ
1617 3739 1814 3815 τίθησι
1856 3742 1968 3817 τὴν
2009 3739 2323 3821 λέγουσαν
2362 3742 2464 3807 ἐπὶ
2509 3750 2625 3820 τῆς

246 3846 638 3929 ἀδιαρθρώτου
682 3852 914 3928 φωνῆς.

331 3950 594 4038 corrige
650 3947 803 4024 ὅλως
848 3953 926 4018 δὲ
973 3952 1168 4026 τίθησι
1202 3952 1329 4028 ,τὴν
1374 3949 1601 4028 λέξιν
1648 3951 1749 4018 ἐπὶ
1798 3961 1910 4027 τῆς
1958 3951 2027 4018 οὶ.
2075 3958 2155 4036 φ.
2256 3950 2501 4019 Vitium
2556 3953 2623 4019 in

248 4070 551 4150 λέγουσαν
600 4078 821 4137 natum
887 4080 977 4136 est
1030 4090 1108 4136 ex
1158 4068 1538 4157 compendio
1584 4037 1665 4146 i..
1728 4068 1898 4157 quod
1944 4078 2009 4136 et
2056 4069 2273 4149 λέγει,
2338 4071 2625 4151 λέγουσιν

250 4186 367 4243 cet.
413 4186 478 4243 et
524 4174 730 4255 λέξις,
781 4173 948 4254 λέξιν
993 4186 1119 4243 cet.
1158 4175 1469 4242 denotare
1517 4175 1697 4242 solet.
1795 4174 1963 4255 Quid
2002 4177 2087 4241 sit
2131 4175 2369 4261 ubique
2416 4173 2628 4262 legen·

255 4279 398 4347 dum
448 4283 611 4348 satis
657 4284 723 4349 ἐκ
772 4287 888 4347 τῶν
934 4282 1030 4349 ἀεὶ
1077 4280 1606 4366 συμφραζομένων
1652 4288 1953 4368 apparet,
2003 4281 2125 4346 nisi
2175 4281 2229 4347 si
2274 4282 2462 4368 quic,
2514 4282 2628 4368 qui

257 4387 613 4456 scribarum
663 4407 803 4454 mos
846 4398 986 4468 est,
1036 4389 1208 4454 inter
1254 4384 1600 4474 legendum
1645 4387 1806 4453 alias
1854 4405 1958 4452 res
2011 4386 2171 4471 agit.
