2934 5050
338 264 472 329 236
1308 281 1747 337 mmmmm,

653 448 817 529 ἥξεις
857 449 1146 530 ςνγάνορ’
1193 487 1276 500 -

654 658 845 728 αὗται
892 662 952 725 σ’
998 662 1362 740 &urticam-t
1413 663 1520 725 καὶ
1565 663 1726 737 μάλ’
1773 660 2078 738 ἀσμένως.

653 764 882 846 ἰσθμὸν
927 767 983 832 δ’
1029 765 1135 830 ἐπ’
1187 768 1415 840 αὐταῖς
1460 767 1797 847 ςενοτόροις
1845 767 2070 843 λίμνης
2096 767 2353 861 ,πύλαις

659 873 1030 953 Κιμμερικὸν
1075 870 1238 950 ἥξεις
1255 924 1276 946 ,
1327 865 1390 936 ὃν
1434 870 2038 955 θρασυσπλάγχνως
2086 895 2158 936 σε
2202 875 2330 952 χρὴ

655 983 961 1043 λιποῦσαν
1008 978 1232 1043 αὐλῶν’
1275 979 1541 1060 ἐκπερᾶν
1590 978 1966 1065 Μαιωτικόν.

429 1082 597 1151 Sunt
653 1086 860 1172 igitur
915 1090 1060 1169 post
1120 1083 1262 1157 τοὺς
1324 1082 1589 1157 Σκύθας
1634 1084 1907 1165 νομάδας
1928 1135 1947 1160 .
2008 1085 2295 1168 primum
2342 1083 2412 1146 αἱ
2460 1081 2697 1150 aueum

337 1190 594 1272 ραχίαι,
640 1194 786 1255 tum
838 1188 1135 1268 Χάλυβες
1195 1209 1234 1255 a
1277 1192 1569 1269 sinistra,
1631 1190 1870 1256 fluvius
1913 1189 2241 1270 ’Τβριςῆς,
2298 1190 2495 1274 juxta
2534 1208 2697 1273 quau

341 1298 464 1363 iter
521 1296 715 1362 faciet
767 1294 839 1361 Io
899 1316 1101 1381 usque
1161 1294 1242 1361 ad
1297 1291 1651 1362 Caucasum
1668 1343 1687 1373 ‚
1749 1297 1867 1362 ubi
1915 1296 2205 1362 fluminis
2245 1293 2477 1360 fontes.
2562 1291 2701 1360 Mox

341 1406 635 1493 superato
693 1408 914 1467 monte
974 1400 1044 1467 Io
1089 1400 1342 1467 accedet
1389 1402 1470 1468 ad
1514 1402 1869 1469 Amazonas
1883 1448 1903 1481 ,
1962 1407 2107 1487 post
2148 1421 2309 1487 quas
2351 1396 2579 1477 ἰσθμὸς
2620 1406 2703 1464 est

342 1509 443 1572 ἐπὶ
486 1502 821 1586 ςενοτόροες
867 1505 1090 1582 λίμνης
1135 1505 1365 1577 πόλεις
1383 1553 1402 1584 ,
1450 1506 1723 1593 denique
1766 1507 2023 1574 debebit
2066 1509 2170 1572 τὸν
2217 1505 2574 1571 Mane-mn&
2607 1506 2703 1568 εὖ·

342 1617 504 1677 aava
549 1616 833 1689 tranare,
881 1615 959 1677 ut
1001 1613 1094 1677 sic
1141 1613 1208 1676 in
1252 1613 1477 1677 Asiam
1526 1617 1822 1677 transeat.

433 1715 578 1782 Duo
636 1722 787 1783 sunt
801 1765 821 1795 ,
885 1737 1047 1803 quae
1103 1719 1326 1782 statim
1385 1719 1732 1802 unicuique
1774 1717 2115 1784 manifesta
2158 1722 2328 1783 sunt.
2422 1715 2708 1781 Primum

344 1826 443 1889 est
498 1822 669 1908 quod
724 1820 794 1887 Io
855 1822 1083 1910 dirigit
1125 1842 1381 1887 cursum
1429 1843 1623 1887 suum
1668 1823 1836 1889 inter
1881 1821 2220 1888 meridiem
2265 1828 2333 1887 et
2377 1824 2708 1896 orientem,

343 1927 619 1995 alterum
664 1928 831 2013 quod
875 1927 1046 2014 apud
1090 1926 1485 2015 Aeschylum
1529 1931 1753 2014 utique
1796 1926 1995 1994 Palus
2037 1927 2315 1993 Maeotis
2357 1926 2526 1993 infra
2559 1922 2714 1991 Cau·

345 2054 566 2100 casum
632 2039 747 2099 est.
836 2036 911 2099 ‘O
985 2034 1356 2114 Κιμμερικὸς
1425 2030 1655 2110 ἰσθμὸς
1721 2040 1939 2098 autem
2009 2031 2323 2119 (Perekop)
2392 2032 2716 2118 conjungit

345 2138 687 2205 Tauricam
746 2135 1207 2205 Chersonesum
1263 2145 1329 2204 et
1386 2144 1624 2205 terram
1670 2139 2105 2203 continentem
2118 2184 2137 2216 ,
2197 2146 2274 2201 ut
2316 2136 2617 2205 videmus
2628 2156 2647 2214 ς
2690 2133 2717 2197 ὁ

351 2244 413 2310 δὲ
460 2243 819 2315 Monam-1254
866 2244 1073 2309 αὐλὼν
1120 2243 1289 2331 (Jeni
1329 2243 1489 2329 kale)
1536 2243 1852 2329 Bosporus
1897 2240 2286 2310 Cimmerius
2332 2246 2453 2307 est.

439 2344 668 2414 Contra
735 2350 803 2413 αἱ
863 2348 1086 2431 ῥαχίαι
1153 2348 1347 2426 illae,
1415 2369 1608 2435 supra
1664 2369 1822 2433 quas
1884 2346 2204 2435 Chalybes
2262 2354 2443 2424 sunt,
2511 2364 2723 2412 rem

350 2452 611 2540 quidem
671 2456 838 2518 inter
896 2448 1253 2519 Caucasum
1313 2458 1464 2519 sunt
1508 2458 1575 2520 et
1639 2453 1923 2519 Pontum
1981 2452 2346 2533 Euxinum3
2409 2450 2723 2540 Aeschylo

349 2564 565 2624 autem
625 2564 776 2624 sunt
833 2578 1024 2644 supra
1085 2556 1442 2626 Caucasum
1459 2608 1477 2638 ,
1542 2561 1657 2625 ubi
1701 2560 1831 2626 fere
1876 2560 2065 2625 hodie
2119 2559 2415 2624 Omkoo.
2508 2557 2726 2643 Itaque

349 2668 688 2749 utramque
729 2666 1057 2753 regionem
1101 2665 1420 2731 confudit:
1495 2664 1835 2731 Tauricam
1873 2661 2336 2731 Chersonesum
2376 2685 2511 2730 esse
2544 2669 2724 2749 puta—

347 2771 448 2836 vit
490 2770 604 2835 ubi
650 2771 718 2834 αἱ
762 2768 986 2850 ραχίαι
1033 2776 1216 2848 sunt,
1279 2770 1397 2840 τὰς
1443 2771 1679 2852 ῥαχίας
1726 2770 1840 2836 ubi
1888 2790 2109 2836 revera
2152 2768 2423 2835 Taurica
2465 2765 2722 2835 Cherso-

348 2894 557 2964 nesus.
620 2870 923 2941 Ceterum
968 2872 1376 2941 Hei-mannus
1410 2883 1581 2943 recte
1624 2876 1885 2962 quidem
1932 2875 2256 2941 contendit
2294 2876 2397 2940 τὸν
2435 2874 2721 2954 Ὕβρις-ἣν

342 2979 615 3046 eundem
678 2984 845 3057 ess‘e,
916 2998 1109 3065 quem
1169 2978 1398 3047 Graeci
1456 2987 1675 3069 postea
1734 2983 2015 3046 ’Ὕπανιν
2068 2982 2359 3047 vocarint
2408 3016 2491 3030 -—
2538 2979 2723 3046 hodie

341 3083 560 3149 Kuban
607 3122 694 3133 —-
711 3130 730 3162 ,
793 3085 902 3149 sed
963 3088 1032 3149 in
1094 3085 1240 3150 aliis
1299 3089 1438 3152 eius
1496 3089 1658 3153 ratio
1716 3087 2055 3153 deserenda
2108 3093 2223 3152 est.
2294 3083 2517 3151 Veluti
2559 3083 2719 3170 quod
2854 3085 2855 3088 ’

341 3188 664 3254 contendit
709 3189 1102 3277 Aeschylum
1160 3193 1519 3279 ignorasse,
1581 3193 1697 3258 ubi
1744 3193 1772 3257 ὃ
1820 3192 2113 3274 ’Τβριςὺς
2158 3192 2386 3269 fuerit,
2453 3212 2576 3257 non
2622 3210 2719 3255 ne·

343 3296 687 3359 cessarium
732 3296 855 3359 erit
898 3294 1018 3360 hoc
1063 3317 1315 3363 sumere
1328 3346 1347 3376 ,
1397 3301 1452 3363 si
1498 3299 1821 3384 superiora
1863 3298 2317 3384 probabuntur.
2412 3295 2557 3363 Hoc
2594 3305 2717 3362 tm·

341 3402 487 3463 tum
533 3397 888 3486 Aeschylus
933 3403 1170 3467 erravit
1183 3449 1201 3479 ,
1267 3403 1436 3489 quod
1483 3405 1740 3489 putavit
1780 3402 2084 3489 paludem
2127 3402 2522 3469 Maeoticam
2564 3400 2717 3466 infra

346 3498 703 3568 Caucasum
749 3523 902 3570 esse.
984 3502 1152 3572 Cum
1199 3506 1326 3573 alia
1369 3508 1581 3574 multa
1626 3513 1776 3573 sunt
1821 3510 1891 3573 in
1934 3506 2289 3572 Hermanni
2328 3507 2574 3572 ratione
2607 3506 2714 3569 im·

342 3607 663 3693 probanda
679 3655 696 3686 ,
746 3613 892 3674 tum
935 3607 1102 3676 illud
1119 3659 1138 3690 ,
1196 3610 1415 3679 Ionem
1461 3613 1629 3699 apud
1674 3634 1826 3680 eum
1898 3614 1994 3678 bis
2041 3610 2397 3678 Caucasum
2442 3615 2714 3677 montem

342 3731 671 3797 superare:
720 3733 847 3779 non
893 3714 1127 3782 diserte
1166 3718 1425 3803 quidem
1464 3718 1583 3785 hoc
1619 3717 1777 3785 dicit
1792 3766 1811 3796 ‚
1860 3717 1970 3784 sed
2011 3739 2089 3784 ex
2125 3719 2263 3783 eius
2300 3716 2713 3803 disputatione

342 3819 691 3884 necessario
736 3818 1027 3885 efficitur.

431 3920 472 3987 J
473 3943 581 3987 am
633 3925 945 3990 rationem
999 3925 1469 3994 concludamus.
1552 3929 1795 3997 Saxum
1812 3976 1833 4008 ,
1881 3931 1988 3994 cui
2033 3928 2458 3995 Prometheus
2502 3925 2712 3995 affixus

342 4025 469 4092 fuit
482 4074 501 4105 ,
574 4047 613 4092 a
669 4025 874 4093 Ponto
941 4028 1192 4096 Euxino
1253 4034 1419 4100 inter
1478 4037 1970 4122 septentrionem
2027 4039 2094 4099 et
2153 4032 2549 4100 occidentem
2594 4034 2709 4104 oet,

341 4131 458 4196 ubi
525 4128 843 4217 Carpatici
908 4133 1037 4201 fere
1104 4142 1373 4204 montes.
1468 4141 1825 4229 Aeschylus
1891 4141 2160 4226 putabat
2227 4136 2588 4206 Caucasum
2646 4152 2709 4200 eo

342 4254 545 4319 usque
592 4238 865 4304 extendi.
959 4237 1034 4304 In
1075 4243 1292 4310 vincto
1337 4242 1720 4313 Prometheo
1764 4246 2001 4312 dicitur
2042 4246 2256 4325 χθονὸς
2294 4242 2581 4325 τηλουρὸν
2616 4238 2709 4306 ¹⁵3·

344 4338 442 4404 δον
479 4341 544 4402 et
584 4337 835 4415 Σκύθης
884 4340 1086 4421 οἶμος·
1153 4344 1475 4415 Caucasus
1522 4352 1758 4418 dicitur
1800 4355 1870 4417 in
1914 4350 2296 4422 Prometheo
2340 4348 2568 4417 soluto.
2624 4343 2710 4413 Ab
