2934 5050
929 287 1016 333 An
1061 286 1521 333 Axrnonocnm
1564 285 1952 333 ramnum.
2488 267 2616 332 325

239 457 325 523 ad
392 455 567 522 rem?
657 455 833 522 Num
893 460 1148 540 poetam
1208 454 1276 518 id
1332 460 1520 539 putas
1566 458 2072 519 memoraturum
2120 452 2349 518 fuisse?
2419 455 2616 518 Noctu

241 567 463 644 ortum
526 567 622 628 est
693 559 1059 626 incendium
1076 606 1092 635 ‚
1160 560 1525 623 dormiebant
1603 578 1846 634 omnes3
1926 577 2116 623 nemo
2176 557 2400 644 effugit
2454 559 2616 626 cala·

242 664 581 732 mitatem!

334 770 557 858 Epigr.
607 768 760 836 479.

516 874 740 955 Πέτρος
787 874 909 954 ἐγὼ
954 875 1023 939 τὸ
1071 873 1277 938 πάλαι
1323 874 1479 955 γυρῆ
1527 872 1631 937 καὶ
1678 870 1972 953 ἄτριπτος
2021 874 2287 949 ἐπιβλὴς

604 981 715 1055 τὴν
761 978 1158 1058 Ἡρακλείτου
1206 975 1364 1043 ἔνδον
1407 976 1535 1059 ἔχω
1586 978 1905 1060 κεφαλήν.

517 1085 659 1150 αἰών
704 1085 776 1164 μ’
823 1081 1064 1166 ἔτριψεν
1112 1082 1442 1164 κροκάλαις
1491 1081 1650 1147 ἴσον·
1698 1083 1767 1146 ἐν
1813 1083 1938 1161 γὰρ
1989 1082 2257 1163 ἁμάξῃ

607 1188 998 1271 παμφόρῳ
1040 1187 1261 1270 αἰζηῶν
1307 1187 1519 1262 εἷνοδίη
1565 1188 1862 1264 τέταμαι.

335 1296 809 1361 ΤΗεοῡοΒωΔΜ
855 1314 1159 1380 usurpare
1216 1295 1498 1378 potuisse
1558 1290 1783 1371 ἅμαξα
1847 1312 1959 1377 pro
2005 1289 2311 1370 ἁμαξιτός
2359 1314 2614 1377 prorsus

241 1400 637 1466 incredibile.
707 1399 899 1466 Venit
941 1401 1009 1463 in
1051 1406 1371 1466 mentem:
1401 1451 1406 1456 .

1426 1500 1462 1577 ἦ
1510 1504 1635 1584 γὰρ
1682 1501 2036 1580 ἁμάξαις

703 1633 810 1675 πα
790 1606 1050 1691 μφθο
1069 1631 1178 1688 ρος
1227 1606 1446 1688 αἰζηῶν
1491 1607 1702 1681 εἶνοδίη
1751 1605 2051 1685 τέταμαι.

240 1718 289 1778 i.
340 1735 395 1778 e.
429 1714 707 1798 profecto
750 1714 905 1777 enim
944 1715 1240 1778 hominum
1285 1711 1960 1800 (praetervehentium)
1999 1714 2254 1795 plostris
2287 1656 2478 1796 plane
2523 1714 2617 1775 ob

243 1819 432 1882 tribus
473 1819 635 1883 iaceo
679 1819 747 1883 in
791 1819 924 1883 via.

340 1922 561 2011 Epigr.
612 1921 771 1988 488.

431 2031 591 2094 Aiax
625 2025 1118 2108 ’Λριςοκριέτεια,
1169 2029 1246 2092 σὺ
1290 2029 1404 2105 μὲν
1452 2027 1668 2106 βαθὺν
1714 2029 1798 2100 εἷς
1847 2027 2188 2109 Ἀχέροντα

522 2132 728 2215 οἴχεαι
771 2131 986 2212 ὡραίου
1033 2133 1481 2210 κεκλιμένα
1527 2135 1637 2213 πρὸ
1685 2131 1932 2211 γάμου·

429 2239 622 2318 ματρὶ
669 2239 730 2303 δὲ
780 2238 1016 2319 δάκρυα
1060 2245 1143 2321 σᾷ
1192 2237 1690 2313 καταλείπεται,
1739 2234 1784 2303 οἵ
1831 2239 1891 2301 α’
1941 2237 2039 2302 ἐπὶ
2088 2238 2314 2317 τύμβῳ

525 2342 872 2408 πολλάκι
921 2342 1370 2421 κεκλιμένα
1417 2342 1632 2407 κωκύει
1683 2343 1766 2406 ἐκ
1813 2345 2202 2423 κεφαλᾶς.

245 2447 606 2513 Hei-manni
664 2450 1022 2512 coniectura
1079 2447 1425 2528 κεκλομένα
1473 2447 1787 2513 refellitur
1832 2449 2118 2533 sequenti
2166 2449 2237 2510 ἐκ
2281 2451 2576 2529 κεφαλᾶς
2600 2496 2614 2525 ,

245 2554 417 2619 unde
459 2553 796 2619 manifesto
841 2558 1100 2637 apparet
1143 2572 1501 2618 sermonem
1544 2553 1740 2619 fuisse
1787 2553 1865 2617 de
1911 2553 2176 2616 crinibus
2227 2554 2415 2635 capiti
2458 2555 2617 2616 evul-

245 2660 335 2722 sis
351 2705 367 2736 ,
432 2657 599 2743 quod
647 2659 717 2723 in
765 2656 949 2722 luctu
993 2653 1131 2721 fieri
1176 2656 1440 2721 solitum
1488 2676 1620 2722 esse
1665 2677 1852 2721 nemo
1899 2659 2170 2742 ignorat.
2243 2654 2403 2720 Vide
2452 2677 2514 2721 v.
2565 2677 2618 2719 c.

249 2761 392 2829 VH.
440 2760 569 2827 241
619 2782 714 2829 vs.
761 2760 804 2827 2
851 2766 917 2826 et
970 2759 1031 2825 5.
1101 2759 1272 2825 Hinc
1319 2762 1603 2846 corrigo:

1504 2862 1548 2928 ἅ
1595 2865 1655 2925 σ’
1703 2864 1803 2929 ἐπὶ
1851 2864 2076 2943 τύμβῳ

435 2969 704 3034 πολλὰ
747 2970 955 3050 τρίχ’
1004 2968 1405 3047 ἐλκομένα
1451 2968 1666 3032 κωκύει
1716 2970 1787 3033 ἐκ
1831 2971 2147 3050 κεφαλᾶς.

339 3075 577 3163 Iunge:
646 3074 856 3140 πολλοὶ
917 3073 1134 3139 κωκύει
1180 3098 1272 3154 τρ.
1324 3074 1415 3137 ὲλ.
1464 3075 1517 3138 ε’.
1568 3079 1713 3154 κεφ.
1784 3070 1982 3157 Saepe
2028 3077 2246 3136 autem
2291 3071 2618 3138 collective

245 3182 542 3266 usurpari
599 3179 911 3266 singulari
967 3199 1231 3247 numero
1290 3198 1515 3243 vocem
1574 3176 1719 3258 θρίξ
1776 3180 1889 3242 vix
1945 3182 2043 3242 est
2085 3176 2254 3260 quod
2298 3196 2613 3243 moneam.

248 3284 324 3349 In
367 3285 541 3349 hisce
587 3283 975 3349 carminibus
1018 3282 1165 3349 vide
1209 3304 1273 3349 v.
1324 3303 1377 3347 c.
1425 3279 1547 3359 VI,
1602 3279 1766 3359 156,
1821 3279 1879 3345 1.
1928 3280 2144 3346 Errori
2189 3301 2408 3346 ansam
2445 3281 2620 3347 dedit

253 3390 592 3466 κεκλιμένα
637 3391 708 3452 in
751 3409 940 3455 versu
977 3386 1372 3473 paenultimo
1411 3391 1476 3450 et
1513 3386 1720 3451 πολλοὶ
1759 3384 2134 3470 explicitum
2172 3406 2285 3471 per
2323 3385 2616 3451 πολλάκι.

343 3494 567 3581 Epigr.
618 3491 781 3571 506,
834 3491 894 3556 5.

505 3605 510 3611 ’
1047 3597 1231 3670 αὐτὸς
1282 3597 1342 3662 δὲ
1389 3598 1773 3678 μετάτροπος
1820 3598 1887 3661 ἐκ
1932 3595 2136 3674 βυθοῦ
2183 3594 2437 3677 ἔρρων.

342 3704 626 3769 Verbum
673 3700 853 3782 ἔρρειν
897 3707 1241 3787 usurpatur
1287 3703 1365 3768 de
1413 3705 1495 3769 iis
1541 3706 1652 3788 qui
1694 3705 1763 3766 in
1807 3721 1991 3766 suam
2027 3704 2374 3786 perniciem
2411 3702 2622 3786 aliquo

250 3809 507 3874 abeunt.
579 3805 705 3871 Sed
762 3807 876 3890 qui
933 3806 1040 3871 hic
1098 3806 1307 3871 fatum
1365 3829 1560 3873 suum
1604 3811 1817 3873 narrat
1861 3803 2268 3883 Charmides,
2314 3812 2383 3870 ut
2422 3808 2625 3870 salvus

251 3918 398 3976 esset
416 3959 434 3989 ,
476 3931 707 3976 navem
721 3957 739 3986 ,
779 3930 974 3994 quam
1010 3930 1270 3975 ancorae
1308 3910 1729 3997 expediendae
1769 3930 1958 3977 causa
1981 3909 2323 3995 reliquerat
2337 3957 2356 3988 ,
2385 3913 2622 3976 iterum

255 4016 665 4081 conscendere
725 4020 987 4079 conatur
1048 4017 1297 4081 tristine
1361 4037 1440 4081 an
1486 4016 1694 4080 fausto
1741 4035 2030 4080 successu
2048 4062 2066 4093 ‚
2114 4014 2282 4079 nihil
2327 4015 2407 4081 ad
2452 4037 2586 4081 rem
2603 4061 2621 4093 ,

252 4126 331 4185 ut
388 4122 628 4204 opinor.
702 4118 906 4199 Quare
966 4120 1411 4207 corrigendum
1458 4118 1533 4199 ἕρ
1556 4143 1731 4184 πων.
1801 4118 2050 4184 Ibidem
2093 4138 2186 4183 vs.
2241 4116 2274 4180 1
2322 4118 2468 4205 lege
2513 4121 2622 4195 κήν

256 4235 344 4304 γῇ
407 4226 545 4297 κῆν
604 4225 740 4310 (pro
797 4224 958 4310 καὶ)
1007 4225 1203 4305 πόντῳ
1251 4230 1316 4289 et
1359 4245 1452 4291 vs·
1501 4223 1544 4288 8
1588 4218 1781 4298 ἦλθε,
1829 4220 2199 4302 κατέβροξεν
2246 4243 2359 4307 pro
2396 4218 2621 4301 ἦλθεν,

256 4328 604 4409 ἀπέβροξεν
630 4379 645 4406 ,
697 4329 864 4413 quod
907 4331 1095 4394 nauci
1141 4332 1236 4393 est
1250 4350 1267 4407 3
1317 4332 1439 4394 nisi
1474 4330 1633 4394 forte
1668 4328 2023 4412 recipienda
2053 4328 2379 4393 Planudea
2400 4327 2627 4393 lectio:
