2934 5050
329 290 421 357 70
1450 300 1653 349 vanu.

330 474 461 542 huc
506 470 897 560 requiritur;
947 487 1095 535 nam
1138 471 1304 557 quod
1345 470 1582 539 Orellio
1621 472 1687 536 in
1733 478 2013 536 mentem
2058 471 2233 537 venit
2269 494 2533 550 μετεω
2549 471 2623 551 ρι’
2637 493 2730 535 αν

332 579 399 649 id
447 579 529 648 ab
579 578 878 645 universa
928 576 1286 643 sententiae
1337 577 1588 642 ratione
1637 576 1919 642 alienum
1972 584 2089 643 est.

423 688 637 773 Atque
703 704 779 750 ne
846 681 905 747 id
958 682 1216 769 quidem
1270 680 1877 769 praetervidendum
1929 693 2053 760 est,
2113 702 2522 769 nequaquam
2573 702 2727 748 con·

332 802 507 863 stare
569 791 870 857 Latinum
939 788 1789 865 inconsiderantiam,
1843 808 1920 854 ex
1971 788 2372 856 interlineari
2423 790 2642 875 spatio
2693 808 2732 854 a

332 897 599 966 librario
660 896 1042 963 devocatum
1107 894 1374 960 eandem
1442 914 1759 980 occupare
1823 893 2074 972 sedem,
2124 894 2357 981 inqua
2403 892 2728 961 Graecum

335 1006 557 1071 Cicero
607 1001 915 1089 posuerit.
980 999 1138 1066 Nam
1195 1001 1271 1064 in
1317 999 1459 1066 boc
1505 1021 1658 1067 uno
1699 999 2517 1067 inconsiderantiam
2568 1002 2734 1088 (sive

337 1110 524 1176 malis
597 1110 838 1175 Graeco
911 1105 1213 1170 vocabulo
1273 1105 1706 1185 dementiam,
1782 1107 2207 1172 temeritatem
2281 1108 2728 1193 significatum

333 1214 562 1302 fuisse)
628 1213 874 1278 dictum
940 1222 1073 1289 est,
1139 1213 1320 1297 qnasi
1388 1222 1836 1300 praeterquam
1892 1213 1954 1278 in
2029 1212 2198 1278 ludis
2268 1212 2732 1300 comparandis

330 1321 702 1406 ceteroquin
774 1319 918 1382 Milo
983 1317 1384 1384 considerate
1446 1339 1520 1384 ac
1586 1320 1911 1403 sapienter
1959 1338 2150 1404 agere
2198 1320 2490 1385 Ciceroni
2545 1319 2730 1384 vide-

21 1423 561 1504 f-*Wun
618 1422 785 1509 quod
837 1422 1020 1508 longe
1069 1442 1257 1489 secus
1304 1436 1462 1489 erat.
1571 1423 1682 1489 llic
1731 1433 1945 1491 autem
1998 1423 2231 1511 duplex
2279 1427 2578 1491 nascitur
2625 1445 2734 1489 su·

337 1532 558 1620 spicio.
654 1530 811 1596 Nam
863 1530 996 1595 sive
1044 1528 1264 1595 Cicero
1306 1529 1570 1615 scripsit
1615 1530 1856 1595 cuius
1911 1530 2320 1619 [vocabulum
2370 1530 2726 1620 Graecum]

336 1646 417 1704 et
462 1657 607 1721 ego
657 1633 1121 1709 sustinebo,
1175 1636 1362 1720 isqui
1410 1634 2242 1702 inconsiderantiam
2293 1636 2515 1702 intulit
2543 1638 2633 1703 ita
2663 1637 2729 1701 in

337 1740 677 1809 verborum
719 1743 951 1807 seriem
996 1739 1288 1806 intulisse
1328 1738 1618 1816 videtur,
1658 1749 1729 1806 ut
1752 1740 2067 1808 Graecum
2097 1742 2475 1809 vocabulum
2505 1745 2733 1809 eiusve

337 1847 645 1934 reliquias
718 1845 963 1913 medias
1010 1844 1409 1921 includeret,
1475 1846 1537 1911 in
1601 1844 1771 1911 bunc
1819 1847 2123 1915 modum:
2181 1851 2258 1914 in
2315 1847 2731 1936 [vocabulum

336 1954 680 2043 Graecum]
748 1952 1505 2019 considerantiam:
1560 1963 1625 2019 et
1668 1974 1816 2020 vero
1865 1952 2189 2021 HOCVNO
2235 1955 2465 2021 Graeci
2521 1954 2728 2019 nomi·

335 2062 437 2126 nis
475 2061 721 2127 exitum
766 2056 1099 2125 MOCYNH
1149 2056 1388 2124 referre
1436 2058 1727 2137 videtur,
1785 2062 1920 2125 sive
1968 2061 2231 2146 scripsit
2278 2062 2524 2126 cuius
2577 2057 2729 2149 [vo-

337 2162 637 2232 cabulum
711 2163 1056 2251 Graecum]
1139 2163 1214 2227 in
1290 2161 1430 2229 hoc
1500 2184 1653 2230 nno
1714 2174 1790 2231 et
1838 2186 1979 2252 ego
2026 2165 2501 2244 sustinebo,
2552 2164 2729 2231 idem

340 2279 482 2357 post
531 2269 605 2333 in
656 2267 801 2333 boc
854 2287 1009 2333 uno
1059 2267 1309 2346 intulit,
1357 2269 1525 2355 quod
1566 2282 1716 2338 ante
1755 2292 1831 2338 ea
1872 2271 2065 2338 verba
2107 2271 2331 2339 inferri
2366 2269 2732 2360 oportebat.

340 2379 549 2462 Atque
612 2374 824 2461 prouti
889 2371 1227 2440 librarium
1288 2377 1498 2462 egisse
1561 2386 1844 2456 statuaS,
1918 2380 2004 2444 ita
2078 2377 2202 2444 alia
2253 2380 2575 2445 sententia
2627 2379 2731 2443 Ci-

339 2500 635 2548 ceronem
671 2473 1038 2564 ‘scripsisse
1087 2479 1285 2548 ducas
1335 2503 1593 2551 necesse
1633 2492 1756 2552 est.
1854 2484 1977 2566 Qui
2028 2486 2081 2551 si
2134 2486 2398 2573 scripsit
2449 2485 2528 2552 in
2577 2484 2731 2551 hoc

342 2607 529 2663 nno,
582 2583 663 2650 ad
711 2582 896 2649 ludos
942 2583 1285 2655 dumtaxat
1332 2589 1839 2677 comparandoS,
1868 2593 2074 2656 sinon
2115 2592 2412 2678 scripsit,
2457 2591 2543 2657 ad
2587 2592 2735 2657 uni·

341 2711 555 2758 versos
601 2690 929 2778 petitionis
976 2703 1235 2759 sumtus
1285 2695 1698 2761 sustinendos
1744 2715 1927 2782 opem
1967 2705 2032 2762 et
2070 2716 2330 2782 operam
2369 2716 2557 2761 suam
2585 2711 2734 2783 pro·

342 2796 546 2864 sessus
592 2804 690 2862 est
768 2794 926 2861 Nam
997 2799 1060 2862 in
1111 2800 1356 2886 reliqua
1405 2798 1810 2867 dubitatione
1859 2801 1978 2867 hoc
2006 2800 2284 2867 firmiter
2310 2811 2521 2878 teneo,
2567 2800 2734 2867 illud

337 2907 504 2995 quod
555 2908 777 2972 Cicero
819 2917 881 2972 et
930 2906 1139 2991 ipsum
1190 2925 1260 2971 se
1306 2915 1755 2972 sustenturum
1786 2907 1947 2972 dicit
1969 2916 2095 2973 eta
2125 2906 2326 2973 fratre
2351 2915 2736 2994 exspectare

342 3023 411 3079 ut
487 3013 541 3077 is
577 3030 831 3098 quoque
873 3011 1223 3084 sustineat,
1275 3031 1396 3075 non
1433 3030 1574 3077 esse
1614 3012 1863 3079 Milonis
1901 3011 2159 3099 aliquod
2202 3013 2403 3078 animi
2460 3013 2736 3091 vitium,

343 3117 509 3204 quod
574 3126 793 3203 utpote
856 3116 1027 3182 inter
1088 3116 1332 3182 amicos
1395 3114 1627 3181 leniter
1673 3118 1758 3184 sit
1809 3116 2178 3184 ferendum:
2229 3118 2384 3205 quid
2430 3119 2605 3185 enim
2658 3139 2738 3186 ea

342 3222 631 3290 molestia
681 3221 799 3287 boc
851 3231 1136 3307 tempore
1176 3220 1257 3285 ad
1304 3219 1615 3300 Quintum
1672 3222 2068 3309 pertinebat,
2125 3225 2235 3310 qui
2287 3223 2476 3310 longe
2524 3245 2562 3291 a
2616 3225 2736 3291 Mi-

340 3327 482 3395 lone
544 3335 608 3393 et
667 3324 748 3392 ab
814 3326 972 3392 urbe
1035 3323 1288 3391 aberat:
1352 3324 1462 3391 sed
1509 3323 1777 3394 effusam
1841 3326 2250 3414 largitionem
2313 3338 2382 3396 et
2439 3330 2740 3397 infinitos

342 3443 597 3500 sumtus
646 3431 998 3517 petitionis,

432 3536 617 3617 Milo,
661 3547 731 3604 ut
779 3556 895 3622 par
931 3543 1109 3611 erat,
1154 3535 1233 3600 ab
1270 3536 1499 3604 amicis
1515 3538 1923 3624 exspectabat
1946 3589 1964 3619 ,
1991 3548 2054 3607 et
2084 3559 2231 3608 vero
2258 3540 2737 3627 postulaverat,

341 3645 605 3730 opinor,
672 3652 744 3709 ut
801 3644 862 3708 in
913 3640 1121 3708 officio
1168 3654 1380 3711 essent
1428 3652 1624 3729 atque
1669 3644 2032 3713 exhaustae·
2065 3667 2252 3715 arcae
2302 3670 2565 3738 quoquo
2604 3672 2737 3718 mo·

342 3749 424 3814 do
481 3747 921 3815 subvenirent.
1020 3747 1356 3815 Cicerones
1417 3768 1671 3835 quoque
1740 3752 2089 3838 appellasse
2158 3754 2438 3822 videtur.
2535 3758 2612 3825 ln
2661 3778 2738 3825 ea

341 3874 412 3921 re
456 3853 710 3919 Marcus
755 3851 834 3919 de
882 3872 981 3919 se:
1042 3851 1482 3919 sustinebo
1548 3862 1631 3919 ut
1698 3865 2004 3940 potero.
2057 3858 2314 3924 Poterat
2360 3871 2630 3943 autem,
2681 3864 2736 3929 si

341 3958 608 4025 deerant
656 3961 942 4032 nummi,
972 3956 1262 4024 conferre
1300 3956 1380 4022 ad
1405 3956 1627 4043 epulas
1651 3960 2102 4039 instruendas,
2128 3962 2205 4028 ad
2235 3967 2528 4033 ornanda
2555 3988 2737 4055 spec·

344 4062 703 4129 taculorum
757 4061 927 4137 loca,
975 4060 1102 4126 alia
1149 4061 1437 4128 eiusdem
1488 4063 1747 4146 generis
1792 4065 1871 4131 ad
1907 4066 2373 4134 sublevandum
2399 4070 2732 4140 hominem

343 4167 776 4235 necessarium
826 4165 1334 4232 accommodata.
1388 4166 1704 4247 Quintum
1735 4189 1903 4247 vero,
1929 4191 2118 4259 quem
2148 4174 2312 4238 satis
2336 4177 2591 4244 sciebat
2617 4179 2735 4246 boc

340 4284 624 4359 tempore
674 4292 797 4337 non
845 4271 1072 4336 llorere
1112 4269 1371 4356 opibuS,
1418 4270 1759 4352 admonet,
1808 4276 1863 4340 si
1913 4277 2048 4364 ipse
2090 4280 2213 4344 iam
2260 4278 2582 4352 adiuvare
2611 4304 2735 4350 non

338 4380 570 4464 possit,
630 4396 771 4444 esse
831 4377 940 4464 qui
1007 4374 1418 4461 suppeditent
1465 4375 1835 4446 facultatem
1888 4380 2320 4453 liberalitatis.
2420 4388 2736 4458 Homines
