2934 5050
983 308 1068 377 41>
1114 306 1421 356 amotus
1466 304 1767 355 conoul.
2440 286 2566 354 157

196 477 428 551 τάτους
471 482 725 542 tantum
782 481 902 541 τῶν
952 476 1186 544 παίδων
1231 478 1323 542 sic
1367 473 1774 558 διαφθείρεινῖ
1840 472 2040 540 Nulla
2083 477 2341 541 omnino
2388 496 2568 542 exco-

195 585 397 671 gitari
430 568 719 668 poterit,
788 602 989 667 quum
1049 584 1135 647 sit
1189 584 1448 648 omnino
1507 579 1707 645 nulla.
1798 578 2044 644 Deinde
2099 599 2259 663 quae
2312 585 2410 645 est
2451 579 2569 646 illa

193 689 493 773 partitio:
541 685 649 752 καὶ
696 694 1044 751 ATTOTC
1084 685 1189 750 καὶ
1228 685 1367 757 τοὺς
1408 684 1743 754 νεωτάτους
1784 683 1947 761 ὑμῶν
1989 680 2363 763 διαφθείρει’(
2410 683 2568 764 Quis

195 788 556 876 excipitur?
644 789 852 855 Nemo
910 788 1138 855 hercle.
1232 789 1568 854 Praeterea
1628 787 1780 873 quid
1841 788 1966 852 sibi
2023 786 2170 853 vult
2223 790 2293 853 in
2338 787 2456 853 tali
2498 808 2568 854 re

193 895 447 976 ἀπορεῖν
489 892 693 960 ποιεῒῗ
782 893 961 959 Num
1006 895 1148 979 quis
1192 895 1305 978 qui
1350 894 1750 958 amarissima
1791 891 2257 957 medicamenta
2299 893 2465 958 bibit
2501 898 2568 958 et

193 999 365 1065 fame
434 1005 689 1064 enectus
756 1003 852 1064 est
910 1003 976 1063 et
1033 1000 1142 1063 siti
1205 998 1451 1077 ἀπορεῖν
1499 1017 1537 1062 8
1579 1016 1730 1063 sano
1797 995 2056 1061 homine
2124 997 2252 1063 dici
2316 994 2567 1083 potest?

194 1103 379 1168 Unde
426 1110 679 1181 autem,
729 1103 964 1168 dixeris
980 1149 999 1181 ,
1045 1105 1265 1188 inepta
1304 1102 1460 1167 haec
1506 1101 1940 1166 additamenta
1982 1100 2104 1166 huc
2140 1098 2567 1188 irrepserunt?

194 1206 444 1293 Nempe
504 1228 581 1272 ex
638 1209 721 1272 iis
768 1227 926 1293 quae
972 1208 1195 1273 statim
1236 1210 1382 1292 post
1426 1226 1464 1272 a
1508 1203 1783 1270 Socratis
1826 1211 2185 1272 accusatore
2229 1206 2563 1273 dicuntur:

195 1310 303 1377 ἐάν
366 1313 465 1383 τίς
525 1335 609 1389 με
655 1310 689 1386 ἢ
736 1312 876 1383 τοὺς
937 1311 1251 1391 νεωτέρους
1311 1315 1406 1392 Φῆ
1468 1307 1838 1388 ἲιαφθεΙρειν
1897 1309 2143 1389 ἀπορεῖν
2188 1314 2479 1377 ποιοῦντα
2528 1311 2565 1387 ἢ

193 1416 333 1489 τοὺς
395 1415 841 1496 πρεσβυτέρους
904 1425 1268 1496 κακηγορεῖν
1307 1413 1581 1493 λέγοντα
1625 1413 1872 1494 πικροὺς
1918 1412 2162 1492 λόγους.
2257 1413 2568 1500 Opinatus

194 1525 290 1586 est
349 1520 587 1606 aliquis
643 1541 803 1606 quae
862 1524 932 1586 in
993 1519 1319 1586 Socratem
1377 1520 1736 1586 dicerentur
1796 1518 2017 1583 eadem
2075 1520 2145 1584 in
2187 1519 2307 1585 hac
2363 1520 2566 1586 faceta

196 1627 662 1710 comparatione
703 1627 773 1691 in
817 1625 1144 1691 medicum
1190 1625 1317 1689 dici
1349 1623 1669 1689 debuisse:
1718 1627 1784 1688 et
1821 1620 2184 1704 διαφθείρειν
2217 1630 2283 1690 et
2318 1625 2565 1705 ἀπορεῖν

196 1737 421 1795 ποιεῒνε
473 1731 688 1814 itaque
729 1729 885 1795 dum
928 1729 1076 1796 vult
1115 1749 1348 1815 augere
1392 1730 1607 1794 iocum
1649 1725 2071 1807 ἀπειροκάλως
2115 1733 2394 1814 corrupit
2430 1751 2565 1796 om-

193 1836 314 1899 nia.
407 1832 509 1898 Ex
571 1835 758 1918 coqui
810 1853 1074 1918 persona
1118 1833 1198 1897 ad
1243 1852 1469 1918 pueros
1514 1831 1669 1897 haec
1713 1836 1969 1896 tantum
2013 1831 2174 1898 salse
2218 1831 2347 1898 dici
2390 1840 2563 1920 pote·

190 1943 365 2003 rant:
414 1935 460 2003 ὖ
509 1937 773 2012 παῖδες,
817 1937 1028 2003 πολλὰ
1075 1938 1240 2015 ὑμᾶς
1287 1937 1390 2001 καὶ
1441 1936 1612 2000 κακά
1655 1934 1752 2001 ὅδ’
1795 1935 2087 2016 εἵργαςαι
2133 1936 2280 2016 ἀνὴρ
2323 1938 2560 2013 τέμνων

194 2066 262 2106 τε
322 2043 429 2107 καὶ
493 2040 659 2107 κάων
716 2042 823 2106 καὶ
888 2040 1215 2121 ἰσχναίνων
1275 2040 1379 2106 καὶ
1447 2040 1682 2117 πνΙγων
1725 2039 2070 2119 πικρότατά
2118 2048 2235 2106 ΤΕ
2280 2042 2559 2120 πώματα

192 2146 377 2219 διδοὺς
440 2146 551 2211 καὶ
612 2155 824 2223 πεινῆν
885 2145 989 2212 καὶ
1046 2147 1229 2225 διψῆν
1273 2142 1668 2224 ἀναγκάζων.
1759 2144 1904 2210 Duo
1950 2143 2184 2210 ultima
2224 2149 2561 2232 participia

191 2250 376 2325 διδούς
425 2257 493 2316 et
537 2249 911 2332 ἀναγκάζων
967 2272 1045 2316 ex
1089 2249 1323 2329 πνίγων
1369 2269 1670 2334 suspensa
1712 2254 1897 2315 sunt:
1962 2247 2172 2329 πνίγει
2220 2250 2344 2331 γὰρ
2393 2252 2558 2331 ὑμᾶς

194 2354 538 2437 πικρότατά
584 2362 700 2420 ΤΕ
746 2357 1025 2435 πώματα
1069 2354 1262 2429 διδούς
1310 2354 1436 2418 κτὲ.
1545 2370 1546 2373 ’

282 2564 439 2654 Pag.
490 2565 645 2632 522.
691 2586 756 2632 A.
821 2566 1046 2632 Editor
1101 2568 1354 2632 scribit:
1418 2566 1469 2630 εἶ
1527 2564 1682 2630 εἴποι
1745 2566 1855 2640 τὴν
1902 2566 2195 2641 ἀλήθειαν
2238 2602 2329 2617 —-
2378 2566 2561 2632 πότον

199 2669 296 2734 οἵει
354 2669 433 2735 ἂν
491 2669 848 2748 ἀναβοῆσαι
906 2671 1047 2744 τοὺς
1105 2669 1409 2743 τοιούτους
1470 2668 1771 2747 δικαςάςς
1845 2670 1910 2734 οὔ
1975 2668 2185 2749 μέγα;
2252 2709 2336 2721 -
2376 2676 2559 2746 Ἴσως

199 2773 419 2840 οἴεσθαί
461 2798 546 2853 γε
589 2773 735 2855 χρή.
827 2775 972 2841 Non
1030 2780 1126 2840 est
1184 2772 1425 2840 Graeca
1485 2775 1857 2859 compositio
1903 2772 2087 2840 πόσον
2129 2772 2236 2839 οἴει
2281 2774 2359 2839 ἂν
2402 2775 2559 2841 ἀνα-

198 2878 452 2958 βοῆσαις
526 2878 638 2944 sed
696 2879 883 2945 πόσον
941 2880 1019 2945 ἂν
1080 2878 1206 2945 οἵει.
1298 2879 1764 2965 Interrogativa
1814 2877 1948 2953 τίς,
1992 2878 2058 2943 τΙ
2079 2923 2100 2956 ,
2145 2883 2311 2956 πῶς,
2361 2877 2563 2956 πόθεν,

201 2982 407 3059 πόσος,
455 2990 626 3055 ποῖος
671 2987 819 3049 cett.
868 2983 1163 3050 voculam
1209 2981 1287 3048 ἄν
1331 2982 1662 3048 attrahunt
1703 2981 1784 3047 ad
1829 3002 1999 3060 sese,
2048 2979 2144 3053 τίς
2188 2978 2296 3058 ἀν,
2342 2984 2408 3049 τΙ
2453 2981 2562 3061 ἄν,

200 3088 320 3160 πῶς
366 3085 467 3164 ἄν,
527 3086 710 3152 πόσον
756 3084 854 3165 ἀν,
902 3093 968 3154 et
1010 3090 1155 3153 sim:
1201 3087 1538 3153 Praeterea
1577 3088 1647 3150 in
1684 3084 2127 3151 huiuscemodi
2161 3087 2565 3175 interrogati·

203 3210 311 3255 one
369 3193 500 3263 πῶς
566 3188 756 3264 δοκεῖς
777 3240 795 3268 ,
864 3191 1046 3258 πότον
1105 3191 1297 3267 δοκεῖς
1316 3240 1335 3269 ,
1397 3191 1584 3258 πότον
1629 3190 1706 3255 ἂν
1753 3189 1859 3256 οἴει
1877 3240 1895 3266 ,
1960 3191 2347 3275 responsioni
2387 3191 2566 3258 locus

200 3292 409 3360 nullus
469 3300 605 3361 est:
668 3316 820 3361 nam
880 3298 937 3361 si
997 3298 1139 3379 quis
1183 3298 1279 3361 ita
1321 3295 1482 3360 dicit
1528 3300 1654 3369 πῶς
1702 3293 1894 3366 δοκεῖς
1939 3294 2305 3374 καθύβρισεν
2318 3316 2337 3374 ;
2399 3295 2565 3362 nihil

203 3419 278 3462 ex
312 3398 512 3465 altero
551 3401 798 3483 quaerit
816 3446 834 3477 ,
882 3399 990 3465 sed
1029 3400 1195 3485 quod
1241 3401 1434 3465 sentit
1475 3400 1611 3485 ipse
1655 3400 1937 3464 animose
1981 3398 2157 3464 dicit.
2251 3398 2567 3479 Quamob-

202 3521 331 3567 rem
393 3503 461 3567 οὖ
524 3501 737 3581 μέγας
807 3505 1020 3588 inepte
1080 3503 1360 3571 abundat
1419 3509 1485 3569 et
1543 3503 1882 3569 delendum
1953 3507 2067 3568 est.
2162 3502 2331 3570 Tum
2397 3507 2566 3568 recte

203 3603 420 3671 Editor
465 3611 779 3692 expuncto
822 3605 965 3679 ἴσως
1010 3610 1243 3674 retinet
1287 3606 1517 3673 οἴεσθαί
1560 3631 1641 3686 γε
1684 3607 1805 3687 χρή
1824 3656 1844 3682 ,
1891 3611 1968 3671 ut
2013 3613 2108 3672 est
2147 3608 2316 3692 apud
2355 3606 2569 3672 Plato-

204 3728 344 3773 nem
406 3713 772 3777 sexcenties.
864 3710 1115 3777 Mirum
1174 3716 1271 3777 est
1329 3731 1454 3797 quo
1509 3717 1694 3797 pacto
1740 3712 2096 3796 irrepserit,
2159 3711 2268 3776 sed
2310 3712 2568 3776 retineri

207 3833 322 3878 non
366 3835 548 3900 posse
592 3820 999 3902 perspicuum
1043 3820 1158 3882 est.

291 4022 448 4112 Pag.
497 4025 648 4092 522.
690 4045 750 4092 Β.
799 4026 939 4093 οὔτε
982 4026 1246 4102 τάληθὲς
1290 4023 1406 4103 ἔξω
1453 4025 1645 4092 εἰπεῖν
1690 4023 1781 4093 ὅτι
1828 4026 2096 4100 Δικαίως
2132 4022 2346 4092 πάντα
2385 4029 2567 4092 ταῦτ’

212 4124 328 4203 ἐγὼ
389 4128 560 4208 λέγω
624 4130 731 4195 καὶ
794 4130 1079 4212 πράττη
1123 4131 1195 4196 τὸ
1244 4130 1529 4212 ὑμέτερον
1573 4131 1644 4205 331
1689 4134 1907 4211 τοῦτο,
1954 4128 1998 4196 ὦ
2043 4128 2249 4211 ἀνδρες
2295 4130 2569 4200 δικαςαί.

212 4265 292 4282 -
339 4230 469 4298 οὔτ’
530 4232 692 4301 ἀλλο
756 4234 939 4302 οὐδέν.
1033 4234 1297 4318 Quoties
1353 4236 1526 4304 hunc
1581 4236 1799 4303 locum
1865 4234 2080 4325 relego
2142 4255 2257 4322 pro
2315 4234 2570 4318 πράττω

213 4336 453 4417 requiro
511 4339 922 4423 participium
985 4338 1329 4423 πράττΩΝ
1350 4390 1368 4419 ,
1431 4339 1505 4405 id
1564 4345 1661 4407 est
1719 4344 1931 4407 ταῦτα
1991 4337 2183 4406 πάντ’
2239 4340 2361 4418 ἐγὼ
2404 4338 2569 4417 λέγω
