2934 5050
349 296 482 359 598
1188 311 1588 360 contecrmu
1651 311 1883 357 ιΑτιιυι.

345 498 582 557 causa,
633 477 833 546 donec
882 479 1149 549 meliora
1195 477 1592 560 afferantur,
1641 478 1877 546 faciam
1924 490 2074 543 cum
2126 472 2494 542 Heinricbio
2527 478 2692 540 acute

348 584 702 672 corrigenti
748 593 1044 652 contacta.

1212 689 1344 756 Sat.
1394 688 1491 767 11,
1539 693 1626 754 99
1673 707 1851 774 sqq.:

444 792 914 861 Describuntur
937 812 1119 861 sacra
1146 795 1355 860 Bonae
1384 792 1551 860 Deae
1576 812 1613 858 a
1640 790 1939 859 mollibus
1964 790 2124 856 viris
2146 787 2486 856 celebrata.
2522 787 2696 855 euius

350 895 803 985 descriptionis
850 918 998 965 ecce
1044 899 1397 985 particula:

618 1002 727 1069 ine
774 1001 994 1092 (alius)
1045 1012 1222 1071 tenet
1268 1002 1638 1090 specuium,
1695 1000 1934 1089 pathici
1979 1006 2314 1085 gestamen
2353 997 2610 1066 Othonis

630 1108 887 1175 Actoris
936 1109 1228 1173 Aurunci
1275 1109 1548 1193 spolium
1593 1126 1722 1192 quo
1768 1124 1837 1172 se
1885 1103 1993 1170 ine
2039 1101 2297 1169 videbat

623 1220 987 1289 armatum,
1033 1231 1182 1278 cum
1234 1212 1359 1277 iam
1413 1209 1549 1277 tolli
1597 1210 1830 1277 vexiiia
1879 1208 2147 1275 iuberet.

619 1335 727 1382 res
772 1315 1187 1382 memoranda
1240 1317 1419 1383 novis
1467 1313 1810 1381 annalibus
1857 1322 2051 1401 atque
2100 1314 2345 1380 recenti

624 1421 936 1497 historia,
987 1419 1319 1507 specuium
1370 1420 1580 1486 civilis
1626 1419 1879 1501 sarcina
1929 1417 2110 1484 beili:

623 1525 933 1591 nimirum
984 1526 1223 1591 summi
1272 1524 1457 1591 ducis
1505 1533 1602 1591 est
1647 1521 1940 1590 occidere
1986 1520 2252 1588 Galbam

620 1636 686 1694 et
734 1648 965 1696 curare
1014 1638 1275 1707 cutem,
1321 1631 1561 1695 summi
1611 1627 1969 1694 constantia
2019 1627 2182 1692 civis

619 1731 911 1800 Bebriaci
961 1752 1188 1820 campo
1235 1754 1489 1800 sromuu
1537 1731 1840 1800 affectare
1890 1730 2092 1797 Palati

617 1845 683 1904 et
730 1857 1024 1924 pressum
1077 1839 1141 1904 in
1190 1837 1420 1905 faciem
1469 1838 1693 1923 digitis
1738 1835 2083 1904 extendere
2129 1855 2385 1922 panem.

439 1943 564 2025 Qui
611 1943 870 2011 affectat
921 1944 1353 2010 Romanorum
1397 1945 1746 2029 imperium
1795 1961 1921 2007 non
1959 1942 2202 2007 dicitur
2233 1943 2463 2029 opinor
2498 1942 2696 2011 Latine

349 2047 651 2116 affectare
698 2068 948 2116 erocum
990 2047 1098 2114 sed
1148 2068 1365 2115 sonum
1416 2048 1659 2128 Palati,
1711 2046 1878 2134 quod
1929 2056 2151 2133 poetae
2189 2051 2374 2116 ocius
2399 2048 2693 2117 reddatur.

348 2152 608 2221 Erroris
653 2172 846 2221 causa
895 2151 1236 2219 manifesta
1284 2161 1402 2219 est.
1499 2151 1591 2219 Cf.
1647 2151 1903 2218 Schoite
1950 2171 2012 2238 p.
2056 2156 2178 2229 12,
2228 2172 2328 2239 sq.

1120 2244 1155 2267 “’
1190 2257 1326 2324 Sat.
1379 2257 1473 2333 ΙΙ,
1549 2262 1676 2323 158
1725 2276 1889 2343 sqq.:

1514 2380 1692 2427 arma
1744 2360 2004 2447 quidem
2054 2359 2225 2427 ultra

710 2464 897 2533 litora
946 2464 1259 2533 Iubernae
1305 2467 1746 2552 promovimus
1790 2476 1854 2533 et
1904 2464 2088 2531 modo
2140 2473 2330 2553 capta

717 2567 997 2637 Orcadas
1045 2590 1120 2636 ac
1168 2570 1429 2635 minima
1476 2580 1786 2637 contentos
1827 2577 2002 2636 nocte
2059 2570 2422 2639 Britannos.

443 2673 652 2742 Verba
704 2676 1231 2741 minima—nocte
1279 2675 1435 2739 satis
1478 2672 1752 2741 feliciter
1791 2674 1871 2740 ad
1906 2673 2362 2742 describendos
2387 2677 2700 2742 Britannos

352 2780 569 2847 addita
617 2779 862 2856 iudico,
929 2798 1093 2865 quae
1155 2798 1278 2843 non
1337 2778 1542 2843 solum
1592 2795 1727 2843 rem
1778 2778 2150 2844 contineant
2200 2780 2537 2845 miratione
2571 2778 2700 2862 dig·

355 2905 503 2952 nam
557 2885 795 2951 Romae
840 2880 1205 2949 viventibus
1251 2889 1317 2948 et
1366 2902 1564 2968 paene
1618 2881 2088 2968 prodigiosam,
2137 2881 2249 2949 sed
2299 2886 2490 2951 etiam
2535 2883 2700 2949 lecto·

352 3008 504 3056 rum
538 2990 774 3055 animis
799 2988 1125 3072 ingentem
1155 2985 1325 3052 iliius
1354 2988 1634 3072 regionis
1656 2986 2031 3053 distantiam
2051 2996 2201 3073 apte
2227 2993 2700 3072 repraesentent.

356 3093 528 3161 Haec
574 3092 946 3179 opponenda
1010 3091 1393 3157 videbantur
1438 3093 1520 3157 iis
1567 3111 1732 3177 quae
1779 3110 1987 3178 nuper
2032 3091 2200 3158 Orto
2247 3092 2602 3160 mann-mus
2640 3090 2698 3155 in

354 3196 602 3264 libello:
651 3219 773 3262 sur
819 3195 1068 3261 Kriliek
1114 3196 1245 3260 und
1296 3195 1669 3282 Erklcirunq
1717 3196 1831 3262 der
1867 3198 2116 3262 Satireu
2152 3197 2262 3263 des
2299 3197 2606 3267 [aemulis
2632 3192 2702 3261 dc

357 3301 463 3368 his
508 3301 800 3367 versibus
839 3302 1176 3367 disseruit:
1229 3301 1431 3367 -Was
1475 3300 1645 3378 wilt,
1697 3301 1762 3365 in
1808 3299 2020 3367 dieser
2067 3301 2512 3387 pathetischen
2547 3298 2704 3368 stelle

361 3408 514 3474 »der
549 3408 819 3472 uberans
847 3415 1038 3472 malle
1072 3404 1348 3484 Ζιιεαιι,
1393 3403 1536 3472 »die
1561 3404 1699 3472 sich
1738 3407 1854 3470 mit
1881 3406 2060 3472 einer
2084 3407 2237 3473 sehr
2259 3408 2502 3476 kurzen
2526 3403 2702 3475 Nacbt

364 3512 814 3597 »begniigen”.
911 3510 1172 3576 Iuvenal
1234 3510 1368 3575 will
1429 3509 1590 3576 eben
1655 3510 1871 3576 nichts
1930 3510 2184 3578 Weiter
2241 3512 2339 3579 ais
2397 3515 2535 3581 eine
2587 3511 2700 3577 ihm

367 3617 710 3684 »bekantte
758 3614 1116 3682 Thatsache
1163 3635 1245 3681 an
1293 3614 1415 3681 den
1465 3616 1656 3680 Manu
1706 3615 1977 3700 bringen
2031 3616 2162 3681 und
2200 3616 2348 3684 sulit
2385 3618 2580 3684 damit
2611 3610 2706 3681 aui

370 3722 719 3807 »hequeme
798 3719 1022 3787 Weise
1113 3720 1334 3786 seinen
1424 3720 1657 3786 Ver8.”
1777 3720 2060 3786 Tametsi
2127 3721 2318 3807 longe
2377 3725 2594 3790 absum
2645 3726 2703 3784 ut

367 3826 747 3893 contendam
809 3845 935 3891 non
1000 3825 1255 3910 saepius
1319 3823 1491 3911 apud
1556 3824 1923 3890 Iuvenalem
1982 3828 2253 3912 reperiri
2307 3849 2474 3914 quae
2515 3825 2704 3895 toliere

367 3931 595 4007 velles,
636 3931 738 3996 hic
773 3941 989 3996 tamen
1026 3928 1251 4016 culpae
1293 3928 1452 3994 mihi
1495 3929 1751 3995 videtur
1793 3949 2055 4016 prorsus
2096 3933 2435 4001 immunis,
2484 3931 2704 4000 Meliore

367 4035 610 4102 iudicio
660 4034 1044 4100 Meinerzius
1091 4032 1365 4120 insipida
1424 4033 1700 4121 (albern)
1749 4045 1934 4100 vocat
1979 4054 2158 4121 quae
2189 4056 2389 4124 supra
2437 4038 2703 4125 leguntur

366 4159 460 4205 vs·
522 4144 898 4206 137—1402.

1229 4242 1360 4310 Sat.
1412 4243 1540 4320 ΙΙΙ,
1593 4248 1670 4308 21
1733 4265 1870 4331 sqq.

458 4347 826 4414 Umbricius
846 4397 861 4423 ,
897 4356 1115 4432 poetae
1157 4351 1404 4415 amicus
1425 4399 1440 4426 ,
1469 4349 1691 4415 multis
1717 4350 1795 4418 de
1823 4353 2074 4428 causis,
2123 4371 2403 4438 quarum
2430 4349 2704 4440 expositio
