2934 5050
372 277 409 340 t
424 276 503 338 18
1214 294 1616 341 conici-,unu
1677 292 1910 339 ιΑτιηΑ.

374 457 592 524 Ciu-vis
638 460 873 525 carinis
919 459 1341 545 interpolator
1387 467 1606 545 petere
1653 461 1862 546 potuit
1911 478 1946 524 e
1996 457 2224 542 Georg.
2274 460 2339 532 1,
2387 458 2537 522 560.

463 562 583 629 llis
647 563 913 650 scriptis
971 564 1233 630 demum
1297 565 1483 630 video
1548 584 1806 631 versum
1855 584 1891 628 a
1940 582 2044 628 me
2093 569 2388 627 notatum
2435 560 2560 624 iam
2597 576 2715 623 sus·

370 675 630 754 pectum
698 667 898 736 luisse
965 668 1287 735 Dietscbio
1353 672 1416 734 in
1487 668 1784 754 Theolog.
1849 667 2088 752 Vergil.
2154 688 2217 753 p.
2267 672 2345 742 7,
2414 666 2522 749 qui
2569 671 2718 728 recle

370 794 599 839 numen
648 772 869 840 eadem
920 795 1048 860 qua
1100 797 1220 860 ego
1266 777 1514 840 ratione
1564 775 1914 859 intellegit,
1963 773 2072 839 sed
2109 773 2302 837 cuius
2343 765 2716 857 explicationi

371 878 670 944 reducant
710 900 827 967 pro
866 882 930 947 in
971 882 1247 968 qratiam
1284 880 1618 957 reducant,
1664 888 1920 947 velante
1959 879 2215 963 lingua,
2265 895 2522 943 omnem
2558 872 2716 939 fidem

371 980 644 1069 denego.

1327 1089 1419 1165 11,
1470 1093 1600 1155 542
1650 1107 1801 1172 sqq:

1843 1227 1933 1241 —
1979 1189 2306 1257 Coroebus

642 1295 1083 1385 Mygdonides.
1156 1296 1293 1363 Illis
1337 1298 1420 1362 od
1467 1298 1723 1362 Troiam
1775 1293 1939 1361 sorte
1989 1295 2217 1361 diebus

640 1410 902 1468 venerat
951 1404 1175 1467 insano
1226 1401 1628 1467 Cassandrae
1678 1402 1981 1465 incensus
2027 1419 2267 1466 amore.

639 1515 705 1574 et
749 1526 948 1591 gener
994 1507 1307 1573 auxilium
1362 1507 1619 1572 Priamo
1667 1505 2160 1593 Phrygibusque
2208 1503 2489 1583 ferebat,

644 1609 902 1690 infelix,
951 1612 1063 1697 qui
1113 1631 1236 1676 non
1286 1631 1556 1698 sponsae
1605 1620 1942 1698 praecepta
1990 1609 2270 1676 furentis

642 1716 952 1783 audieritl

460 1819 562 1888 Aa
631 1818 880 1887 Troiam
946 1822 1154 1887 venire
1202 1821 1422 1887 Latine
1469 1820 1781 1886 dicuntur
1826 1821 1938 1905 qui
1988 1839 2111 1886 non
2162 1820 2412 1886 intrant
2453 1818 2717 1893 moenia.

373 1946 429 1993 ν.
493 1946 553 1992 c.
616 1925 876 2001 Graeci,
943 1927 1054 2012 qui
1118 1927 1385 1991 veniunt
1442 1924 1524 1990 ad
1573 1925 1796 1991 urbem
1848 1923 2382 2010 oppugnandam,
2429 1920 2534 1990 sed
2581 1938 2718 1986 uum
2829 1980 2830 1985 ,

372 2038 545 2098 recte
607 2033 991 2117 praepositio
1053 2029 1282 2096 babeat
1346 2029 1425 2095 de
1486 2029 1764 2096 Coroebo
1824 2029 2142 2095 annilium
2212 2031 2466 2095 Priamo
2515 2025 2720 2093 l'erenti

373 2137 592 2222 itaque
640 2138 1011 2202 intromisso
1051 2136 1118 2200 in
1172 2135 1432 2208 urbem,
1488 2134 1550 2200 id
1602 2135 2012 2201 vehementer
2049 2134 2300 2201 dubito.
2371 2132 2561 2203 Codd.
2607 2131 2720 2199 lta-

372 2240 578 2307 crobii
626 2260 715 2306 vS.
766 2244 1123 2307 541—544
1170 2238 1501 2305 afferentis
1544 2238 1678 2305 Sal.
1729 2239 1804 2305 V.
1857 2246 1916 2305 5.
1969 2245 2033 2305 7.
2084 2240 2355 2306 babent:

912 2343 1046 2409 Illis
1089 2345 1196 2431 qui
1242 2345 1325 2409 ad
1373 2344 1632 2410 Troiam
1679 2343 1843 2410 sorte
1890 2343 2138 2410 diebus.

374 2448 531 2516 Inde
577 2447 847 2515 forsitan
898 2449 1135 2536 possis:

918 2554 1049 2620 [llis
1099 2555 1209 2641 qui
1257 2555 1513 2621 Troiam
1567 2553 1730 2620 sorte
1769 2554 2020 2620 diebus,

369 2658 530 2740 Quia
594 2668 810 2726 tamen
874 2660 1105 2746 optimi
1162 2658 1311 2724 libri
1356 2659 1708 2743 Vergiliani
1755 2661 2129 2746 conspirant
2181 2660 2244 2726 in
2297 2660 2564 2727 lectione
2603 2655 2723 2722 itus

367 2766 452 2831 ad
504 2764 793 2844 Troiam,
844 2766 1061 2830 nescio
1107 2745 1635 2849 an‘probabilius
1681 2765 2075 2831 correxeris:
2829 2799 2830 2812 κ

1147 2867 1283 2935 Illis
1326 2869 1454 2934 alil
1506 2869 1760 2934 Troiam
1809 2867 1974 2935 forte
2021 2867 2248 2935 diebus
2829 2825 2830 2908 ¹

828 2973 1110 3040 Venerat
1158 2982 1311 3040 cett.

1302 3078 1400 3156 11,
1454 3083 1578 3146 591
1633 3099 1812 3164 sqq.:

1387 3184 1483 3249 sic
1529 3181 1703 3248 satus
1749 3180 1979 3248 deinde
2012 3191 2380 3251 comantem

640 3284 963 3371 Androgei
1011 3286 1259 3371 galeam
1311 3286 1628 3372 clipeique
1676 3285 1929 3370 insigne
1977 3287 2285 3354 decorum

640 3390 937 3456 induitur
983 3390 1299 3476 laterique
1347 3392 1652 3476 Argivom
1704 3392 2148 3458 accommodat
2196 3412 2439 3460 ensem.

638 3494 771 3561 Hoc
819 3495 1134 3582 Rhipeus,
1183 3496 1299 3562 lioc
1342 3496 1476 3583 ipse
1522 3496 1765 3581 Dymos
1810 3496 2152 3582 omnisque
2197 3497 2499 3562 iuventus

633 3598 800 3665 laeta
848 3599 1039 3676 lacit3
1088 3601 1311 3686 spoliis
1359 3620 1428 3667 se
1475 3603 1750 3686 quisque
1798 3600 2168 3666 recentibus
2213 3609 2451 3668 armat.

367 3705 540 3789 »ipse
600 3703 843 3790 Dymas
892 3704 1111 3793 (verba
1160 3715 1314 3771 sunt
1361 3705 1761 3792 Forbigeri);
1808 3706 1914 3770 cui
1972 3707 2174 3790 igitur
2221 3726 2258 3770 a
2309 3714 2491 3791 poeta
2535 3700 2719 3770 maior

364 3827 559 3895 quam
643 3811 879 3875 celeris
948 3809 1231 3894 dignitas
1295 3811 1496 3876 tribui
1561 3808 1894 3876 videtur.'’
1999 3808 2223 3875 Fidem
2286 3808 2609 3883 haba-em,
2667 3803 2716 3868 si

363 3911 647 3998 aliquam
695 3933 957 3980 causam
1007 3916 1409 3981 comminisci
1438 3937 1726 4002 possem,
1773 3933 1936 3999 quae
1966 3925 2215 4000 poetam
2245 3935 2500 3982 movere
2524 3921 2714 4000 potue·

362 4017 452 4082 rit
511 4016 589 4082 ad
657 4016 774 4084 boc
827 4018 1215 4085 faciendum.
1305 4019 1428 4086 Sed
1478 4042 1513 4085 e
1587 4020 1868 4105 Vergilii.
1903 4029 2118 4085 mente
2165 4019 2340 4085 haud
2391 4020 2576 4086 dubie
2609 4013 2714 4079 bo-

362 4138 508 4185 rum
572 4122 875 4188 iuvenum
944 4126 1242 4210 princeps
1288 4133 1387 4190 est
1443 4125 1796 4199 Concanus,
1849 4145 1965 4190 nec
2014 4124 2266 4190 duobus
2314 4125 2577 4211 reliquis
2615 4116 2711 4184 ubi

361 4243 591 4290 nomen
641 4228 781 4291 eius
829 4229 1149 4314 reperitur
1197 4228 1353 4296 locis
1401 4229 1520 4317 (νε.
1549 4235 1680 4297 340
1705 4239 1769 4295 et
1796 4233 1953 4318 428)
1981 4230 2288 4317 Dymanti
2317 4233 2519 4296 maior
2540 4241 2712 4314 quau

360 4329 594 4396 ceteris
641 4327 923 4414 dignitas
967 4332 1299 4401 tribuitur.
1389 4340 1593 4403 Immo
1641 4334 1891 4421 Epytus
1936 4355 2030 4401 νε.
2082 4340 2214 4402 540
2263 4337 2574 4402 maximus
2613 4348 2708 4394 or·
