2934 5050
1216 290 1558 337 nouarum.
2441 271 2582 337 169

196 462 545 527 suaserint.
638 457 763 525 Sed
820 459 974 544 quid
1035 458 1193 524 haec
1251 461 1468 523 omnia
1520 458 1820 523 adversus
1865 458 2195 541 antiquam
2239 458 2309 521 in
2353 456 2474 523 taii
2517 476 2587 522 re

194 565 558 646 παρρησίαν
602 588 674 630 τε
720 563 824 628 καί
863 560 1414 642 εὖθυρρημοσύνηνί
1459 561 1554 627 Ut
1589 562 1955 649 cogitabant
1992 563 2087 626 ita
2122 564 2335 646 aperte
2370 560 2586 647 loque-

196 669 477 747 bantur,
540 675 607 734 et
668 688 792 753 quo
849 672 1079 733 natura
1136 666 1406 732 ducebat
1450 665 1622 731 ultro
1668 666 2090 751 sequebantur
2130 665 2297 730 nihil
2340 671 2589 750 praeter

196 774 415 837 animi
462 793 719 839 sensum
763 769 1165 850 οἰκκιζόμενοι.
1233 770 1477 837 Deinde
1514 772 1759 836 πάντων
1796 771 2324 852 ἀσυμφορώτατον
2361 771 2430 834 id
2453 791 2586 835 esse

198 876 582 942 hominibus
623 881 763 944 vita
805 875 991 943 molli
1036 881 1102 942 et
1146 876 1418 942 delicata
1454 881 1518 941 et
1557 875 1884 942 luxuriosa
1929 878 2241 941 enervatis
2282 873 2589 939 facillime

196 1001 376 1046 nunc
424 980 859 1068 intelligimus
902 986 968 1046 et
1013 981 1329 1047 credimus
1345 1027 1364 1057 ‚
1412 980 1525 1046 sed
1570 981 1725 1065 quid
1769 981 2058 1046 homines
2103 975 2207 1045 οἷοι
2244 984 2345 1045 νῦν
2382 978 2590 1059 βροτοί

200 1086 355 1149 εἰσιν
425 1090 493 1150 et
537 1086 755 1170 quales
796 1089 948 1151 vivo
1003 1086 1369 1151 Aristarcho
1411 1089 1589 1150 erant
1634 1087 1703 1148 in
1747 1086 2044 1171 Aegypto
2086 1103 2237 1169 prae
2278 1082 2414 1148 illis
2454 1081 2590 1147 Ho-

200 1192 371 1255 meri
435 1186 776 1255 heroibus?
844 1188 1029 1254 Nihil
1087 1209 1358 1274 prorsus.
1454 1189 1611 1271 Quis
1671 1196 1888 1254 autem
1945 1188 2268 1254 Achillem
2311 1191 2589 1275 cogitare

202 1298 421 1379 potest
501 1296 707 1359 nimia
771 1293 1010 1359 Venere
1095 1294 1479 1381 languidum
1557 1300 1623 1359 et
1683 1295 2097 1378 quantumvis
2154 1295 2285 1358 acri
2348 1292 2589 1377 proelio

202 1396 457 1463 lassum
503 1403 570 1464 et
612 1395 967 1483 imparem?
1011 1398 1130 1463 Est
1171 1399 1292 1464 hoc
1338 1399 1771 1464 diversissima
1813 1402 2103 1482 tempora
2146 1417 2219 1462 ac
2254 1417 2463 1462 mores
2499 1402 2590 1460 te-

204 1523 385 1567 mere
456 1501 915 1568 confundentis.
1007 1500 1135 1568 Sed
1194 1505 1263 1567 in
1322 1502 1678 1569 Ptolemaei
1736 1504 1914 1588 regia
1980 1504 2180 1566 etiam
2246 1500 2592 1568 fastidiosis

207 1606 643 1673 foeminarum
702 1609 961 1673 auribus
1014 1610 1149 1671 erat
1192 1603 1669 1671 consulendum.
1762 1604 1933 1671 Hinc
1979 1609 2046 1669 in
2093 1604 2410 1691 Odysseae
2453 1625 2590 1671 ver-

208 1710 415 1777 siculo
464 1721 546 1776 0.
597 1707 748 1775 373.

534 1820 651 1879 τῶν
695 1811 942 1896 ἔφαγόν
982 1820 1046 1878 τ’
1094 1812 1258 1880 ἔπιόν
1304 1839 1375 1879 τε
1423 1814 1527 1879 καί
1578 1815 1880 1880 αἰδοίοισιν
1925 1815 2161 1892 ἔδωκα,

211 1938 288 1982 ne
332 1917 757 1984 mulierculae
801 1919 1262 1987 offenderentur
1297 1920 1642 1984 commenti
1681 1924 1830 1983 sunt
1866 1920 2275 2006 grammatici
2310 1918 2555 2004 aliquid
2569 1967 2586 1996 ,

214 2023 383 2106 quod
430 2022 691 2088 difficile
736 2029 832 2089 est
879 2026 1013 2089 sine
1057 2025 1191 2088 risu
1238 2023 1474 2088 audire.
1567 2022 1814 2108 Nempe
1860 2022 2168 2089 αἰδοίοισιν
2215 2021 2409 2087 ἔδωκα
2456 2043 2592 2088 esse

217 2125 452 2199 ἱκέταις
492 2128 601 2192 καὶ
650 2128 857 2199 αἰδοῦς
903 2124 1098 2202 ἀξίοις
1146 2125 1362 2192 ἔδωκα.
1411 2127 1560 2191 vide
1600 2124 1856 2193 Scholia
1900 2127 1982 2192 ad
2026 2126 2251 2213 Odyss.
2302 2135 2381 2192 Ο.
2436 2125 2588 2192 373.

216 2235 282 2296 et
322 2230 510 2297 Iliad.
578 2241 651 2296 X.
718 2230 868 2296 124.
932 2237 997 2297 et
1059 2239 1152 2296 Ω..
1202 2230 1356 2296 208.
1449 2230 1710 2297 Poterat
1766 2231 2089 2300 Eumaeus
2147 2238 2422 2312 πτωχοῖς
2465 2254 2589 2297 τισι

220 2333 321 2398 καὶ
355 2335 630 2411 οἰλήταις
680 2334 923 2420 aliquid
969 2335 1212 2401 dedisse
1228 2384 1245 2413 ,
1297 2340 1362 2400 et
1406 2334 1607 2400 ἱκέται
1655 2335 1864 2401 αἰδοῖοι
1911 2338 2146 2402 usitate
2183 2336 2555 2401 dicebantur
2570 2382 2589 2414 ‚

220 2442 293 2502 ut
336 2438 569 2528 Odyss.
617 2448 694 2504 H.
747 2439 897 2504 165.
926 2428 1212 2520 ’ἱκέτῃσιν
1257 2437 1374 2517 ἅμ’
1420 2438 1725 2504 αἰδοίοισιν
1770 2441 2009 2518 ὀπηδεῖ,
2058 2441 2169 2505 sed
2213 2460 2338 2506 non
2382 2441 2592 2508 αἰδοῖοι

221 2562 327 2626 per
383 2566 451 2610 se
504 2546 800 2629 eufflices
858 2543 1277 2632 significabat.
1370 2543 1496 2610 Sed
1544 2544 1741 2611 honos
1787 2551 1923 2611 erat
1964 2545 2291 2611 habendus
2337 2546 2597 2611 auribus

220 2653 691 2724 matronarum,
735 2651 804 2713 in
849 2669 1119 2733 quarum
1164 2651 1444 2735 gratiam
1484 2652 1552 2713 in
1590 2648 1816 2736 Odyss.
1858 2660 1931 2714 Θ.
1979 2647 2335 2714 333-342
2375 2650 2595 2714 decem

222 2769 435 2817 versus
480 2755 553 2816 in
595 2752 780 2818 libris
824 2751 1207 2837 quibusdam
1247 2754 1739 2819 omittebantur:
1791 2754 1852 2817 ἐν
1888 2753 2055 2825 ἐνίοις
2093 2753 2498 2833 ἀντιγράφοις
2541 2754 2592 2818 οἰ

223 2852 368 2919 δέκα
413 2856 584 2937 ςίχοι
632 2858 697 2921 οὖ
742 2856 1031 2938 Φέρονται
1078 2855 1180 2920 διὰ
1219 2857 1289 2921 τὸ
1325 2859 1839 2922 ἈΠΡΕΠΕῙΛΝ
1881 2856 2227 2938 ἐμφαίνειν,
2266 2856 2377 2921 sed
2410 2876 2593 2920 num·

226 2976 411 3040 quam
466 2964 597 3026 ista
654 2959 922 3026 artificia
980 2962 1162 3027 bonis
1219 2963 1507 3028 moribus
1571 2961 1918 3046 quidquam
1962 2960 2334 3045 profuerunt
2379 2966 2445 3024 et
2491 2961 2593 3026 de-

224 3064 601 3146 sperandum
639 3065 716 3129 de
748 3086 823 3131 eo
838 3114 855 3142 ‚
903 3068 1009 3130 cui
1052 3085 1272 3131 versus
1312 3063 1643 3130 Homerici
1686 3064 1986 3129 libidines
2029 3084 2286 3131 movere
2328 3067 2589 3149 possint.

225 3163 401 3233 Plato
444 3167 563 3234 illo
608 3173 893 3254 tempore
939 3170 1124 3234 anxie
1168 3168 1624 3233 reformidabat
1666 3189 1747 3233 ne
1791 3167 1918 3233 loci
1961 3167 2222 3252 quidam
2261 3168 2592 3236 Homerici

224 3269 623 3338 iuventutem
681 3274 753 3337 111
808 3275 1049 3340 vitium
1110 3272 1430 3339 flecterent
1448 3319 1467 3350 ,
1534 3294 1735 3357 quum
1780 3272 2066 3337 moribus
2109 3272 2356 3338 dudum
2398 3273 2592 3340 disso-

227 3369 373 3439 lutis
412 3397 484 3442 ac
530 3377 796 3461 perditis
839 3376 1019 3442 nulla
1063 3376 1341 3462 amplius
1385 3378 1669 3443 remedia
1705 3378 1995 3462 prodesse
2033 3382 2306 3461 possent.
2367 3376 2591 3463 Itaque

230 3476 621 3546 Aristarchea
664 3482 947 3558 οἰδετιὶσει
992 3504 1160 3548 nunc
1204 3484 1463 3567 quidem
1508 3503 1633 3548 non
1676 3483 2165 3567 acquiescemus.
2258 3482 2402 3548 Non
2445 3502 2589 3547 mu-

230 3578 629 3652 liercularum
674 3606 863 3651 causa
906 3585 1064 3651 olim
1100 3588 1254 3652 haec
1293 3588 1741 3663 cantabantur,
1789 3585 1964 3651 ἀλλὰ
1998 3594 2108 3662 τῆς
2145 3585 2550 3666 ἅνδρωνίτιδος
2565 3632 2584 3664 ,

230 3683 335 3749 ubi
374 3708 513 3754 rem
557 3710 673 3757 suo
717 3693 974 3756 nomine
1021 3690 1337 3776 appellare
1384 3696 1519 3757 erat
1562 3694 1955 3756 consuetum.

311 3787 707 3860 Enumerabo
766 3815 935 3860 nunc
996 3796 1214 3861 ordine
1276 3794 1632 3882 complures
1691 3793 1850 3862 alios
1890 3793 2162 3859 Homeri
2203 3794 2408 3874 locos,
2471 3797 2587 3861 ubi

236 3887 435 3962 doctos
472 3895 743 3964 Criticos
784 3897 1033 3964 videbis
1076 3899 1309 3966 chorda
1354 3901 1712 3966 oberrantes
1756 3899 1997 3965 eadem.
2069 3898 2250 3964 Iliad.
2294 3908 2377 3965 Δ.
2431 3899 2582 3967 345.

235 3993 339 4059 ubi
378 4001 821 4090 Agamemnon
862 4002 1308 4070 Menestheum
1353 4011 1419 4070 et
1460 4003 1760 4090 Ulyssem
1809 4005 2204 4089 increpans,
2202 4005 2455 4087 ‚primos
2484 4027 2588 4071 vos

239 4100 314 4162 “d
350 4108 569 4187 epum
582 4108 747 4171 soleo
790 4107 1051 4185 vocare'ss
1096 4109 1341 4194 inquit,

531 4207 670 4275 ἔνθα
716 4210 858 4291 φίλ’
904 4210 1191 4277 ὀπταλέα
1234 4211 1381 4292 κρέα
1428 4209 1675 4291 ἔδμεναι
1722 4211 1821 4286 ἠδὲ
1870 4211 2159 4279 κύπελλα

537 4313 685 4381 οἴνου
732 4314 1044 4394 πινέμεναι
1091 4315 1451 4396 μελιηδέος,
1503 4315 1636 4399 ὄφρ’
1686 4316 1981 4390 ἐθέλητον.
