2934 5050
1195 281 1571 331 purorum.
2443 261 2573 328 247

130 455 327 538 quod
367 475 522 517 eum
555 468 803 518 muno
838 452 1166 519 indicativo
1204 457 1617 518 construatur.-
1642 487 1727 501 --
1751 470 1925 536 qnam
1964 451 2309 517 comm
2357 451 2573 516 Graeci

129 557 482 623 aemonio
534 557 731 622 indoli
787 557 1098 622 adver-uari
1139 579 1246 622 noe
1276 555 1469 642 primi
1515 553 1862 620 monemus?
1926 554 2149 642 Longa
2192 555 2360 635 dies,
2412 575 2573 642 quae

133 663 569 747 opinionum
627 666 989 728 commenta
1040 661 1212 727 delet
1255 667 1320 727 et
1363 666 1626 726 naturae
1668 660 1910 725 iudicia
1951 658 2283 726 confinnat
2297 707 2314 735 ,
2362 660 2568 726 effecit

132 769 226 831 ut
292 767 609 832 saniores
668 761 892 831 Oritici
949 785 1170 832 omnes
1227 768 1298 831 in
1339 765 1619 833 Dawesii
1653 766 2035 830 sententiam
2080 767 2420 831 transirent
2435 812 2453 844 ,
2502 770 2570 831 et

135 870 279 937 hoc
329 867 642 955 amplius
685 874 1008 935 censerent
1029 914 1047 948 ‚
1087 888 1296 956 neque
1337 890 1490 934 cum
1532 868 1749 934 futuro
1791 869 2122 934 indicativo
2165 890 2368 955 neque
2404 876 2567 952 opta-

139 975 284 1041 tivo
351 992 585 1059 neque
641 974 948 1046 infinitivo
1007 994 1213 1060 neque
1239 973 1572 1059 parciefflo
1610 973 1765 1038 '‘AN
1809 975 2105 1058 componi
2146 992 2347 1060 posse.
2418 969 2573 1040 Gae-

139 1081 285 1146 teri
345 1096 624 1164 quoque
681 1077 1021 1163 aliquando
1078 1084 1230 1145 sunt
1288 1080 1571 1145 secuturi
1584 1124 1602 1156 ‚
1658 1098 1934 1163 namque
1976 1079 2046 1142 in
2088 1077 2262 1144 diem
2306 1079 2573 1142 testium

142 1185 396 1272 magis
445 1185 792 1271 magisque
836 1182 1124 1250 elevatur
1167 1182 1324 1250 fides
1357 1186 1801 1269 minuiturque
1839 1203 2145 1249 numerus
2179 1203 2383 1267 quum
2420 1183 2575 1248 novi

144 1308 440 1374 semper
492 1286 620 1373 loci
658 1292 774 1354 aut
808 1308 889 1354 ex
924 1288 1109 1354 libris
1144 1288 1518 1356 melioribus
1554 1293 1669 1353 aut
1705 1292 1877 1354 certo
1914 1283 2299 1353 Oriticorum
2334 1287 2572 1353 iudicio

149 1391 635 1461 emendentur.
702 1393 911 1460 Nemo
970 1413 1141 1460 nunc
1200 1394 1457 1460 dubitat
1509 1395 1668 1479 quin
1710 1391 1899 1459 Plato
1945 1391 2206 1472 γελάσει
2254 1392 2575 1478 scripserit

149 1500 229 1563 in
290 1497 633 1577 Phaedra,
690 1503 758 1564 et
815 1500 885 1564 in
935 1499 1287 1564 Phaedone:
1345 1498 1472 1564 οὐδ’
1535 1502 1866 1565 ὁπωστιοῦν
1930 1500 2093 1582 (sine
2136 1497 2243 1577 ἄν)
2292 1521 2382 1562 σοι
2427 1499 2573 1564 ἑκὼν

155 1598 330 1669 εἶναι
381 1603 708 1670 πείσεται.
777 1602 853 1669 ln
888 1602 1163 1671 Isocrate
1202 1601 1480 1669 Urbinas
1517 1601 1695 1669 dedit
1731 1602 1847 1679 εἵη
1886 1602 2013 1683 γὰρ
2052 1600 2129 1668 ἄν
2166 1623 2280 1689 pro
2320 1602 2527 1680 ἐξέπιε
2552 1652 2569 1679 ,

156 1713 229 1773 et
273 1709 356 1773 in
407 1707 634 1792 ῥᾳδίως
680 1706 985 1786 γνώσεσθε
1030 1707 1109 1775 ἄν
1130 1752 1149 1787 ,
1196 1707 1547 1774 molestum
1591 1705 1668 1773 ἄν
1715 1709 1981 1775 omittit.
2052 1707 2469 1796 Tragicorum
2505 1713 2573 1773 et

161 1808 610 1879 Gomicorum
663 1811 790 1879 loci
847 1833 1066 1879 omnes
1123 1816 1194 1878 in
1253 1815 1585 1899 integrum
1630 1813 1913 1878 restituti
1958 1816 2126 1877 sunt.
2198 1809 2574 1897 Complures

159 1913 300 1982 loci
368 1935 462 1985 ex
531 1917 895 2002 Cyropaedia
956 1917 1374 1983 afferebantur
1389 1962 1407 1994 ,
1464 1917 1576 1983 sed
1619 1937 1840 1983 omnes
1884 1917 1965 1983 ad
2008 1938 2214 1982 unum
2253 1937 2332 1982 ex
2376 1915 2574 1982 fideli-

166 2021 405 2087 oribus
475 2023 753 2088 testibus
808 2020 1173 2088 Dindorfius
1227 2022 1540 2100 correxit,
1604 2022 1810 2089 veluti
1865 2020 1946 2086 11.
2015 2020 2075 2087 1.
2139 2019 2200 2086 3.
2268 2023 2374 2087 οὐκ
2420 2021 2496 2086 ἂν
2542 2024 2572 2087 ὃ

171 2124 446 2205 inlude,-
497 2148 572 2190 σε
613 2125 972 2192 ἀκούσαντι
1018 2127 1461 2207 εὐφρανεῖ,
1508 2148 1678 2193 nunc
1722 2128 1966 2213 optime
2009 2124 2383 2209 εὐφράνειεν.
2455 2122 2574 2192 Su-

169 2235 458 2315 persunt
503 2236 723 2298 tamen
767 2234 1134 2298 etiamnunc
1175 2234 1245 2296 in
1290 2231 1476 2298 libris
1491 2279 1510 2310 ,
1558 2250 1716 2316 quos
1751 2228 2064 2297 habemus
2102 2232 2278 2305 omni
2314 2232 2571 2298 mendo·

174 2354 329 2402 rum
392 2356 637 2425 genere
696 2338 1057 2422 inquinatos
1074 2383 1091 2414 ,
1153 2335 1478 2421 permulta
1518 2336 1713 2402 huius
1758 2338 1984 2402 erroris
2030 2334 2349 2422 exempla,
2394 2357 2571 2422 prae-

176 2444 412 2507 sertim
473 2440 648 2529 apud
691 2439 1135 2530 Thucydidem
1181 2446 1246 2508 et
1287 2440 1626 2507 Platonem
1673 2446 1737 2507 et
1781 2440 2276 2508 Demosthenem
2320 2447 2385 2507 et
2429 2441 2572 2508 reli-

181 2564 343 2630 quos
403 2545 726 2614 Oratores.
795 2545 871 2612 Si
922 2548 1066 2633 quis
1124 2548 1492 2613 meminerit
1551 2566 1746 2632 quam
1801 2546 2032 2613 multis
2075 2548 2285 2614 modis
2327 2548 2569 2614 scribae

181 2655 247 2715 et
305 2650 504 2718 scioli
570 2653 640 2717 in
705 2650 933 2718 vocula
999 2648 1078 2717 ἄν
1133 2671 1392 2737 peccare
1452 2650 1697 2718 soleant
1711 2697 1730 2730 ,
1793 2672 1987 2738 quam
2044 2653 2394 2718 sexcenties
2457 2658 2569 2717 aut

185 2756 510 2822 omittunt
555 2754 668 2822 ailt
709 2755 953 2822 addunt
996 2755 1074 2822 de
1109 2776 1225 2822 suo
1269 2761 1381 2822 aut
1425 2759 1496 2822 in
1543 2765 1661 2822 ΔΗ
1698 2762 1964 2823 -mutant
2007 2755 2140 2838 (vel
2183 2762 2401 2823 contra
2449 2766 2563 2821 ΔΗ

182 2858 252 2923 in
303 2860 496 2949 ''AN)
564 2863 680 2927 aut
734 2861 807 2926 in
852 2858 981 2926 ’ΛΡ
1028 2859 1329 2947 denique:
1377 2863 1435 2927 si
1479 2865 1622 2947 quis
1656 2862 1727 2928 id
1770 2862 1941 2948 apud
1982 2866 2200 2947 poetas
2243 2866 2309 2928 et
2354 2867 2570 2927 contra

186 2967 381 3032 metri
472 2963 899 3045 πειθανάγκην
973 2969 1324 3032 sexcenties
1395 2966 1642 3032 factum
1703 2987 1838 3032 esse
1895 2965 2418 3034 animadverterit
2477 2973 2569 3048 (et

186 3067 355 3136 nihil
396 3072 530 3137 erit
572 3071 642 3137 in
681 3090 758 3139 ea
799 3091 869 3136 re
911 3071 1266 3137 iunioribus
1307 3069 1541 3136 utilius
1583 3090 1778 3157 quam
1814 3073 1884 3135 in
1920 3070 2342 3157 Aristophane
2376 3074 2566 3157 scrip-

190 3173 366 3242 tum
418 3172 680 3243 Codicis
735 3174 1126 3243 Ravennatis
1185 3196 1335 3241 cum
1396 3175 1783 3242 editionibus
1841 3178 2074 3242 nostris
2119 3177 2458 3259 conferre),
2510 3180 2565 3241 si

194 3279 337 3360 quis
391 3300 473 3347 ea
532 3280 754 3348 fecerit
766 3326 785 3359 ,
844 3283 1108 3367 inquam
1121 3327 1139 3359 ,
1189 3286 1304 3347 aut
1347 3282 1485 3366 ipse
1531 3279 1808 3365 reliquas
1850 3281 2313 3348 eiusdemmodi
2356 3282 2569 3348 sordes

195 3397 273 3446 ex
312 3386 735 3471 scriptoribus
775 3386 1012 3452 Atticis
1057 3385 1231 3451 eluet
1244 3431 1264 3463 ‚
1311 3390 1425 3452 aut
1460 3383 1606 3452 aliis
1640 3390 1809 3451 recte
1845 3387 2251 3452 monentibus
2299 3386 2565 3472 parebit.

198 3479 322 3550 Oui
373 3488 581 3557 semel
635 3488 907 3556 firmiter
962 3490 1277 3557 constabit
1334 3489 1412 3556 ἄν
1470 3510 1622 3555 cum
1664 3490 1880 3556 futuro
1924 3492 2219 3555 iunctum
2262 3511 2389 3556 non
2433 3511 2566 3556 esse

198 3586 265 3652 111
319 3612 541 3660 rernm
581 3600 811 3661 natura
853 3594 964 3662 sed
1006 3600 1368 3661 monstrum
1412 3615 1548 3660 esse
1592 3614 1664 3660 ac
1704 3599 2107 3680 portentum,
2163 3594 2409 3661 desinet
2464 3611 2563 3660 λε·

202 3708 530 3776 mowers
572 3698 708 3782 (vel
749 3702 965 3786 potius
1010 3700 1256 3766 desinet
1297 3700 1555 3787 nugari)
1601 3699 1756 3783 quid
1792 3701 2044 3764 intersit
2081 3701 2250 3764 inter
2271 3697 2479 3775 ἐξέςαι
2503 3703 2569 3765 et

205 3794 403 3872 ἕξέςαι
448 3803 565 3882 ἄν,
612 3807 781 3871 inter
825 3804 1126 3883 γνώσεσθε
1175 3808 1240 3871 et
1283 3804 1588 3883 γνώσεσθε
1634 3800 1732 3868 ἄν.
1784 3850 1821 3882 „
1841 3804 2012 3868 Aucb
2047 3803 2141 3868 bei
2183 3804 2314 3869 dem
2349 3803 2566 3868 Futur.

207 3899 398 3972 ludio.
438 3912 596 3975 steht
633 3911 917 3975 unweilen
956 3907 1033 3974 ἄν
1075 3909 1458 3996 (inquiunt),
1499 3931 1598 3971 um
1631 3909 1743 3973 das
1762 3955 1778 3986 ,
1817 3930 1939 3973 was
1972 3910 2084 3974 dae
2119 3908 2337 3973 Futur.
2377 3909 2567 3973 alteia

207 4007 297 4071 ⁰&
337 4010 669 4081 bestimmt
712 4015 1057 4102 zuki‘mstig
1098 4015 1420 4079 dar-stellet:
1457 4014 1687 4090 warde,
1725 4014 1821 4078 ale
1855 4014 2010 4078 beosa
2041 4019 2230 4080 unter
2267 4013 2570 4078 Umstiin-

210 4106 324 4177 den
384 4119 727 4207 zukfinftig
784 4120 879 4183 alo
934 4120 1088 4184 blo-5⁸
1141 4117 1668 4185 wahrscheinlich
1724 4141 1802 4183 zu
1861 4117 2259 4183 bezeichneu.''
2342 4117 2566 4203 Itaque

214 4217 462 4288 πλάσει
524 4230 622 4291 est
676 4224 921 4289 ridebis.
977 4231 1196 4288 certum
1241 4231 1344 4288 esc.
1392 4224 1618 4288 ridebis
1634 4270 1651 4301 ,
1699 4223 1809 4290 sed
1855 4222 2118 4301 γελοία-ει
2164 4221 2244 4289 ἄν
2290 4229 2386 4289 est
2414 4223 2570 4307 fieri

209 4325 385 4396 ΝΜ
424 4335 490 4393 ut
532 4330 766 4407 rideas,
794 4329 1073 4413 fortasse
1117 4328 1373 4393 ridebis.-
1420 4328 1561 4402 ἴσως
1605 4327 1683 4392 ἂν
1722 4328 2086 4406 γελάσειας.
2159 4328 2303 4395 Non
2343 4330 2572 4393 attinet
