2934 5050
334 284 341 289 “
404 282 535 343 ⁴12
1260 292 1661 341 communes
1707 294 1946 341 ιΑτιιεΑ.

1248 460 1385 526 Sat.
1442 461 1490 526 X
1505 461 1598 540 V,
1669 465 1746 526 13
1797 479 1942 546 sqq.

1734 566 2008 630 attonito
2053 582 2202 630 cum

820 673 949 739 tale
994 691 1191 759 super
1236 689 1462 737 cenam
1512 668 1768 735 facinus
1813 678 2110 735 narraret
2160 668 2375 737 Ulixes

818 777 1119 849 Alcineo.
1162 773 1354 841 bilem
1404 782 1520 839 aut
1567 775 1768 839 risum
1822 774 2091 840 sortasse
2138 772 2520 859 quibusdam

814 889 1148 959 moverat,
1196 887 1269 945 ut
1319 878 1592 944 mendax
1641 898 2036 944 neruosus,

504 989 665 1056 Vide
738 1008 821 1055 ne
876 987 981 1052 hic
1043 989 1132 1052 sit
1193 985 1411 1070 aptius
1470 1003 1923 1062 nummus,
1973 982 2510 1069 quemadmodum
2551 981 2733 1051 Graeci

408 1093 815 1183 appellabant
854 1090 1221 1179 prodiqiosa
1264 1098 1616 1154 narrantes.

501 1199 843 1278 Ceterum,
892 1197 951 1262 si
992 1214 1121 1282 qua
1168 1201 1268 1261 est
1317 1192 1551 1260 Satura
1599 1192 1864 1279 indigna
1906 1192 2232 1271 luvenali‚
2286 1193 2443 1260 haee
2484 1202 2598 1260 est.

1565 1431 1649 1498 11.

1351 1642 1446 1706 An
1497 1640 1860 1707 Vnotuun.

504 1823 724 1911 Nuper
770 1821 929 1889 mihi
980 1824 1155 1888 veuit
1200 1822 1267 1886 in
1312 1840 1550 1886 manus
1585 1820 1825 1906 Vergili
1869 1820 2069 1887 editio
2104 1840 2300 1908 quam
2343 1831 2623 1909 quartam
2653 1839 2748 1887 cu·

419 1930 589 1996 ravit
634 1930 949 1995 Αιιιιτυε
994 1926 1337 2005 Foumn,
1386 1925 1648 1992 doctum
1699 1945 1855 1993 sane
1908 1946 2069 2012 opus
2109 1935 2174 1993 et
2212 1926 2608 1994 laboriosum.
2647 1926 2752 1991 Re·

416 2034 544 2120 legi
590 2041 736 2120 post
780 2031 1043 2117 longum
1092 2032 1404 2118 temporis
1450 2033 1732 2117 spatium
1783 2030 2001 2097 divina
2050 2033 2383 2112 carmina,
2433 2052 2587 2119 quae
2627 2027 2754 2095 inde

417 2159 455 2205 a
522 2157 722 2226 puero
784 2135 943 2202 mihi
1008 2133 1272 2201 fuerunt
1318 2138 1381 2201 in
1431 2134 1701 2202 deliciis,
1774 2135 2008 2202 Fateor
2051 2143 2269 2203 tamen
2321 2147 2462 2224 post
2506 2145 2593 2202 tot
2630 2154 2756 2201 eru·

417 2242 703 2308 ditorum
767 2260 961 2308 curas
1021 2238 1300 2327 plurima
1364 2241 1722 2308 etiamnum
1780 2240 1904 2327 legi
1968 2240 2284 2308 eiusmodi
2335 2252 2409 2309 ut
2453 2261 2597 2308 sana
2633 2257 2758 2306 esse

418 2345 807 2434 persuadere
854 2344 1014 2411 mihi
1069 2364 1407 2430 nequeam.

510 2451 580 2516 In
634 2449 1067 2516 Bucolicorum
1115 2448 1350 2535 Ecloga
1396 2449 1526 2530 111,
1578 2449 1688 2515 uhi
1728 2448 2087 2515 maledictis
2143 2460 2405 2518 certans
2461 2452 2764 2519 Damoetas
2853 2454 2854 2497 l

417 2564 484 2622 et
532 2555 876 2630 Menalcas.
918 2554 1267 2650 “Damoetae
1312 2553 1591 2621 alterum
1639 2555 2018 2622 criminanti
2065 2554 2165 2621 his
2214 2558 2464 2624 verbis:

688 2659 999 2726 Novimus
1039 2667 1101 2724 et
1149 2659 1261 2744 qui
1306 2668 1405 2732 te,
1461 2667 1827 2726 transversa
1880 2661 2213 2727 tuentibus
2261 2662 2497 2741 hircis,

689 2773 754 2829 et
801 2783 927 2850 quo
958 2801 1034 2814 -
1064 2762 1176 2829 sed
1223 2762 1442 2829 faciles
1491 2765 1824 2854 Nymphae
1872 2766 2178 2832 risere—
2212 2766 2447 2832 sacello

420 2890 543 2937 non
586 2870 830 2956 potuit,
878 2888 981 2934 me
1020 2868 1270 2945 iudice,
1322 2868 1641 2934 Menalcas
1675 2868 2099 2955 respondere,
2145 2878 2216 2935 ut
2242 2869 2431 2937 hodie
2454 2868 2755 2938 scribitur:

692 2975 857 3040 Tum
900 2973 1133 3049 credo,
1179 2993 1327 3039 cum
1379 2993 1462 3039 us
1511 2972 1850 3039 arbustum
1901 2973 2119 3039 videre
2164 2972 2436 3040 Miconis
2849 2991 2850 3042 ι

694 3086 890 3165 atque
935 3078 1103 3144 male
1151 3079 1303 3143 vitis
1352 3077 1638 3145 incidere
1685 3076 1846 3144 falce
1896 3076 2214 3157 novellaS,

424 3181 536 3251 sed
586 3181 754 3249 haud
806 3181 996 3249 dubie
1044 3184 1337 3249 retorsit:

919 3297 1057 3353 tum
1107 3289 1330 3365 credo,
1380 3307 1531 3354 cum
1579 3308 1653 3354 'rs
1702 3287 2038 3353 arbustum
2084 3295 2236 3354 cett.

513 3392 635 3472 Qui
699 3389 779 3458 de
841 3392 1164 3458 industria
1229 3392 1579 3459 Menalcam
1644 3413 1744 3457 me
1790 3412 1906 3479 pro
1967 3402 2025 3457 te
2065 3411 2178 3479 per
2236 3394 2510 3459 ironiam
2557 3390 2766 3458 dixisse

421 3495 859 3574 arbitrantur,
949 3506 1249 3582 reputent
1310 3495 1502 3564 velim
1560 3499 1767 3583 primo
1857 3499 2027 3563 iusto
2085 3496 2432 3564 obscurius
2503 3499 2590 3565 ita
2649 3491 2762 3560 fieri
2845 3571 2846 3586 χ

419 3601 826 3678 convicium,
885 3599 1055 3686 quod
1102 3601 1540 3667 clarissimum
1590 3602 1677 3667 sit
1724 3620 1984 3668 necesse
2029 3609 2167 3681 est,
2221 3611 2292 3667 ut
2338 3611 2490 3691 apte
2536 3615 2762 3687 respon·

419 3703 652 3771 deatur
709 3704 789 3770 ad
850 3704 1262 3790 opprobrium
1291 3755 1309 3786 ‚
1360 3705 1531 3793 quod
1581 3705 1792 3772 verbis
1841 3705 2021 3773 valde
2061 3707 2425 3794 perspicuis
2461 3707 2760 3773 Damoetas

419 3811 658 3876 iecerat
720 3809 787 3873 iu
853 3807 1245 3887 Menalcam,
1311 3810 1579 3877 secundo
1643 3809 1794 3877 hinc
1843 3809 2022 3893 fieri,
2087 3820 2157 3878 ut
2205 3813 2350 3879 eius
2398 3811 2642 3880 dicterii
2680 3804 2756 3868 ris
2843 3841 2844 3852 2

417 3932 684 4001 prorsus
732 3913 1053 3993 intereat,
1098 3915 1525 4001 respondente
1576 3916 1914 3983 Damoeta:

692 4023 805 4082 aut
853 4014 957 4081 hic
1004 4016 1086 4083 ad
1135 4027 1383 4086 veteres
1429 4020 1609 4106 fagos
1656 4040 1804 4087 cum
1858 4020 2211 4108 Daphnidis
2259 4040 2490 4088 arcum

693 4118 943 4205 fregisti
990 4129 1054 4188 et
1101 4122 1378 4189 calamos
1424 4135 1577 4193 cett.

420 4224 598 4288 tertio
660 4244 781 4290 non
846 4224 1077 4292 cadere
1137 4228 1405 4294 ironiam
1473 4227 1629 4295 adeo
1693 4228 2130 4298 absconditam
2190 4233 2257 4297 in
2306 4231 2744 4317 simplicitatem

419 4328 860 4412 pastoritiam,
931 4349 1132 4416 neque
1200 4334 1263 4397 in
1331 4333 1566 4399 ceteris
1638 4334 1955 4402 Menalcae
2016 4336 2328 4404 conviciis
2395 4356 2518 4404 non
2581 4324 2746 4412 11188ἰε
2839 4339 2840 4398 l

2836 4629 2838 4672 1

2785 4689 2837 4997 l
