2934 5050
409 286 538 347 292
1177 302 1487 347 muna
1536 303 1607 347 ετ
1658 300 1963 347 mumma.

409 491 493 534 an
533 469 694 534 bona
740 470 998 532 ridetur
1035 470 1394 534 sententia:
1441 469 1735 555 nApollo,
1770 471 1884 555 qui
1924 488 2049 534 non
2090 469 2287 546 sinet,
2330 474 2433 533 est
2458 466 2757 533 numen”?

415 576 556 641 lloc
601 572 1037 658 languidum).

505 677 714 743 Verba
769 678 855 741 ibi
905 676 1104 742 relata
1153 677 1234 743 ad
1281 677 1605 744 Lucilium
1658 679 1769 765 (le)
1816 677 1989 743 dicta
2038 684 2216 742 sunt.

503 782 794 848 Lucilius
835 792 1328 867 comparaverat
1377 802 1650 869 puerum
1702 783 2107 848 meritorium
2158 800 2305 845 cum
2356 779 2727 867 Hyacintho.

507 889 568 952 is
613 907 775 975 puer
821 907 948 951 nou
995 896 1096 952 est
1141 887 1311 951 alius
1358 907 1551 973 quam
1601 891 1713 974 qui
1762 896 2160 952 memoratur
2210 884 2347 950 vu.
2396 890 2461 951 4.

507 993 596 1059 De
645 991 924 1076 singulis
969 991 1072 1056 his
1119 1001 1328 1076 potest
1373 993 1735 1078 disputari,
1782 1002 1849 1057 et
1896 1002 2110 1056 tamen
2153 991 2366 1055 omnia
2400 997 2763 1057 concurrant

416 1117 678 1165 necesse
709 1105 844 1174 est,
883 1106 1232 1182 antequam
1277 1096 1574 1162 umbram
1616 1095 2184 1162 demonstrationis
2225 1092 2597 1160 habeamus.
2648 1093 2762 1160 Non

417 1203 580 1269 haec
623 1203 878 1289 copiose
929 1200 1419 1286 redarguerem,
1482 1202 1607 1266 nisi
1656 1201 1739 1268 Ι.
1789 1201 1978 1266 initio
2022 1200 2241 1265 statim
2289 1200 2544 1284 operiS,
2592 1220 2652 1286 p.
2698 1197 2764 1264 lx

419 1307 538 1372 hoc
589 1317 812 1372 »extra
857 1307 1361 1372 controversiam
1417 1305 1753 1392 positum”
1802 1307 2049 1371 diceret
2092 1312 2156 1370 et
2206 1304 2349 1368 »vix
2399 1321 2763 1390 quemquam

419 1410 808 1489 iuturum”,
879 1412 990 1497 qni
1057 1409 1140 1477 de
1200 1410 1304 1475 his
1363 1409 1641 1477 dubitet.
1756 1409 2065 1477 Eiusdem
2127 1408 2385 1494 generis
2447 1418 2549 1475 oet
2595 1430 2653 1495 p.
2697 1406 2763 1474 11

423 1515 785 1602 ›principio
835 1514 880 1580 Ι.
934 1515 1146 1581 XXVI
1191 1525 1515 1600 aper-le—
1540 1516 1726 1580 initia
1754 1524 1891 1581 tum
1920 1515 2204 1601 primum
2234 1514 2548 1598 poeticam
2574 1532 2766 1599 capes-

421 1620 626 1686 sentis
669 1627 738 1685 et
781 1628 1072 1685 saturam
1121 1618 1247 1685 sibi
1293 1619 1687 1685 vindicantis
1721 1656 1816 1670 —
1861 1628 2083 1706 poetae
2106 1617 2591 1685 declarantur''.
2635 1617 2766 1685 Nam

418 1726 567 1812 quis
612 1724 832 1791 docuit
898 1723 1035 1791 illa:
1087 1740 1250 1790 »nec
1293 1723 1727 1799 doctissimis,
1773 1744 1924 1790 nam
1975 1724 2210 1790 Gaium
2260 1723 2555 1790 Persium
2603 1722 2766 1789 haeoe

419 1832 632 1915 legere
681 1828 865 1907 nolo,
915 1830 1173 1895 lunium
1221 1829 1510 1915 Congum
1561 1828 1746 1894 v010”
1799 1828 2055 1916 (XXVI.
2090 1826 2767 1916 1)exlibroxxvl,et

419 1934 678 2021 quidem
741 1953 820 1999 ex
885 1934 1073 1999 initio
1132 1933 1330 2000 huius
1393 1934 1543 1999 libri
1604 1943 1823 2000 sumta
1886 1932 2070 1999 esse?
2169 1931 2412 1998 Contra
2480 1931 2648 2018 quod
2690 1937 2768 1996 est

419 2050 670 2105 certum
742 2048 807 2104 et
877 2038 1311 2104 indubitatum
1373 2039 1863 2115 testimonium,
1925 2036 2094 2104 unde
2162 2047 2431 2123 apparet
2478 2034 2767 2107 librum!

420 2153 559 2230 post
605 2163 664 2209 a.
715 2144 787 2209 U.
849 2146 980 2209 625
1048 2143 1194 2231 (nec
1260 2146 1464 2210 multo
1524 2154 1717 2231 post,
1791 2153 1864 2210 ut
1910 2140 2189 2228 videtur)
2239 2142 2559 2228 scriptum
2614 2159 2766 2214 esse,

419 2249 786 2325 omittitur;
854 2248 918 2314 in
967 2269 1042 2314 eo
1105 2247 1268 2313 libro
1311 2269 1370 2313 v.
1427 2254 1500 2314 11
1570 2267 1731 2313 »nec
1776 2248 1833 2311 si
1883 2244 2255 2312 Carneaden
2323 2246 2535 2332 ipsum
2600 2242 2768 2311 Orcu’

423 2351 765 2419 remittat”
826 2350 1106 2438 legitur3
1173 2374 1342 2428 eum,
1375 2362 1706 2419 mortuum
1753 2371 1893 2417 esse
1935 2348 2031 2418 01.
2077 2350 2314 2417 cnm.
2368 2355 2446 2431 4,
2512 2354 2661 2416 625.
2706 2345 2767 2414 u.

422 2456 523 2535 6.,
575 2459 703 2522 129
737 2476 795 2522 a.
845 2457 911 2522 C.
957 2461 1251 2525 novimus
1295 2458 1539 2525 diserto
1588 2456 1955 2544 Apollodori
1997 2457 2367 2525 testimonio
2402 2455 2570 2543 apud
2609 2455 2765 2538 Πίος.

423 2564 636 2628 Laert.
689 2561 797 2628 lv,
849 2568 956 2628 65.
1031 2564 1113 2629 Et
1160 2564 1576 2630 undecimum
1641 2562 1879 2628 librum
1944 2564 2262 2647 seriptum
2327 2581 2473 2629 csse
2516 2582 2589 2630 eo
2635 2570 2769 2626 tem·

423 2687 607 2754 pore,
667 2687 796 2753 quo
857 2668 1153 2752 Opimius
1199 2668 1465 2734 ardebat
1514 2666 1780 2734 infamia
1826 2687 1903 2734 ex
1956 2666 2115 2734 bello
2162 2667 2586 2753 Iugurthino,
2634 2667 2672 2731 i.
2714 2682 2767 2728 c.

424 2774 647 2859 utique
693 2782 834 2858 post
882 2779 949 2838 a⁰
995 2778 1130 2839 642
1182 2776 1460 2861 (rogatio
1509 2774 1797 2839 Mamilia
1838 2782 1936 2839 est
1975 2779 2044 2840 a⁰
2078 2774 2237 2861 644)
2284 2783 2549 2861 apparet
2583 2792 2652 2839 ex
2676 2767 2768 2835 xl.

427 2881 531 2943 19.
625 2876 794 2943 Haec
859 2877 1085 2943 utilius
1147 2878 1429 2946 erat'de
1491 2879 1766 2964 singuiis
1828 2877 2013 2944 libris
2076 2880 2425 2966 anquirere
2484 2897 2669 2966 quam
2713 2875 2765 2937 in

424 2983 794 3048 universum
841 3002 1194 3068 exponere,
1240 2994 1355 3050 aut
1405 2983 1601 3050 dubia
1651 2982 1995 3050 admodum
2040 2986 2414 3053 coniectura
2457 2985 2598 3051 niti.
2659 2977 2769 3047 Sed

419 3086 681 3151 omnino
725 3086 806 3151 ad
853 3086 1064 3153 locum
1115 3087 1597 3165 definiendum,
1642 3108 1837 3176 quem
1888 3090 1955 3155 1..
2008 3098 2139 3156 tam
2190 3090 2255 3155 in
2307 3089 2579 3157 historia
2618 3086 2769 3153 litto-

420 3208 641 3255 rarum
706 3209 899 3275 quam
967 3194 1137 3258 inter
1197 3193 1498 3280 aequales
1558 3194 1733 3260 cives
1785 3192 1906 3259 sibi
1971 3194 2290 3273 vindicat,
2353 3194 2435 3261 ad
2487 3190 2769 3280 temporis

423 3294 703 3360 rationes
773 3296 1292 3374 constituendas,
1356 3297 1435 3364 ad
1484 3301 1925 3384 quaestionem
1975 3299 2389 3378 solvendam,
2436 3319 2590 3366 num
2630 3294 2768 3362 dra·

420 3407 593 3465 mala
655 3400 918 3466 satirica
982 3403 1047 3465 in
1110 3400 1351 3490 sylloge
1394 3403 1730 3469 Luciliana
1779 3403 2022 3471 suerint
2069 3424 2197 3470 non
2247 3403 2527 3472 multum
2568 3407 2769 3469 coutu-

417 3504 493 3570 lit
544 3525 658 3571 nee
701 3504 994 3572 conferre
1045 3506 1245 3573 voluit
1301 3506 1548 3587 editor,
1616 3518 1688 3574 ut
1735 3510 1847 3594 qui
1893 3508 2331 3596 intellegeret,
2376 3518 2528 3577 ante
2571 3506 2768 3573 omnia

420 3628 593 3676 nunc
653 3609 1013 3694 fragmenta
1074 3610 1484 3698 perpolienda
1531 3622 1636 3690 et,
1686 3624 2007 3701 quatenus
2054 3614 2193 3682 fieri
2236 3623 2487 3702 posset,
2532 3610 2606 3679 ad
2644 3608 2765 3695 pri·

419 3714 662 3780 stinum
713 3716 986 3782 nitorem
1036 3716 1394 3784 revocanda
1440 3737 1601 3784 esse.

517 3923 866 4011 Grom‘nqae
910 3925 994 3991 M.
1047 3926 1415 3993 Februario.
1986 3930 2054 3995 C.
2107 3930 2188 3997 Μ.
2240 3921 2681 3996 FRANCKEN.

803 4037 870 4094 3⁰
923 4036 1118 4098 1875.
2380 4039 2389 4042 ’
