2934 5050
347 275 480 343 228
1325 290 1749 341 rmum.

349 462 648 530 Kiehlins
708 461 950 529 idoneis
1015 467 1412 552 argumentis
1453 463 1734 530 ostendit
1750 510 1767 540 ‚
1832 467 1908 527 ut
1951 467 2106 527 tunc
2152 459 2477 547 plerisque
2519 462 2741 527 visum

348 580 444 635 est
458 619 474 647 ,
541 568 739 634 debfli
796 572 1108 654 positione
1171 570 1394 636 breves
1454 567 1707 635 vocales
1752 567 1923 654 apud
1968 566 2274 654 Tragicos
2318 568 2450 631 nisi
2496 567 2571 630 in
2617 568 2745 630 arsi

348 695 475 741 non
519 675 819 761 produci;
869 676 1036 762 quod
1084 678 1140 740 si
1183 676 1559 761 probabitur
1572 721 1590 750 ,
1639 679 1939 759 sequetur
1976 677 2271 739 nostrum
2306 692 2573 738 versum
2615 690 2749 736 cor-

348 786 614 866 ruptum
661 802 830 858 esse,
888 781 998 847 sed
1044 780 1252 847 facilis
1295 780 1615 846 medicina
1658 784 1788 844 est:
1836 776 2243 845 scribendum
2285 780 2465 845 enim
2508 791 2748 843 πουλυ-

347 886 576 950 τέκνου.
669 884 904 953 Itidem
947 885 1189 975 legitur
1231 888 1299 951 in
1341 884 1758 971 Supplicibus
1801 905 1895 950 vs-
1952 880 2122 951 423:

889 1028 900 1035 -
988 993 1078 1071 μή
1125 994 1195 1069 μ’
1238 991 1367 1071 ἴδῃς
1415 989 1485 1068 ἔξ
1530 989 1705 1071 ἑδρᾶν
1750 986 2070 1055 πολυθέων

445 1098 888 1184 Antistrophes
933 1097 1048 1164 ina
1091 1099 1286 1165 verba
1328 1102 1480 1162 sunt
1493 1144 1510 1172 ,
1558 1096 1795 1182 quibus
1837 1097 1907 1162 in
1952 1093 2209 1181 strophe
2251 1095 2682 1181 respondent:

980 1203 1296 1286 φρόντισον
1342 1203 1447 1266 καὶ
1496 1207 1677 1281 yma
1725 1203 2032 1276 πανδίκως

441 1306 530 1372 Ut
577 1328 650 1373 ea
697 1310 1017 1395 responsio
1063 1310 1412 1374 accuratior
1456 1307 1568 1373 fiat
1584 1356 1602 1386 ,
1651 1312 1748 1374 est
1790 1312 2008 1374 autem
2052 1310 2122 1372 in
2166 1306 2409 1373 talibus
2454 1308 2751 1395 Aeschy—

346 1413 449 1478 lus
495 1419 1008 1481 accuratissimus
1025 1465 1042 1493 ,
1093 1421 1373 1502 praestat
1407 1413 1843 1494 τρισυλλάβως
1881 1411 2097 1501 legere
2132 1409 2514 1478 πουλυθέων.
2588 1412 2751 1479 Pro-

349 1520 497 1584 bare
543 1520 660 1585 hoc
705 1542 854 1587 sane
893 1522 1211 1587 debebunt
1234 1569 1251 1597 ,
1302 1523 1414 1605 qui
1451 1524 1519 1586 in
1556 1520 1779 1586 eadem
1811 1518 2031 1586 fabula
2061 1541 2158 1587 vs.
2185 1517 2320 1585 684
2354 1519 2437 1585 ob
2474 1538 2749 1586 causam

349 1623 616 1690 eandem
683 1627 898 1691 νούσων
965 1626 1322 1713 praeferant
1379 1625 1659 1692 Medicei
1722 1622 1975 1691 Codicis
2034 1624 2293 1692 lectioni
2361 1623 2584 1691 vde-m:
2666 1627 2749 1692 αἱ
2876 1612 2879 1635 1

347 1728 710 1797 Dindorfius
763 1733 842 1798 ad
889 1731 1063 1818 Sept.
1115 1751 1208 1797 vs.
1262 1728 1393 1795 315
1433 1733 1503 1796 in
1548 1730 1846 1798 Editione
1886 1729 2249 1797 Oxoniensi.
2316 1729 2555 1797 Itidem
2608 1751 2754 1797 me-
2878 1794 2879 1815 χ

346 1842 521 1901 trum
584 1839 809 1904 suadet
871 1836 1045 1924 Sept.
1111 1857 1205 1903 vs.
1257 1834 1385 1901 421
1436 1843 1503 1901 et
1550 1834 1683 1901 456
1739 1841 1817 1902 ut
1858 1842 2242 1922 reponantur
2286 1835 2637 1912 οὐλομένων
2686 1844 2757 1903 et
2878 1902 2879 1939 ᾖ

345 1941 500 2022 δουρί
559 1963 674 2027 pro
728 1944 1025 2021 ὀλομένων
1073 1949 1138 2008 et
1183 1941 1322 2020 δορί.
1396 1940 1558 2007 Vide
1602 1940 1768 2007 illud
1811 1945 2026 2027 ipsum
2084 1940 2420 2020 οὐλομένας
2466 1943 2533 2007 111
2580 1941 2753 2009 Pro-
2878 1962 2879 2021 1

339 2049 594 2115 metheo
638 2071 733 2115 vs.
785 2046 945 2114 397:
997 2049 1146 2116 ςένω
1193 2072 1263 2112 σε
1311 2052 1431 2119 τοῖς
1480 2046 1812 2125 οὐλομένας
1859 2047 2085 2127 τύχας·
2109 2044 2469 2129 Προμηθεῦ.
2543 2045 2749 2128 Quod

343 2155 572 2219 attinet
648 2155 726 2221 ad
793 2155 1166 2240 productam
1242 2154 1519 2219 formam
1589 2151 1748 2234 δουρί
1772 2199 1789 2230 ,
1858 2154 2277 2219 inveniuntur
2341 2152 2747 2233 ὃουρίκλυτος

342 2257 516 2324 Pers·
567 2258 691 2336 85,
755 2261 1142 2341 δουρίπηκτος
1200 2259 1375 2345 Sept.
1427 2256 1595 2336 278,
1646 2257 2037 2338 δουριοὶλωτος
2083 2257 2277 2344 Soph.
2324 2260 2503 2324 Aiac.
2550 2257 2745 2337 211;
2878 2268 2879 2275 ’

344 2363 738 2444 δουρίληπτος
802 2366 956 2432 ibid.
1008 2364 1179 2443 894,
1241 2366 1474 2450 quibus
1532 2365 1691 2430 locis
1736 2371 2019 2430 metrum
2067 2384 2181 2429 nos
2224 2384 2350 2430 non
2395 2366 2552 2429 sinit
2599 2384 2749 2429 am-

343 2469 593 2559 bigere,
645 2478 788 2538 utra
832 2472 1038 2539 forma
1082 2475 1292 2538 verior
1335 2475 1437 2537 sit.
1510 2469 1746 2537 Itidem
1790 2473 1860 2535 in
1905 2467 2078 2555 Sept.
2128 2467 2255 2535 321
2306 2471 2670 2556 requiritur

430 2579 612 2662 Ἀίδᾳ
659 2581 960 2659 προϊάψαι
1017 2579 1214 2658 δουρὸς
1277 2576 1503 2659 ἄγραν,
1555 2596 1947 2663 quamquam
2008 2576 2221 2641 editur
2279 2575 2359 2641 ad
2406 2575 2577 2641 hunc
2628 2597 2747 2642 us·

338 2704 460 2769 que
507 2685 679 2751 diem
728 2672 889 2765 δορὸς
936 2683 1141 2764 ἄγραν
1163 2734 1178 2759 ,
1241 2705 1401 2770 quae
1461 2682 1655 2749 lectio
1702 2703 1816 2747 cur
1859 2681 2011 2747 ferri
2054 2701 2180 2748 non
2227 2680 2484 2758 debeat,
2532 2701 2743 2767 supra

338 2789 491 2855 dixi.

427 2895 500 2961 In
546 2895 719 2982 Sept.
770 2896 910 2962 adv.
962 2894 1160 2962 Theb.
1211 2893 1344 2960 804
1390 2893 1633 2982 legitur
1678 2897 1746 2959 in
1795 2890 2058 2960 Codice:

700 3004 762 3066 τί
809 3002 859 3065 δ’
907 3002 996 3070 ἐςὶ
1047 3006 1288 3081 πρᾶγος
1339 3001 1606 3065 νεόκοτον
1656 3001 1847 3070 πόλει,
1881 2998 2147 3063 πλέον.

430 3106 554 3187 Qui
615 3108 734 3173 hoc
796 3128 920 3173 non
979 3108 1309 3193 capiebant
1368 3108 1815 3194 grammatici,
1879 3109 1946 3170 in
2000 3103 2146 3171 aliis
2194 3103 2379 3169 libris
2424 3107 2735 3189 scripsere

336 3211 545 3291 παρόν,
609 3214 717 3278 sed
761 3235 936 3279 mera
982 3224 1079 3278 est
1125 3216 1516 3298 conjectura,
1582 3232 1733 3276 nam
1780 3231 1999 3277 omnes
2043 3207 2338 3288 Codices,
2402 3210 2570 3296 quod
2616 3231 2733 3276 no-

335 3323 477 3384 tum
539 3324 667 3397 est,
735 3319 969 3384 fluxere
1032 3342 1109 3385 ex
1169 3317 1284 3384 1110
1347 3322 1533 3383 unico
1585 3318 1750 3384 libro
1794 3318 2104 3385 MediceO.
2178 3315 2421 3381 Verum
2468 3314 2728 3382 facilius

332 3424 498 3492 illud
544 3425 785 3489 πλέον
833 3428 1040 3491 sanari
1077 3427 1342 3511 poterit3
1385 3424 1735 3512 legendum
1773 3427 1944 3490 enim
1971 3422 2193 3497 πέλον,
2222 3424 2417 3488 sicuti
2439 3420 2725 3487 πέλουσα

330 3538 499 3596 recte
544 3531 784 3619 legitur
827 3531 1155 3597 Prometh.
1200 3528 1352 3596 898.
1417 3529 1598 3597 Idem
1644 3550 1815 3597 error
1861 3530 2108 3596 obtinet
2150 3531 2219 3593 in
2262 3526 2441 3593 Pers.
2494 3525 2675 3593 632:

878 3639 927 3702 εἰ
977 3636 1102 3717 γάρ
1149 3663 1208 3703 τι
1257 3641 1459 3707 κακῶν
1505 3633 1651 3707 ἄκος
1700 3631 1846 3701 οἶδε
1888 3633 2159 3711 πλέον,

875 3743 1051 3822 μόνος
1099 3744 1175 3809 ἂν
1223 3745 1440 3818 θνητῶν
1490 3742 1735 3823 πέρας
1783 3741 1960 3808 εἴποι.

421 3848 675 3916 Vitium
746 3850 1073 3936 apparebit
1134 3871 1210 3915 ex
1274 3848 1631 3915 Hermanni
1688 3850 2010 3916 versione:
2081 3849 2138 3913 si
2194 3848 2356 3934 quod
2400 3855 2723 3932 praetem

332 3965 591 4044 (praeter
640 3957 973 4021 immutant
1017 3956 1532 4041 supplicationem)
1577 3955 1899 4019 remedium
1944 3955 2119 4020 habet
2163 3953 2399 4018 Darius
2416 4001 2434 4031 ,
2481 3955 2586 4019 hie
2630 3977 2724 4019 εο-

328 4066 423 4128 bua
466 4067 658 4147 finem
717 4063 1004 4138 malorum
1049 4064 1274 4146 poterit
1333 4062 1625 4126 indicare.
1719 4061 1987 4127 Prorsus
2046 4061 2328 4126 otiosum
2389 4065 2488 4125 eat
2545 4059 2726 4125 istud

311 4176 628 4253 praeterea
687 4189 889 4253 neque
945 4166 1353 4234 Hermannus
1397 4167 1703 4234 vertendo
1753 4170 2063 4254 expressit
2109 4169 2360 4244 θνητῶν,
2411 4166 2585 4253 quod
2626 4168 2725 4231 in·

323 4272 660 4359 telligebat
719 4275 879 4337 soba«
925 4275 1262 4337 mortalium
1308 4297 1430 4339 non
1478 4279 1577 4338 sat
1622 4274 1779 4338 bene
1828 4275 2182 4338 convenire.
2242 4269 2519 4339 Scilicet
2567 4292 2725 4339 vera

322 4382 634 4460 scriptura
680 4387 816 4441 est:
