<?xml version="1.0" encoding="UTF-8"?>
<!DOCTYPE html PUBLIC "-//W3C//DTD XHTML 1.0 Transitional//EN"
    "http://www.w3.org/TR/xhtml1/DTD/xhtml1-transitional.dtd">
<html xmlns="http://www.w3.org/1999/xhtml" xml:lang="en" lang="en">
 <head>
  <title>
</title>
<meta http-equiv="Content-Type" content="text/html;charset=utf-8" />
  <meta name='ocr-system' content='tesseract 3.04.00' />
  <meta name='ocr-capabilities' content='ocr_page ocr_carea ocr_par ocr_line ocrx_word'/>
</head>
<body>
  <div class='ocr_page' id='page_1' title='image "./mnemosynebiblio09servgoog/mnemosynebiblio09servgoog_0747.png"; bbox 0 0 2934 5050; ppageno 0'>
   <div class='ocr_carea' id='block_1_1' title="bbox 1204 300 2572 369">
    <p class='ocr_par' dir='ltr' id='par_1_1' title="bbox 1204 300 2572 369">
     <span class='ocr_line' id='line_1_1' title="bbox 1204 300 2572 369; baseline 0.001 -1"><span class='ocrx_word' id='word_1_1' title='bbox 1204 319 1550 369; x_wconf 65' lang='lat' dir='ltr'><strong>Romnum.</strong></span> <span class='ocrx_word' id='word_1_2' title='bbox 2445 300 2572 369; x_wconf 86' lang='lat'><strong>197</strong></span> 
     </span>
    </p>
   </div>
   <div class='ocr_carea' id='block_1_2' title="bbox 180 488 2582 3228">
    <p class='ocr_par' dir='ltr' id='par_1_2' title="bbox 420 488 2299 570">
     <span class='ocr_line' id='line_1_2' title="bbox 420 488 2299 570; baseline -0.002 -13"><span class='ocrx_word' id='word_1_3' title='bbox 420 494 508 569; x_wconf 69' lang='grc' dir='ltr'><strong>μη</strong></span> <span class='ocrx_word' id='word_1_4' title='bbox 556 492 626 567; x_wconf 65' lang='grc' dir='ltr'><strong>δη</strong></span> <span class='ocrx_word' id='word_1_5' title='bbox 673 488 859 560; x_wconf 80' lang='grc' dir='ltr'><strong><em>οὕτως</em></strong></span> <span class='ocrx_word' id='word_1_6' title='bbox 909 491 1207 570; x_wconf 73' lang='grc' dir='ltr'><strong><em>ἀγόρευε·</em></strong></span> <span class='ocrx_word' id='word_1_7' title='bbox 1262 491 1450 570; x_wconf 77' lang='grc' dir='ltr'><strong><em>πάρος</em></strong></span> <span class='ocrx_word' id='word_1_8' title='bbox 1500 492 1550 555; x_wconf 90' lang='grc' dir='ltr'><strong>δ’</strong></span> <span class='ocrx_word' id='word_1_9' title='bbox 1601 493 1707 555; x_wconf 79' lang='grc' dir='ltr'><strong>οὐκ</strong></span> <span class='ocrx_word' id='word_1_10' title='bbox 1755 490 2002 556; x_wconf 82' lang='grc' dir='ltr'><strong><em>ἔσσεται</em></strong></span> <span class='ocrx_word' id='word_1_11' title='bbox 2053 490 2299 563; x_wconf 79' lang='grc' dir='ltr'><strong><em>άλλως,</em></strong></span> 
     </span>
    </p>

    <p class='ocr_par' dir='ltr' id='par_1_3' title="bbox 182 595 2296 897">
     <span class='ocr_line' id='line_1_3' title="bbox 420 595 2296 683; baseline -0.003 -20"><span class='ocrx_word' id='word_1_12' title='bbox 420 600 556 678; x_wconf 74' lang='grc' dir='ltr'><strong><em>πρίν</em></strong></span> <span class='ocrx_word' id='word_1_13' title='bbox 604 599 671 677; x_wconf 74' lang='grc' dir='ltr'><strong>γ’</strong></span> <span class='ocrx_word' id='word_1_14' title='bbox 722 596 820 661; x_wconf 76' lang='grc' dir='ltr'><strong>ἐπὶ</strong></span> <span class='ocrx_word' id='word_1_15' title='bbox 870 599 957 662; x_wconf 79' lang='grc' dir='ltr'><strong><em>νὼ</em></strong></span> <span class='ocrx_word' id='word_1_16' title='bbox 1003 596 1148 683; x_wconf 75' lang='grc' dir='ltr'><strong><em>τῷδ’</em></strong></span> <span class='ocrx_word' id='word_1_17' title='bbox 1198 597 1362 675; x_wconf 77' lang='grc' dir='ltr'><strong><em>ἀνδρὶ</em></strong></span> <span class='ocrx_word' id='word_1_18' title='bbox 1410 596 1520 661; x_wconf 83' lang='grc' dir='ltr'><strong>σὺν</strong></span> <span class='ocrx_word' id='word_1_19' title='bbox 1566 595 1834 662; x_wconf 78' lang='grc' dir='ltr'><strong><em>ἵπποισιν</em></strong></span> <span class='ocrx_word' id='word_1_20' title='bbox 1883 597 1988 661; x_wconf 76' lang='grc' dir='ltr'><strong><em>καὶ</em></strong></span> <span class='ocrx_word' id='word_1_21' title='bbox 2031 595 2296 678; x_wconf 78' lang='grc' dir='ltr'><strong><em>ὄχεσφιν</em></strong></span> 
     </span>
     <span class='ocr_line' id='line_1_4' title="bbox 210 692 1813 784; baseline -0.002 -14"><span class='ocrx_word' id='word_1_22' title='bbox 210 756 219 763; x_wconf 89' lang='grc'><strong>.</strong></span> <span class='ocrx_word' id='word_1_23' title='bbox 420 704 705 782; x_wconf 90' lang='grc' dir='ltr'><strong><em>ἀντιβίην</em></strong></span> <span class='ocrx_word' id='word_1_24' title='bbox 751 702 995 769; x_wconf 77' lang='grc' dir='ltr'><strong><em>ἐλθόντε</em></strong></span> <span class='ocrx_word' id='word_1_25' title='bbox 1044 703 1152 769; x_wconf 82' lang='grc' dir='ltr'><strong>σὺν</strong></span> <span class='ocrx_word' id='word_1_26' title='bbox 1199 702 1391 769; x_wconf 78' lang='grc' dir='ltr'><strong><em>ἔντεσι</em></strong></span> <span class='ocrx_word' id='word_1_27' title='bbox 1444 692 1813 784; x_wconf 60' lang='grc' dir='ltr'><strong><em>πειρηθὲναι.</em></strong></span> 
     </span>
     <span class='ocr_line' id='line_1_5' title="bbox 182 806 862 897; baseline 0 -21"><span class='ocrx_word' id='word_1_28' title='bbox 182 816 250 876; x_wconf 82' lang='lat' dir='ltr'><strong>et</strong></span> <span class='ocrx_word' id='word_1_29' title='bbox 296 809 528 897; x_wconf 83' lang='lat' dir='ltr'><strong>Odyss.</strong></span> <span class='ocrx_word' id='word_1_30' title='bbox 579 820 657 877; x_wconf 93' lang='lat' dir='ltr'><strong>O.</strong></span> <span class='ocrx_word' id='word_1_31' title='bbox 709 806 862 876; x_wconf 79' lang='lat'><strong>475.</strong></span> 
     </span>
    </p>

    <p class='ocr_par' dir='ltr' id='par_1_4' title="bbox 180 914 2571 1951">
     <span class='ocr_line' id='line_1_6' title="bbox 601 914 2109 995; baseline -0.001 -14"><span class='ocrx_word' id='word_1_32' title='bbox 601 916 900 981; x_wconf 72' lang='grc' dir='ltr'><strong><em>ἐπέπλεον</em></strong></span> <span class='ocrx_word' id='word_1_33' title='bbox 947 916 1107 995; x_wconf 71' lang='grc' dir='ltr'><strong>ὑγρά</strong></span> <span class='ocrx_word' id='word_1_34' title='bbox 1155 916 1413 982; x_wconf 77' lang='grc' dir='ltr'><strong><em>κέλευθα</em></strong></span> <span class='ocrx_word' id='word_1_35' title='bbox 1460 917 1567 981; x_wconf 80' lang='grc' dir='ltr'><strong>Νὼ</strong></span> <span class='ocrx_word' id='word_1_36' title='bbox 1614 914 2109 994; x_wconf 67' lang='grc' dir='ltr'><strong><em>ἀναβησάμενοι.</em></strong></span> 
     </span>
     <span class='ocr_line' id='line_1_7' title="bbox 182 1018 2566 1101; baseline -0.003 -11"><span class='ocrx_word' id='word_1_37' title='bbox 182 1023 264 1090; x_wconf 82' lang='lat' dir='ltr'><strong>ad</strong></span> <span class='ocrx_word' id='word_1_38' title='bbox 310 1024 531 1090; x_wconf 76' lang='lat' dir='ltr'><strong>locum</strong></span> <span class='ocrx_word' id='word_1_39' title='bbox 577 1023 810 1090; x_wconf 75' lang='lat' dir='ltr'><strong>Iliados</strong></span> <span class='ocrx_word' id='word_1_40' title='bbox 865 1028 1235 1089; x_wconf 84' lang='lat' dir='ltr'><strong>annotatur:</strong></span> <span class='ocrx_word' id='word_1_41' title='bbox 1301 1024 1430 1087; x_wconf 71' lang='lat' dir='ltr'><strong>vcb:</strong></span> <span class='ocrx_word' id='word_1_42' title='bbox 1495 1022 1565 1086; x_wconf 80' lang='grc' dir='ltr'><strong>τὸ</strong></span> <span class='ocrx_word' id='word_1_43' title='bbox 1628 1025 1715 1087; x_wconf 79' lang='grc' dir='ltr'><strong><em>νὼ</em></strong></span> <span class='ocrx_word' id='word_1_44' title='bbox 1762 1021 2224 1101; x_wconf 81' lang='grc' dir='ltr'><strong><em>βαρυτονητέον.</em></strong></span> <span class='ocrx_word' id='word_1_45' title='bbox 2277 1018 2460 1097; x_wconf 71' lang='grc' dir='ltr'><strong><em>ἀνι-αξ</em></strong></span> <span class='ocrx_word' id='word_1_46' title='bbox 2503 1022 2566 1085; x_wconf 81' lang='grc' dir='ltr'><strong>δὲ</strong></span> 
     </span>
     <span class='ocr_line' id='line_1_8' title="bbox 180 1124 2569 1212; baseline -0.002 -18"><span class='ocrx_word' id='word_1_47' title='bbox 180 1131 246 1194; x_wconf 81' lang='grc' dir='ltr'><strong><em>ἔν</em></strong></span> <span class='ocrx_word' id='word_1_48' title='bbox 292 1128 516 1195; x_wconf 87' lang='grc' dir='ltr'><strong><em>Ἰλιάδι</em></strong></span> <span class='ocrx_word' id='word_1_49' title='bbox 564 1131 667 1194; x_wconf 75' lang='grc' dir='ltr'><strong><em>καὶ</em></strong></span> <span class='ocrx_word' id='word_1_50' title='bbox 718 1124 905 1205; x_wconf 72' lang='grc' dir='ltr'><strong><em>ἀνι-αξ</em></strong></span> <span class='ocrx_word' id='word_1_51' title='bbox 948 1129 1010 1194; x_wconf 73' lang='grc' dir='ltr'><strong><em>ἐν</em></strong></span> <span class='ocrx_word' id='word_1_52' title='bbox 1055 1128 1389 1212; x_wconf 74' lang='grc' dir='ltr'><strong><em>Ὀδυσσείᾳ</em></strong></span> <span class='ocrx_word' id='word_1_53' title='bbox 1438 1130 1523 1208; x_wconf 73' lang='grc' dir='ltr'><strong>τῷ</strong></span> <span class='ocrx_word' id='word_1_54' title='bbox 1568 1137 1705 1195; x_wconf 87' lang='grc' dir='ltr'><strong>ΝΩ.</strong></span> <span class='ocrx_word' id='word_1_55' title='bbox 1756 1128 2066 1208; x_wconf 74' lang='grc' dir='ltr'><strong><em>ἐχρήσατο</em></strong></span> <span class='ocrx_word' id='word_1_56' title='bbox 2115 1130 2257 1192; x_wconf 83' lang='grc' dir='ltr'><strong><em>κατ’</em></strong></span> <span class='ocrx_word' id='word_1_57' title='bbox 2305 1129 2569 1191; x_wconf 78' lang='grc' dir='ltr'><strong><em>αἰτιατι-</em></strong></span> 
     </span>
     <span class='ocr_line' id='line_1_9' title="bbox 183 1230 1291 1315; baseline -0.003 -14"><span class='ocrx_word' id='word_1_58' title='bbox 183 1238 295 1310; x_wconf 62' lang='grc' dir='ltr'><strong>κὴν</strong></span> <span class='ocrx_word' id='word_1_59' title='bbox 340 1241 577 1301; x_wconf 72' lang='grc' dir='ltr'><strong><em>πτῶσιν</em></strong></span> <span class='ocrx_word' id='word_1_60' title='bbox 595 1284 613 1310; x_wconf 91' lang='grc'><strong><em>,</em></strong></span> <span class='ocrx_word' id='word_1_61' title='bbox 662 1230 862 1315; x_wconf 71' lang='grc' dir='ltr'><strong><em>ὥσπερ</em></strong></span> <span class='ocrx_word' id='word_1_62' title='bbox 909 1233 1014 1300; x_wconf 76' lang='grc' dir='ltr'><strong><em>καὶ</em></strong></span> <span class='ocrx_word' id='word_1_63' title='bbox 1065 1232 1291 1300; x_wconf 76' lang='grc' dir='ltr'><strong><em>ἐνθάδε.</em></strong></span> 
     </span>
     <span class='ocr_line' id='line_1_10' title="bbox 998 1338 1623 1419; baseline -0.002 -15"><span class='ocrx_word' id='word_1_64' title='bbox 998 1341 1085 1405; x_wconf 77' lang='grc' dir='ltr'><strong><em>νὼ</em></strong></span> <span class='ocrx_word' id='word_1_65' title='bbox 1129 1338 1623 1419; x_wconf 61' lang='grc' dir='ltr'><strong><em>ἀναβησάμενοι.</em></strong></span> 
     </span>
     <span class='ocr_line' id='line_1_11' title="bbox 184 1444 2571 1527; baseline -0.001 -14"><span class='ocrx_word' id='word_1_66' title='bbox 184 1445 376 1514; x_wconf 76' lang='grc' dir='ltr'><strong><em>ὁπότε</em></strong></span> <span class='ocrx_word' id='word_1_67' title='bbox 439 1446 646 1526; x_wconf 75' lang='grc' dir='ltr'><strong><em>μέντοι</em></strong></span> <span class='ocrx_word' id='word_1_68' title='bbox 707 1470 790 1525; x_wconf 72' lang='grc' dir='ltr'><strong><em>γε</em></strong></span> <span class='ocrx_word' id='word_1_69' title='bbox 850 1444 964 1511; x_wconf 86' lang='grc' dir='ltr'><strong>σὺν</strong></span> <span class='ocrx_word' id='word_1_70' title='bbox 1021 1447 1106 1527; x_wconf 73' lang='grc' dir='ltr'><strong>τῷ</strong></span> <span class='ocrx_word' id='word_1_71' title='bbox 1149 1455 1176 1511; x_wconf 92' lang='lat'>1</span> <span class='ocrx_word' id='word_1_72' title='bbox 1224 1444 1489 1525; x_wconf 73' lang='grc' dir='ltr'><strong><em>λέγεται</em></strong></span> <span class='ocrx_word' id='word_1_73' title='bbox 1551 1446 1655 1511; x_wconf 74' lang='grc' dir='ltr'><strong><em>καὶ</em></strong></span> <span class='ocrx_word' id='word_1_74' title='bbox 1719 1448 1818 1511; x_wconf 74' lang='grc' dir='ltr'><strong>ἐπ’</strong></span> <span class='ocrx_word' id='word_1_75' title='bbox 1866 1447 2102 1518; x_wconf 82' lang='grc' dir='ltr'><strong><em>εὐθείας</em></strong></span> <span class='ocrx_word' id='word_1_76' title='bbox 2151 1445 2305 1510; x_wconf 81' lang='grc' dir='ltr'><strong><em>αὐτὸ</em></strong></span> <span class='ocrx_word' id='word_1_77' title='bbox 2351 1445 2571 1510; x_wconf 84' lang='grc' dir='ltr'><strong><em>τάσσει</em></strong></span> 
     </span>
     <span class='ocr_line' id='line_1_12' title="bbox 183 1551 1552 1633; baseline -0.003 -14"><span class='ocrx_word' id='word_1_78' title='bbox 183 1553 290 1619; x_wconf 73' lang='grc' dir='ltr'><strong>καὶ</strong></span> <span class='ocrx_word' id='word_1_79' title='bbox 343 1554 448 1618; x_wconf 72' lang='grc' dir='ltr'><strong>ἐπ’</strong></span> <span class='ocrx_word' id='word_1_80' title='bbox 489 1554 843 1628; x_wconf 73' lang='grc' dir='ltr'><strong><em>αἰτιατικῆς</em></strong></span> <span class='ocrx_word' id='word_1_81' title='bbox 883 1551 988 1617; x_wconf 81' lang='grc' dir='ltr'><strong><em>καὶ</em></strong></span> <span class='ocrx_word' id='word_1_82' title='bbox 1031 1555 1552 1633; x_wconf 72' lang='grc' dir='ltr'><strong><em>προπερισπάται.</em></strong></span> 
     </span>
     <span class='ocr_line' id='line_1_13' title="bbox 694 1655 2020 1746; baseline -0.002 -23"><span class='ocrx_word' id='word_1_83' title='bbox 694 1659 828 1724; x_wconf 80' lang='grc' dir='ltr'><strong><em>νῶΐ</em></strong></span> <span class='ocrx_word' id='word_1_84' title='bbox 871 1655 927 1720; x_wconf 89' lang='grc' dir='ltr'><strong>δ’</strong></span> <span class='ocrx_word' id='word_1_85' title='bbox 979 1658 1102 1736; x_wconf 71' lang='grc' dir='ltr'><strong>ἐγὼ</strong></span> <span class='ocrx_word' id='word_1_86' title='bbox 1147 1655 1441 1732; x_wconf 79' lang='grc' dir='ltr'><strong><em>Σθένελός</em></strong></span> <span class='ocrx_word' id='word_1_87' title='bbox 1489 1682 1560 1723; x_wconf 87' lang='grc' dir='ltr'><strong>τε</strong></span> <span class='ocrx_word' id='word_1_88' title='bbox 1609 1656 1710 1746; x_wconf 84' lang='lat' dir='ltr'><strong>(n.</strong></span> <span class='ocrx_word' id='word_1_89' title='bbox 1761 1667 1810 1722; x_wconf 90' lang='grc' dir='ltr'><strong>Ι.</strong></span> <span class='ocrx_word' id='word_1_90' title='bbox 1864 1655 2020 1739; x_wconf 87' lang='grc'><strong>48.).</strong></span> 
     </span>
     <span class='ocr_line' id='line_1_14' title="bbox 189 1763 331 1829; baseline -0.014 0"><span class='ocrx_word' id='word_1_91' title='bbox 189 1763 296 1829; x_wconf 76' lang='grc' dir='ltr'><strong><em>καὶ</em></strong></span> <span class='ocrx_word' id='word_1_92' title='bbox 316 1785 331 1800; x_wconf 89' lang='grc'><em>·</em></span> 
     </span>
     <span class='ocr_line' id='line_1_15' title="bbox 512 1866 2216 1951; baseline 0 -18"><span class='ocrx_word' id='word_1_93' title='bbox 512 1866 635 1934; x_wconf 78' lang='grc' dir='ltr'><strong>οὐδ’</strong></span> <span class='ocrx_word' id='word_1_94' title='bbox 684 1867 777 1934; x_wconf 72' lang='grc' dir='ltr'><strong><em>ἄν’</em></strong></span> <span class='ocrx_word' id='word_1_95' title='bbox 807 1872 939 1935; x_wconf 78' lang='grc' dir='ltr'><strong><em>νῶΐ</em></strong></span> <span class='ocrx_word' id='word_1_96' title='bbox 981 1868 1286 1951; x_wconf 75' lang='grc' dir='ltr'><strong><em>διαδράκοι</em></strong></span> <span class='ocrx_word' id='word_1_97' title='bbox 1339 1870 1533 1945; x_wconf 79' lang='grc' dir='ltr'><strong><em>ἠέλιός</em></strong></span> <span class='ocrx_word' id='word_1_98' title='bbox 1583 1894 1717 1949; x_wconf 74' lang='grc' dir='ltr'><strong><em>περ.</em></strong></span> <span class='ocrx_word' id='word_1_99' title='bbox 1768 1868 1870 1950; x_wconf 94' lang='lat' dir='ltr'><strong>(Il.</strong></span> <span class='ocrx_word' id='word_1_100' title='bbox 1923 1879 1986 1940; x_wconf 83' lang='grc' dir='ltr'><strong>Ξ.</strong></span> <span class='ocrx_word' id='word_1_101' title='bbox 2039 1868 2216 1950; x_wconf 86' lang='lat'><strong>344).</strong></span> 
     </span>
    </p>

    <p class='ocr_par' dir='ltr' id='par_1_5' title="bbox 193 1974 2582 2784">
     <span class='ocr_line' id='line_1_16' title="bbox 280 1974 2573 2043; baseline 0 -4"><span class='ocrx_word' id='word_1_102' title='bbox 280 1975 691 2041; x_wconf 72' lang='lat' dir='ltr'><strong>Aristarchus</strong></span> <span class='ocrx_word' id='word_1_103' title='bbox 750 1975 1204 2042; x_wconf 79' lang='lat' dir='ltr'><strong>animadvertit</strong></span> <span class='ocrx_word' id='word_1_104' title='bbox 1259 1978 1328 2041; x_wconf 88' lang='lat' dir='ltr'><strong>in</strong></span> <span class='ocrx_word' id='word_1_105' title='bbox 1388 1975 1658 2043; x_wconf 80' lang='lat' dir='ltr'>Homeri</span> <span class='ocrx_word' id='word_1_106' title='bbox 1719 1974 2108 2040; x_wconf 77' lang='lat' dir='ltr'><strong>carminibus</strong></span> <span class='ocrx_word' id='word_1_107' title='bbox 2169 1974 2268 2039; x_wconf 90' lang='lat' dir='ltr'><strong>bis</strong></span> <span class='ocrx_word' id='word_1_108' title='bbox 2319 1981 2573 2040; x_wconf 84' lang='lat' dir='ltr'><strong>tantum</strong></span> 
     </span>
     <span class='ocr_line' id='line_1_17' title="bbox 193 2078 2579 2167; baseline 0.001 -23"><span class='ocrx_word' id='word_1_109' title='bbox 193 2087 329 2144; x_wconf 84' lang='grc' dir='ltr'><strong>ΝΩ</strong></span> <span class='ocrx_word' id='word_1_110' title='bbox 379 2081 643 2166; x_wconf 86' lang='lat' dir='ltr'><strong>reperiri</strong></span> <span class='ocrx_word' id='word_1_111' title='bbox 659 2128 678 2158; x_wconf 91' lang='lat'><strong>,</strong></span> <span class='ocrx_word' id='word_1_112' title='bbox 743 2079 942 2149; x_wconf 87' lang='lat' dir='ltr'><strong>semel</strong></span> <span class='ocrx_word' id='word_1_113' title='bbox 998 2083 1067 2145; x_wconf 90' lang='lat' dir='ltr'><strong>in</strong></span> <span class='ocrx_word' id='word_1_114' title='bbox 1111 2078 1344 2159; x_wconf 82' lang='lat' dir='ltr'>Iliade,</span> <span class='ocrx_word' id='word_1_115' title='bbox 1408 2080 1608 2149; x_wconf 87' lang='lat' dir='ltr'><strong>semel</strong></span> <span class='ocrx_word' id='word_1_116' title='bbox 1652 2083 1722 2146; x_wconf 87' lang='lat' dir='ltr'><strong>in</strong></span> <span class='ocrx_word' id='word_1_117' title='bbox 1768 2080 2082 2167; x_wconf 79' lang='lat' dir='ltr'><strong>Odyssea,</strong></span> <span class='ocrx_word' id='word_1_118' title='bbox 2132 2084 2198 2147; x_wconf 85' lang='lat' dir='ltr'><strong>et</strong></span> <span class='ocrx_word' id='word_1_119' title='bbox 2239 2081 2579 2166; x_wconf 81' lang='lat' dir='ltr'>utrobique</span> 
     </span>
     <span class='ocr_line' id='line_1_18' title="bbox 196 2184 2582 2274; baseline -0.003 -19"><span class='ocrx_word' id='word_1_120' title='bbox 196 2205 327 2255; x_wconf 67' lang='lat' dir='ltr'><strong>esse</strong></span> <span class='ocrx_word' id='word_1_121' title='bbox 388 2187 807 2251; x_wconf 66' lang='lat' dir='ltr'><strong>accusativum.</strong></span> <span class='ocrx_word' id='word_1_122' title='bbox 880 2184 1043 2253; x_wconf 85' lang='lat' dir='ltr'>Vide</span> <span class='ocrx_word' id='word_1_123' title='bbox 1106 2207 1302 2272; x_wconf 87' lang='lat' dir='ltr'><strong>quam</strong></span> <span class='ocrx_word' id='word_1_124' title='bbox 1362 2189 1816 2272; x_wconf 79' lang='lat' dir='ltr'><strong>circumspecte</strong></span> <span class='ocrx_word' id='word_1_125' title='bbox 1878 2191 1943 2251; x_wconf 87' lang='lat' dir='ltr'><strong>et</strong></span> <span class='ocrx_word' id='word_1_126' title='bbox 2004 2189 2188 2251; x_wconf 79' lang='lat' dir='ltr'><strong>anxie</strong></span> <span class='ocrx_word' id='word_1_127' title='bbox 2235 2189 2582 2274; x_wconf 79' lang='lat' dir='ltr'><strong>investiget</strong></span> 
     </span>
     <span class='ocr_line' id='line_1_19' title="bbox 195 2290 2578 2369; baseline 0 -14"><span class='ocrx_word' id='word_1_128' title='bbox 195 2293 430 2357; x_wconf 86' lang='lat' dir='ltr'><strong>omnia.</strong></span> <span class='ocrx_word' id='word_1_129' title='bbox 524 2290 798 2358; x_wconf 85' lang='lat' dir='ltr'><strong>Perinde</strong></span> <span class='ocrx_word' id='word_1_130' title='bbox 859 2298 958 2359; x_wconf 80' lang='lat' dir='ltr'><strong>est</strong></span> <span class='ocrx_word' id='word_1_131' title='bbox 1013 2295 1181 2358; x_wconf 83' lang='lat' dir='ltr'><strong>sitne</strong></span> <span class='ocrx_word' id='word_1_132' title='bbox 1238 2294 1676 2359; x_wconf 82' lang='lat' dir='ltr'><strong>nominativus</strong></span> <span class='ocrx_word' id='word_1_133' title='bbox 1740 2312 1820 2357; x_wconf 87' lang='lat' dir='ltr'><strong>an</strong></span> <span class='ocrx_word' id='word_1_134' title='bbox 1881 2293 2279 2357; x_wconf 78' lang='lat' dir='ltr'><strong>accusativus</strong></span> <span class='ocrx_word' id='word_1_135' title='bbox 2298 2339 2315 2369; x_wconf 86' lang='lat'>‚</span> <span class='ocrx_word' id='word_1_136' title='bbox 2388 2297 2450 2357; x_wconf 86' lang='lat' dir='ltr'><strong>et</strong></span> <span class='ocrx_word' id='word_1_137' title='bbox 2507 2294 2578 2356; x_wconf 86' lang='grc' dir='ltr'><strong><em>νώ</em></strong></span> 
     </span>
     <span class='ocr_line' id='line_1_20' title="bbox 197 2394 2580 2487; baseline 0.001 -25"><span class='ocrx_word' id='word_1_138' title='bbox 197 2394 325 2478; x_wconf 85' lang='grc' dir='ltr'><strong>(νῷ)</strong></span> <span class='ocrx_word' id='word_1_139' title='bbox 385 2408 658 2483; x_wconf 79' lang='lat' dir='ltr'><strong>utroque</strong></span> <span class='ocrx_word' id='word_1_140' title='bbox 715 2418 866 2465; x_wconf 83' lang='lat' dir='ltr'><strong>casu</strong></span> <span class='ocrx_word' id='word_1_141' title='bbox 909 2401 1149 2484; x_wconf 83' lang='lat' dir='ltr'><strong>passim</strong></span> <span class='ocrx_word' id='word_1_142' title='bbox 1195 2398 1365 2484; x_wconf 86' lang='lat' dir='ltr'><strong>apud</strong></span> <span class='ocrx_word' id='word_1_143' title='bbox 1407 2400 1655 2464; x_wconf 83' lang='lat' dir='ltr'><strong>Atticos</strong></span> <span class='ocrx_word' id='word_1_144' title='bbox 1698 2402 1917 2484; x_wconf 78' lang='lat' dir='ltr'><strong>poetas</strong></span> <span class='ocrx_word' id='word_1_145' title='bbox 1959 2397 2205 2487; x_wconf 79' lang='lat' dir='ltr'><strong>legitur</strong></span> <span class='ocrx_word' id='word_1_146' title='bbox 2248 2403 2313 2463; x_wconf 84' lang='lat' dir='ltr'><strong>et</strong></span> <span class='ocrx_word' id='word_1_147' title='bbox 2357 2397 2580 2486; x_wconf 73' lang='lat' dir='ltr'><strong>&#39;Fragi-</strong></span> 
     </span>
     <span class='ocr_line' id='line_1_21' title="bbox 200 2500 2577 2583; baseline 0.001 -14"><span class='ocrx_word' id='word_1_148' title='bbox 200 2521 299 2569; x_wconf 82' lang='lat' dir='ltr'><strong>eos</strong></span> <span class='ocrx_word' id='word_1_149' title='bbox 355 2509 423 2570; x_wconf 86' lang='lat' dir='ltr'><strong>et</strong></span> <span class='ocrx_word' id='word_1_150' title='bbox 485 2500 810 2583; x_wconf 80' lang='lat' dir='ltr'><strong>Oomieos3</strong></span> <span class='ocrx_word' id='word_1_151' title='bbox 861 2505 967 2571; x_wconf 83' lang='lat' dir='ltr'><strong>sed</strong></span> <span class='ocrx_word' id='word_1_152' title='bbox 1017 2507 1085 2571; x_wconf 89' lang='lat' dir='ltr'><strong>in</strong></span> <span class='ocrx_word' id='word_1_153' title='bbox 1130 2525 1199 2571; x_wconf 87' lang='lat' dir='ltr'><strong>re</strong></span> <span class='ocrx_word' id='word_1_154' title='bbox 1244 2509 1643 2574; x_wconf 79' lang='lat' dir='ltr'><strong>controversa</strong></span> <span class='ocrx_word' id='word_1_155' title='bbox 1685 2510 1751 2570; x_wconf 87' lang='lat' dir='ltr'><strong>et</strong></span> <span class='ocrx_word' id='word_1_156' title='bbox 1799 2507 2032 2572; x_wconf 85' lang='lat' dir='ltr'><strong>rariore</strong></span> <span class='ocrx_word' id='word_1_157' title='bbox 2077 2504 2243 2572; x_wconf 81' lang='lat' dir='ltr'><strong>nihil</strong></span> <span class='ocrx_word' id='word_1_158' title='bbox 2280 2509 2577 2573; x_wconf 76' lang='lat' dir='ltr'><strong>omitten-</strong></span> 
     </span>
     <span class='ocr_line' id='line_1_22' title="bbox 200 2606 2580 2696; baseline 0.001 -22"><span class='ocrx_word' id='word_1_159' title='bbox 200 2606 352 2675; x_wconf 91' lang='lat' dir='ltr'><strong>dum</strong></span> <span class='ocrx_word' id='word_1_160' title='bbox 407 2616 616 2696; x_wconf 82' lang='lat' dir='ltr'><strong>putat.</strong></span> <span class='ocrx_word' id='word_1_161' title='bbox 710 2609 956 2677; x_wconf 88' lang='lat' dir='ltr'><strong>Deinde</strong></span> <span class='ocrx_word' id='word_1_162' title='bbox 1020 2611 1203 2678; x_wconf 81' lang='lat' dir='ltr'><strong>docet</strong></span> <span class='ocrx_word' id='word_1_163' title='bbox 1262 2614 1370 2677; x_wconf 79' lang='grc' dir='ltr'><strong><em>νῶϊ</em></strong></span> <span class='ocrx_word' id='word_1_164' title='bbox 1411 2617 1477 2676; x_wconf 90' lang='lat' dir='ltr'><strong>et</strong></span> <span class='ocrx_word' id='word_1_165' title='bbox 1521 2614 1995 2678; x_wconf 81' lang='lat' dir='ltr'><strong>nominativum</strong></span> <span class='ocrx_word' id='word_1_166' title='bbox 2043 2632 2176 2678; x_wconf 86' lang='lat' dir='ltr'><strong>esse</strong></span> <span class='ocrx_word' id='word_1_167' title='bbox 2222 2617 2288 2677; x_wconf 86' lang='lat' dir='ltr'><strong>et</strong></span> <span class='ocrx_word' id='word_1_168' title='bbox 2331 2632 2580 2679; x_wconf 80' lang='lat' dir='ltr'><strong>aecusa—</strong></span> 
     </span>
     <span class='ocr_line' id='line_1_23' title="bbox 199 2715 584 2784; baseline 0.013 -5"><span class='ocrx_word' id='word_1_169' title='bbox 199 2715 430 2782; x_wconf 81' lang='lat' dir='ltr'><strong>tivum.</strong></span> <span class='ocrx_word' id='word_1_170' title='bbox 579 2779 584 2784; x_wconf 87' lang='lat'><strong>.</strong></span> 
     </span>
    </p>

    <p class='ocr_par' dir='ltr' id='par_1_6' title="bbox 200 2818 2576 3228">
     <span class='ocr_line' id='line_1_24' title="bbox 286 2818 2576 2910; baseline -0 -23"><span class='ocrx_word' id='word_1_171' title='bbox 286 2818 710 2887; x_wconf 82' lang='lat' dir='ltr'><strong>Transeamus</strong></span> <span class='ocrx_word' id='word_1_172' title='bbox 768 2823 848 2889; x_wconf 86' lang='lat' dir='ltr'><strong>ad</strong></span> <span class='ocrx_word' id='word_1_173' title='bbox 893 2823 1236 2889; x_wconf 80' lang='lat' dir='ltr'><strong>secundam</strong></span> <span class='ocrx_word' id='word_1_174' title='bbox 1278 2842 1648 2910; x_wconf 85' lang='lat' dir='ltr'><strong>personam:</strong></span> <span class='ocrx_word' id='word_1_175' title='bbox 1711 2827 1880 2905; x_wconf 81' lang='grc' dir='ltr'><strong><em>σφῶϊ</em></strong></span> <span class='ocrx_word' id='word_1_176' title='bbox 1923 2829 1988 2889; x_wconf 81' lang='lat' dir='ltr'><strong>et</strong></span> <span class='ocrx_word' id='word_1_177' title='bbox 2033 2827 2232 2904; x_wconf 80' lang='grc' dir='ltr'><strong><em>σφῶϊν</em></strong></span> <span class='ocrx_word' id='word_1_178' title='bbox 2278 2822 2576 2908; x_wconf 83' lang='lat' dir='ltr'><strong>plurimis</strong></span> 
     </span>
     <span class='ocr_line' id='line_1_25' title="bbox 201 2922 2573 3015; baseline 0.001 -23"><span class='ocrx_word' id='word_1_179' title='bbox 201 2922 351 2992; x_wconf 79' lang='lat' dir='ltr'><strong>locis</strong></span> <span class='ocrx_word' id='word_1_180' title='bbox 409 2928 848 2994; x_wconf 81' lang='lat' dir='ltr'><strong>inveniuntur.</strong></span> <span class='ocrx_word' id='word_1_181' title='bbox 892 2996 901 3008; x_wconf 83' lang='lat'><strong>.</strong></span> <span class='ocrx_word' id='word_1_182' title='bbox 943 2928 1070 2994; x_wconf 88' lang='lat' dir='ltr'><strong>Pro</strong></span> <span class='ocrx_word' id='word_1_183' title='bbox 1131 2933 1305 3012; x_wconf 79' lang='grc' dir='ltr'><strong><em>σφῶϊ</em></strong></span> <span class='ocrx_word' id='word_1_184' title='bbox 1359 2936 1631 3015; x_wconf 87' lang='lat' dir='ltr'><strong>quatuor</strong></span> <span class='ocrx_word' id='word_1_185' title='bbox 1683 2929 1841 2995; x_wconf 81' lang='lat' dir='ltr'><strong>locis</strong></span> <span class='ocrx_word' id='word_1_186' title='bbox 1884 2932 1954 2994; x_wconf 87' lang='lat' dir='ltr'><strong>in</strong></span> <span class='ocrx_word' id='word_1_187' title='bbox 1997 2927 2197 2994; x_wconf 82' lang='lat' dir='ltr'><strong>Iliade</strong></span> <span class='ocrx_word' id='word_1_188' title='bbox 2243 2928 2381 3009; x_wconf 78' lang='grc' dir='ltr'><strong><em>σφώ</em></strong></span> <span class='ocrx_word' id='word_1_189' title='bbox 2430 2932 2573 2994; x_wconf 84' lang='lat' dir='ltr'><strong>seri·</strong></span> 
     </span>
     <span class='ocr_line' id='line_1_26' title="bbox 201 3029 2576 3122; baseline 0.002 -27"><span class='ocrx_word' id='word_1_190' title='bbox 201 3029 404 3111; x_wconf 78' lang='lat' dir='ltr'><strong>bitur,</strong></span> <span class='ocrx_word' id='word_1_191' title='bbox 452 3053 568 3118; x_wconf 89' lang='lat' dir='ltr'><strong>pro</strong></span> <span class='ocrx_word' id='word_1_192' title='bbox 611 3037 813 3116; x_wconf 77' lang='grc' dir='ltr'><strong><em>σφῶϊν</em></strong></span> <span class='ocrx_word' id='word_1_193' title='bbox 857 3055 985 3100; x_wconf 89' lang='lat' dir='ltr'><strong>uno</strong></span> <span class='ocrx_word' id='word_1_194' title='bbox 1029 3033 1168 3100; x_wconf 86' lang='lat' dir='ltr'><strong>loco</strong></span> <span class='ocrx_word' id='word_1_195' title='bbox 1215 3033 1534 3121; x_wconf 83' lang='lat' dir='ltr'><strong>Odysseae</strong></span> <span class='ocrx_word' id='word_1_196' title='bbox 1579 3035 1819 3122; x_wconf 77' lang='lat' dir='ltr'><strong>legitur</strong></span> <span class='ocrx_word' id='word_1_197' title='bbox 1857 3040 2029 3117; x_wconf 84' lang='grc' dir='ltr'><strong><em>σφῶν</em></strong></span> <span class='ocrx_word' id='word_1_198' title='bbox 2065 3055 2145 3099; x_wconf 84' lang='lat' dir='ltr'><strong>an</strong></span> <span class='ocrx_word' id='word_1_199' title='bbox 2182 3035 2377 3117; x_wconf 76' lang='grc' dir='ltr'><strong><em>σφῷν,</em></strong></span> <span class='ocrx_word' id='word_1_200' title='bbox 2425 3053 2576 3099; x_wconf 86' lang='lat' dir='ltr'><strong>nam</strong></span> 
     </span>
     <span class='ocr_line' id='line_1_27' title="bbox 200 3131 2569 3228; baseline 0 -26"><span class='ocrx_word' id='word_1_201' title='bbox 200 3131 621 3205; x_wconf 77' lang='lat' dir='ltr'><strong>Grammatici</strong></span> <span class='ocrx_word' id='word_1_202' title='bbox 686 3146 948 3206; x_wconf 80' lang='lat' dir='ltr'><strong>certant.</strong></span> <span class='ocrx_word' id='word_1_203' title='bbox 1044 3137 1382 3227; x_wconf 88' lang='lat' dir='ltr'><strong>Optimum</strong></span> <span class='ocrx_word' id='word_1_204' title='bbox 1450 3147 1548 3207; x_wconf 88' lang='lat' dir='ltr'><strong>est</strong></span> <span class='ocrx_word' id='word_1_205' title='bbox 1606 3144 1777 3227; x_wconf 89' lang='lat' dir='ltr'><strong>ipsos</strong></span> <span class='ocrx_word' id='word_1_206' title='bbox 1838 3161 2165 3228; x_wconf 87' lang='lat' dir='ltr'><strong>apponere.</strong></span> <span class='ocrx_word' id='word_1_207' title='bbox 2259 3137 2441 3206; x_wconf 85' lang='lat' dir='ltr'><strong>Iliad.</strong></span> <span class='ocrx_word' id='word_1_208' title='bbox 2491 3149 2569 3203; x_wconf 88' lang='lat' dir='ltr'><strong>A.</strong></span> 
     </span>
    </p>
   </div>
   <div class='ocr_carea' id='block_1_3' title="bbox 215 3333 2576 4498">
    <p class='ocr_par' dir='ltr' id='par_1_7' title="bbox 215 3333 2576 4498">
     <span class='ocr_line' id='line_1_28' title="bbox 652 3333 2108 3433; baseline 0.002 -18"><span class='ocrx_word' id='word_1_209' title='bbox 652 3353 702 3416; x_wconf 82' lang='grc' dir='ltr'><strong><em>εἰ</em></strong></span> <span class='ocrx_word' id='word_1_210' title='bbox 749 3351 820 3425; x_wconf 70' lang='grc' dir='ltr'><strong>δὴ</strong></span> <span class='ocrx_word' id='word_1_211' title='bbox 869 3354 1034 3433; x_wconf 80' lang='grc' dir='ltr'><strong><em>σφὼ</em></strong></span> <span class='ocrx_word' id='word_1_212' title='bbox 1060 3333 1259 3416; x_wconf 37' lang='grc' dir='ltr'><strong><em>’ἕνεκα</em></strong></span> <span class='ocrx_word' id='word_1_213' title='bbox 1306 3353 1527 3426; x_wconf 77' lang='grc' dir='ltr'><strong><em>θνητῶν</em></strong></span> <span class='ocrx_word' id='word_1_214' title='bbox 1573 3352 1926 3432; x_wconf 73' lang='grc' dir='ltr'><strong><em>ἐριδαίνετον</em></strong></span> <span class='ocrx_word' id='word_1_215' title='bbox 1971 3349 2108 3420; x_wconf 80' lang='grc' dir='ltr'><strong><em>ὦδε.</em></strong></span> 
     </span>
     <span class='ocr_line' id='line_1_29' title="bbox 286 3452 797 3524; baseline 0.002 -2"><span class='ocrx_word' id='word_1_216' title='bbox 286 3452 468 3522; x_wconf 71' lang='lat' dir='ltr'><strong>Iliad.</strong></span> <span class='ocrx_word' id='word_1_217' title='bbox 508 3465 590 3522; x_wconf 84' lang='lat' dir='ltr'><strong>A.</strong></span> <span class='ocrx_word' id='word_1_218' title='bbox 640 3452 797 3524; x_wconf 86' lang='grc'><strong>782.</strong></span> 
     </span>
     <span class='ocr_line' id='line_1_30' title="bbox 970 3562 1800 3644; baseline 0.004 -17"><span class='ocrx_word' id='word_1_219' title='bbox 970 3567 1133 3644; x_wconf 65' lang='grc' dir='ltr'><strong><em>σφὼ</em></strong></span> <span class='ocrx_word' id='word_1_220' title='bbox 1181 3562 1243 3627; x_wconf 77' lang='grc' dir='ltr'><strong>δὲ</strong></span> <span class='ocrx_word' id='word_1_221' title='bbox 1290 3562 1449 3639; x_wconf 82' lang='grc' dir='ltr'><strong>μάλ’</strong></span> <span class='ocrx_word' id='word_1_222' title='bbox 1498 3563 1800 3639; x_wconf 79' lang='grc' dir='ltr'><strong><em>ἠθέλετον.</em></strong></span> 
     </span>
     <span class='ocr_line' id='line_1_31' title="bbox 288 3663 756 3740; baseline 0.002 -9"><span class='ocrx_word' id='word_1_223' title='bbox 288 3663 468 3733; x_wconf 78' lang='lat' dir='ltr'><strong>Iliad.</strong></span> <span class='ocrx_word' id='word_1_224' title='bbox 516 3673 599 3734; x_wconf 77' lang='lat' dir='ltr'><strong>N.</strong></span> <span class='ocrx_word' id='word_1_225' title='bbox 640 3665 756 3740; x_wconf 80' lang='lat'><strong>47.</strong></span> 
     </span>
     <span class='ocr_line' id='line_1_32' title="bbox 558 3772 2176 3856; baseline 0.001 -18"><span class='ocrx_word' id='word_1_226' title='bbox 558 3772 823 3851; x_wconf 78' lang='grc' dir='ltr'><strong><em>Αἴαντε,</em></strong></span> <span class='ocrx_word' id='word_1_227' title='bbox 874 3778 1041 3856; x_wconf 81' lang='grc' dir='ltr'><strong><em>σφὼ</em></strong></span> <span class='ocrx_word' id='word_1_228' title='bbox 1087 3775 1202 3852; x_wconf 76' lang='grc' dir='ltr'><strong><em>μέν</em></strong></span> <span class='ocrx_word' id='word_1_229' title='bbox 1243 3799 1311 3838; x_wconf 89' lang='grc' dir='ltr'><strong>τε</strong></span> <span class='ocrx_word' id='word_1_230' title='bbox 1360 3777 1634 3839; x_wconf 83' lang='grc' dir='ltr'><strong><em>σαώσετε</em></strong></span> <span class='ocrx_word' id='word_1_231' title='bbox 1681 3776 1831 3840; x_wconf 82' lang='grc' dir='ltr'><strong><em>λαὸν</em></strong></span> <span class='ocrx_word' id='word_1_232' title='bbox 1879 3777 2176 3855; x_wconf 82' lang='grc' dir='ltr'><strong><em>’Λχαιῶν.</em></strong></span> 
     </span>
     <span class='ocr_line' id='line_1_33' title="bbox 290 3874 808 3944; baseline 0.004 -2"><span class='ocrx_word' id='word_1_233' title='bbox 290 3874 469 3943; x_wconf 82' lang='lat' dir='ltr'><strong>Iliad.</strong></span> <span class='ocrx_word' id='word_1_234' title='bbox 521 3887 602 3943; x_wconf 93' lang='grc' dir='ltr'><strong>Ο.</strong></span> <span class='ocrx_word' id='word_1_235' title='bbox 658 3878 808 3944; x_wconf 88' lang='grc'><strong>146.</strong></span> 
     </span>
     <span class='ocr_line' id='line_1_34' title="bbox 438 3970 2233 4066; baseline 0 -15"><span class='ocrx_word' id='word_1_236' title='bbox 438 3983 626 4056; x_wconf 77' lang='grc' dir='ltr'><strong><em>·Ζεὺς</em></strong></span> <span class='ocrx_word' id='word_1_237' title='bbox 671 3988 843 4064; x_wconf 80' lang='grc' dir='ltr'><strong><em>σφὼ</em></strong></span> <span class='ocrx_word' id='word_1_238' title='bbox 890 3987 976 4058; x_wconf 74' lang='grc' dir='ltr'><strong><em>εἰς</em></strong></span> <span class='ocrx_word' id='word_1_239' title='bbox 1017 3970 1185 4059; x_wconf 54' lang='grc' dir='ltr'><strong><em>’ἶΙδην</em></strong></span> <span class='ocrx_word' id='word_1_240' title='bbox 1232 3985 1438 4050; x_wconf 81' lang='grc' dir='ltr'><strong><em>κέλετ’</em></strong></span> <span class='ocrx_word' id='word_1_241' title='bbox 1484 3985 1738 4064; x_wconf 79' lang='grc' dir='ltr'><strong><em>ἐλθέμεν</em></strong></span> <span class='ocrx_word' id='word_1_242' title='bbox 1785 3983 1915 4052; x_wconf 73' lang='grc' dir='ltr'><strong><em>ὅττι</em></strong></span> <span class='ocrx_word' id='word_1_243' title='bbox 1964 3987 2233 4066; x_wconf 74' lang='grc' dir='ltr'><strong><em>τάχιςα.</em></strong></span> 
     </span>
     <span class='ocr_line' id='line_1_35' title="bbox 294 4089 1915 4178; baseline 0.002 -26"><span class='ocrx_word' id='word_1_244' title='bbox 294 4092 479 4170; x_wconf 80' lang='grc' dir='ltr'><strong><em>Σφῶν</em></strong></span> <span class='ocrx_word' id='word_1_245' title='bbox 521 4096 631 4171; x_wconf 90' lang='lat' dir='ltr'><strong>(an</strong></span> <span class='ocrx_word' id='word_1_246' title='bbox 675 4092 877 4174; x_wconf 75' lang='grc' dir='ltr'><strong><em>σφῷν)</em></strong></span> <span class='ocrx_word' id='word_1_247' title='bbox 927 4093 1241 4178; x_wconf 88' lang='lat' dir='ltr'><strong>reperitur</strong></span> <span class='ocrx_word' id='word_1_248' title='bbox 1286 4094 1355 4156; x_wconf 90' lang='lat' dir='ltr'><strong>in</strong></span> <span class='ocrx_word' id='word_1_249' title='bbox 1399 4089 1627 4177; x_wconf 80' lang='lat' dir='ltr'><strong>Odyss.</strong></span> <span class='ocrx_word' id='word_1_250' title='bbox 1679 4102 1757 4156; x_wconf 91' lang='grc' dir='ltr'><strong>Δ.</strong></span> <span class='ocrx_word' id='word_1_251' title='bbox 1808 4089 1915 4156; x_wconf 88' lang='grc'><strong>62.</strong></span> 
     </span>
     <span class='ocr_line' id='line_1_36' title="bbox 627 4193 2074 4277; baseline 0.001 -16"><span class='ocrx_word' id='word_1_252' title='bbox 627 4198 694 4263; x_wconf 81' lang='grc' dir='ltr'><strong>οὐ</strong></span> <span class='ocrx_word' id='word_1_253' title='bbox 741 4200 868 4277; x_wconf 73' lang='grc' dir='ltr'><strong>γάρ</strong></span> <span class='ocrx_word' id='word_1_254' title='bbox 912 4198 1089 4274; x_wconf 77' lang='grc' dir='ltr'><strong><em>σφῶν</em></strong></span> <span class='ocrx_word' id='word_1_255' title='bbox 1134 4220 1213 4274; x_wconf 74' lang='grc' dir='ltr'><strong><em>γε</em></strong></span> <span class='ocrx_word' id='word_1_256' title='bbox 1262 4196 1435 4275; x_wconf 76' lang='grc' dir='ltr'><strong><em>γένος</em></strong></span> <span class='ocrx_word' id='word_1_257' title='bbox 1485 4193 1778 4260; x_wconf 79' lang='grc' dir='ltr'><strong><em>ἀπόλωλε</em></strong></span> <span class='ocrx_word' id='word_1_258' title='bbox 1827 4199 2074 4273; x_wconf 77' lang='grc' dir='ltr'><strong><em>τοκήων.</em></strong></span> 
     </span>
     <span class='ocr_line' id='line_1_37' title="bbox 215 4294 2576 4390; baseline 0.001 -26"><span class='ocrx_word' id='word_1_259' title='bbox 215 4294 289 4364; x_wconf 64' lang='lat' dir='ltr'><strong>ad</strong></span> <span class='ocrx_word' id='word_1_260' title='bbox 341 4318 555 4368; x_wconf 85' lang='lat' dir='ltr'><strong>omnes</strong></span> <span class='ocrx_word' id='word_1_261' title='bbox 614 4305 684 4368; x_wconf 91' lang='lat' dir='ltr'><strong>in</strong></span> <span class='ocrx_word' id='word_1_262' title='bbox 744 4302 943 4369; x_wconf 84' lang='lat' dir='ltr'><strong>Iliade</strong></span> <span class='ocrx_word' id='word_1_263' title='bbox 1003 4302 1174 4368; x_wconf 82' lang='lat' dir='ltr'><strong>locos</strong></span> <span class='ocrx_word' id='word_1_264' title='bbox 1232 4309 1400 4367; x_wconf 78' lang='lat' dir='ltr'><strong>tacet</strong></span> <span class='ocrx_word' id='word_1_265' title='bbox 1446 4305 1858 4368; x_wconf 73' lang='lat' dir='ltr'><strong>Aristonicus.</strong></span> <span class='ocrx_word' id='word_1_266' title='bbox 1953 4302 2173 4390; x_wconf 79' lang='lat' dir='ltr'><strong>Itaque</strong></span> <span class='ocrx_word' id='word_1_267' title='bbox 2217 4303 2576 4368; x_wconf 84' lang='lat' dir='ltr'><strong>delabimur</strong></span> 
     </span>
     <span class='ocr_line' id='line_1_38' title="bbox 218 4400 2568 4498; baseline 0.002 -31"><span class='ocrx_word' id='word_1_268' title='bbox 218 4400 291 4467; x_wconf 83' lang='lat' dir='ltr'><strong>ad</strong></span> <span class='ocrx_word' id='word_1_269' title='bbox 327 4402 673 4476; x_wconf 83' lang='lat' dir='ltr'><strong>Herodiani</strong></span> <span class='ocrx_word' id='word_1_270' title='bbox 720 4445 803 4457; x_wconf 92' lang='lat'>—</span> <span class='ocrx_word' id='word_1_271' title='bbox 853 4408 1065 4475; x_wconf 77' lang='lat' dir='ltr'><strong>dicam</strong></span> <span class='ocrx_word' id='word_1_272' title='bbox 1110 4407 1307 4474; x_wconf 86' lang='lat' dir='ltr'><strong>libere</strong></span> <span class='ocrx_word' id='word_1_273' title='bbox 1353 4409 1521 4493; x_wconf 89' lang='lat' dir='ltr'><strong>quod</strong></span> <span class='ocrx_word' id='word_1_274' title='bbox 1564 4411 1766 4473; x_wconf 78' lang='lat' dir='ltr'><strong>sentio</strong></span> <span class='ocrx_word' id='word_1_275' title='bbox 1810 4446 1894 4459; x_wconf 92' lang='lat'><strong>--</strong></span> <span class='ocrx_word' id='word_1_276' title='bbox 1942 4413 2245 4498; x_wconf 79' lang='lat' dir='ltr'><strong>argutias.</strong></span> <span class='ocrx_word' id='word_1_277' title='bbox 2341 4408 2442 4473; x_wconf 89' lang='lat' dir='ltr'><strong>Ad</strong></span> <span class='ocrx_word' id='word_1_278' title='bbox 2491 4419 2568 4471; x_wconf 83' lang='lat' dir='ltr'><strong>A.</strong></span> 
     </span>
    </p>
   </div>
  </div>
 </body>
</html>
