2934 5050
391 288 521 353 126
1372 302 1776 351 anscausus

388 472 736 559 magister,
799 473 912 560 qni
988 492 1064 539 ea
1113 472 1181 538 in
1250 470 1513 539 brevius
1557 470 1916 548 contraxit,
1986 488 2192 557 pauca
2241 466 2420 535 dedit
2460 463 2742 532 mendose

385 580 626 667 scripta
673 587 739 646 et
787 578 1099 647 festinans
1140 577 1393 645 addidit
1441 578 1546 644 καὶ
1592 576 1773 644 ἄλλα
1817 577 2030 644 πολλὰ
2071 578 2217 643 κατ’
2252 576 2446 641 αὐτοῦ
2483 571 2741 654 ἔγραψεν

387 686 447 751 ἐν
493 685 654 768 svm
700 694 947 767 χαλκῇ.

482 790 789 857 Videmus
834 809 976 856 esse
1041 788 1293 856 tabulas
1336 809 1413 856 ex
1479 809 1673 868 aere,
1725 790 1789 855 in
1838 788 2075 875 quibus
2125 787 2566 855 damnationes
2613 801 2744 849 reo-

390 916 536 963 rum
585 895 737 960 olim
780 893 1328 981 insculpebantur.
1406 893 1703 961 Vidimus
1737 895 1933 972 ςῆλην
1968 902 2222 977 χαλκῆν
2258 893 2326 958 in
2369 887 2746 975 Antiphonte

385 1009 450 1068 et
502 999 1027 1086 Archeptolemo‚
1078 999 1371 1066 videmus
1417 1001 1484 1065 in
1539 999 1937 1089 Phrynicho,
1989 1000 2180 1066 tertia
2227 1007 2327 1065 est
2376 999 2440 1062 in
2490 995 2743 1081 Diagora

391 1105 576 1173 Helio
621 1105 791 1192 apud
841 1103 1235 1190 Scholiaslen
1304 1104 1754 1192 Aristophanis
1813 1105 1895 1173 ad
1958 1106 2121 1171 Aves
2172 1109 2368 1173 1075.
2419 1100 2746 1171 Μελάνθιος

391 1213 454 1279 ἐν
515 1213 599 1293 τῷ
664 1212 798 1291 περὶ
847 1212 1172 1293 Μυςηρίων
1219 1210 1589 1293 προφέρεται
1644 1220 1755 1288 τῆς
1802 1219 2056 1293 χαλκῆς
2096 1211 2290 1287 ςῆλης
2334 1211 2746 1290 ἀντίγραφον,

392 1317 455 1383 ἐν
503 1313 542 1398 ᾖ
587 1314 962 1396 ἐπεκήρυξαν
1009 1317 1118 1408 (τῷ
1167 1315 1480 1404 Διαγόρα)
1527 1319 1660 1383 xri.

479 1421 784 1487 Craterus
828 1420 982 1488 dum
1031 1442 1250 1489 rerum
1292 1422 1653 1490 Atticarum
1706 1422 2001 1489 notitiam
2051 1440 2130 1488 ex
2191 1419 2390 1488 variis
2438 1416 2752 1504 scriptori·

336 1517 358 1538 ⁸
394 1524 512 1592 bus
555 1523 775 1591 sedulo
838 1525 1082 1612 colligit
1137 1537 1202 1594 et
1251 1530 1387 1613 ipsa
1436 1529 1838 1611 ψηφίσματα
1886 1546 2212 1614 apponens
2262 1524 2586 1600 illustrat,
2624 1521 2752 1588 fieri

393 1650 517 1696 non
564 1637 774 1717 potest
817 1631 973 1716 quin
1023 1630 1376 1718 plurimum
1425 1652 1656 1720 operae
1703 1633 1768 1698 in
1819 1634 2027 1720 poetis
2073 1631 2349 1698 Comicis
2397 1626 2754 1696 lectitandis

390 1744 457 1802 et
504 1736 567 1802 in
618 1755 752 1801 rem
804 1756 984 1810 suam
1035 1737 1456 1823 excerpendis
1505 1738 1813 1824 posuerit.
1915 1738 2124 1804 Huius
2165 1738 2257 1803 rei
2302 1756 2477 1802 nunc
2513 1735 2754 1800 unicum

395 1840 705 1906 indicium
749 1850 1041 1927 superest
1092 1843 1154 1907 in
1197 1842 1361 1909 male
1402 1842 1684 1910 mulcato
1724 1841 1979 1909 Scholio
2021 1841 2098 1907 ad
2145 1842 2607 1931 Lysistratam,
2653 1835 2757 1905 sed

397 1947 554 2014 mihi
620 1945 876 2033 quidem
941 1967 1126 2034 saepe
1188 1948 1473 2035 suspicio
1534 1950 1824 2014 animum
1879 1948 2078 2014 subiit
2129 1948 2331 2013 multa
2379 1947 2551 2033 apud
2623 1943 2758 2010 Plu·

392 2049 691 2118 tarchum
739 2051 1142 2117 Comicorum
1195 2062 1484 2120 veterum
1535 2055 1904 2124 testimonia
1953 2073 2081 2119 non
2119 2074 2196 2120 ex
2251 2054 2540 2139 ipsorum
2589 2049 2756 2117 sahu-

392 2156 472 2224 lis
518 2178 556 2223 a
603 2178 672 2223 se
720 2156 904 2223 lectis
944 2159 1139 2242 petita
1181 2156 1292 2225 sed
1330 2168 1395 2225 et
1434 2157 1582 2226 aliis
1618 2168 1682 2225 et
1722 2160 1983 2239 Cratero
2016 2159 2302 2226 sublecta
2346 2157 2755 2224 Plutarchum

395 2263 768 2349 protulisse,
835 2263 946 2346 qui
1010 2270 1070 2327 et
1144 2261 1634 2351 Aristophanem
1690 2263 1912 2331 oderat
1958 2273 2023 2330 et
2069 2263 2348 2350 reliquos
2395 2270 2616 2349 poetas
2651 2261 2759 2327 eo-

398 2366 689 2433 moediac
753 2367 990 2432 veteris
1050 2386 1275 2434 omues
1325 2370 1662 2451 ἀνθρώπους
1712 2372 2068 2452 σατυρικοὺς
2115 2378 2241 2444 τοῖς
2286 2369 2446 2448 βίοις
2496 2369 2602 2435 καὶ
2648 2367 2757 2439 τὰς

393 2473 567 2539 κατὰ
611 2478 729 2539 τῶν
773 2470 1121 2554 κρειττόνων
1178 2473 1610 2557 βλασφημίας
1673 2472 1871 2557 ὥσπερ
1927 2476 2166 2556 δαίμονι
2220 2475 2390 2556 κακῷ
2437 2475 2525 2554 τῷ
2575 2473 2760 2557 Φθόνῳ
2889 2534 2890 2545 ,

394 2586 510 2646 τῶν
547 2584 792 2646 πολλῶν
837 2579 1213 2655 ἀποθύοντας
1263 2580 1562 2661 ἑκάς-ατε,
1609 2589 1682 2651 ut
1728 2581 1957 2647 scribit
2018 2583 2084 2647 in
2137 2583 2266 2647 vita
2316 2578 2588 2661 Periclis
2635 2599 2756 2667 cap.

403 2691 505 2750 13.
555 2683 637 2750 cs.
695 2683 963 2761 Quaem.
1013 2686 1253 2753 σοιιυίυ.
1310 2686 1449 2761 vu.
1500 2692 1562 2753 8.
1612 2707 1675 2773 p.
1727 2690 1881 2753 712.
1932 2698 2010 2753 A.

487 2790 710 2856 Finem
756 2788 984 2856 faciam
1051 2793 1113 2857 ἒν
1169 2799 1298 2865 τοῖς
1343 2797 1451 2859 τοῦ
1498 2793 1830 2873 Ἀριςείδου
1892 2794 2305 2876 ψηφίσμασι,
2369 2811 2539 2879 quae
2600 2787 2769 2878 apud

400 2894 818 2962 Plutarchum
869 2893 1168 2962 feruntur
1215 2898 1280 2963 in
1332 2898 1461 2963 vita
1515 2897 1822 2964 Aristidis
1868 2919 2008 2983 cap.
2055 2903 2130 2965 21
2187 2906 2251 2965 et
2300 2901 2410 2964 22.
2462 2896 2771 2963 Memora·
2889 2904 2890 2939 ³

396 3001 521 3069 bile
570 3003 890 3088 imprimis
933 3009 1030 3068 est
1078 3000 1245 3088 quod
1294 3022 1436 3088 cap.
1493 3008 1570 3066 21
1627 3002 1899 3089 legitur:
1949 3002 2223 3084 ἔγραψεν
2269 3004 2607 3083 ’Λριςείδης
2654 3004 2770 3084 deni·
2889 3026 2890 3033 ¹

396 3114 612 3191 Φισμα
657 3108 919 3175 συνιέναι
979 3108 1094 3187 μὲν
1156 3108 1242 3181 εἷς
1309 3109 1647 3181 Πλαταιὰς
1694 3112 1831 3177 καθ’
1880 3107 2097 3179 ἔκαε-ον
2145 3109 2418 3177 ἐνιαυτὸν
2461 3110 2604 3181 τοὺς
2650 3108 2774 3175 ἀπὸ
2889 3182 2890 3197 ¹

396 3222 508 3288 τῆς
554 3213 855 3286 Ἑλλάδος
918 3212 1289 3293 προβούλους
1352 3215 1456 3278 καὶ
1522 3214 1765 3294 θεωρούς
1790 3265 1808 3293 ,
1874 3212 2141 3294 ἄγεσθαι
2198 3216 2261 3281 δὲ
2307 3215 2777 3296 πενταετηρικὸν

398 3320 615 3396 ἀγῶνα
662 3325 779 3383 τῶν
836 3318 1256 3398 Ἐλευθερίων.
1322 3314 1480 3384 εἶναι
1543 3320 1606 3385 δὲ
1652 3319 1941 3397 σύνταξιν
1985 3321 2348 3398 Ἑλληνικὴν
2391 3321 2616 3400 μυρίας
2666 3320 2777 3399 μὲν

398 3424 672 3497 ἀσπίδας
694 3473 713 3499 ,
780 3423 1023 3502 χιλίους
1088 3422 1150 3488 δὲ
1209 3420 1431 3497 ἵππους
1454 3473 1473 3501 ,
1540 3430 1685 3499 ναῦς
1750 3427 1802 3492 δ’
1866 3426 2088 3492 ἑκατὸν
2147 3426 2248 3492 ἐπὶ
2295 3426 2400 3493 τὸν
2446 3425 2592 3506 πρὸς
2638 3426 2776 3497 τοὺς

395 3528 750 3609 βαρβάρους
798 3526 1069 3619 πόλεμον
1089 3577 1108 3607 ,
1157 3538 1504 3603 Πλαταιεῖς
1552 3530 1614 3596 δὲ
1659 3530 1927 3604 ἀσύλους
1972 3531 2077 3596 καὶ
2127 3533 2316 3614 ἱεροὺς
2361 3532 2666 3612 ἀφεῖσθαι
2692 3531 2774 3610 τῷ
2889 3614 2890 3617 ¹

397 3636 506 3717 θεῷ
550 3637 801 3709 θύοντας
851 3634 998 3713 ὑπὲρ
1044 3643 1154 3709 τῆς
1202 3634 1531 3707 Ἑλλάδος.
1626 3634 1939 3717 Quoniam
2013 3636 2440 3714 Plutarchus,
2505 3645 2582 3702 ut
2630 3653 2776 3701 mox

399 3739 771 3819 ostendam,
846 3741 982 3824 ipsa
1052 3738 1355 3806 Aristidis
1423 3741 1827 3823 ψηφίσματα
1876 3741 2148 3809 habebat
2196 3742 2275 3808 oh
2339 3742 2606 3820 oculos,
2673 3739 2776 3807 illa

401 3864 656 3931 quoque
706 3843 896 3911 verba
945 3844 1093 3912 inde
1139 3853 1355 3911 sumta
1401 3864 1543 3911 esse
1593 3844 1762 3912 haud
1815 3844 2258 3934 improbabilis
2305 3846 2595 3932 suspicio
2642 3852 2776 3921 est,

402 3969 529 4038 quo
592 3948 920 4031 lubentius
988 3949 1220 4017 menda
1294 3950 1594 4016 nonnulla
1666 3971 1743 4018 ex
1820 3952 1936 4031 iis,
2011 3972 2176 4038 quae
2242 3951 2525 4022 αττικιςί
2592 3958 2780 4019 erant

400 4056 643 4142 scripta
671 4105 688 4134 ,
756 4054 1070 4122 eluemus.
1171 4056 1291 4121 Pro
1352 4057 1825 4138 πενταετηρικόν
1890 4077 2126 4143 repone
2191 4057 2656 4139 πεντετηρικθν,
2717 4063 2781 4124 et

398 4163 743 4239 Inar-atie„
810 4180 928 4247 pro
986 4168 1333 4234 Πλαταιεῖς
1393 4170 1458 4227 et
1523 4162 1814 4238 θύσοντας
1876 4182 1992 4250 pro
2037 4163 2310 4238 θύοντας.
2406 4160 2777 4229 mendosum

400 4276 501 4333 est
545 4266 741 4331 etiam
789 4266 1032 4348 χιλίους
1082 4265 1144 4333 δὲ
1191 4265 1456 4346 ἵππους,
1508 4268 1655 4353 quis
1702 4269 1873 4335 enim
1916 4270 1980 4335 in
2037 4269 2149 4335 tali
2197 4288 2269 4334 re
2310 4286 2423 4354 pro
2471 4268 2780 4355 equitibus

397 4372 690 4443 nominat
734 4373 967 4461 equos?
1063 4371 1379 4447 Aristides
1439 4374 1780 4462 scripsisse
1842 4371 2101 4443 videtur
2145 4375 2441 4457 μυρίαν
2488 4375 2607 4454 μὲν
2650 4375 2779 4440 ασ-
