2934 5050
344 286 376 344 1
391 282 473 345 46
1134 297 1612 348 omuuons
1657 296 1930 345 catrtcu

438 468 635 533 Pauci
682 467 943 533 omnino
992 466 1179 534 bodie
1216 477 1413 547 sunt,
1455 467 1568 552 qui
1614 465 1783 532 scire
1815 471 2085 540 curent,
2125 459 2282 547 quid
2307 459 2455 526 olim
2480 458 2730 524 Erotici

350 571 755 656 scripserint.
854 572 1261 659 Exemplaria
1324 575 1570 639 Graeca
1612 572 1854 636 nostris
1885 567 2259 633 hominibus
2294 561 2739 631 commendari

352 674 561 741 solent
605 675 683 740 ob
731 676 1124 762 singularem
1196 679 1696 766 praestantiam,
1745 695 1940 762 quam
1988 672 2297 738 admirari
2348 687 2734 758 possumuS,

350 781 606 866 assequi
683 801 870 846 nemo
928 784 1208 868 poterit,
1274 783 1387 849 sed
1450 782 1532 847 ab
1601 785 1723 847 ista
1787 777 1976 845 laude
2040 776 2321 844 Achilles
2382 775 2613 841 Tatius
2677 779 2741 837 et
2869 825 2870 828 ,

353 884 615 970 Longus
656 894 729 950 et
772 884 1002 971 reliqui
1054 888 1467 952 remotissimi
1517 896 1694 952 sunt.
1795 885 1868 951 ln
1919 884 2037 950 boc
2086 883 2456 969 scriptionis
2500 897 2744 966 genere
2869 937 2870 952 ,

354 988 542 1075 longe
588 989 900 1077 longeque
965 1003 1212 1058 veteres
1272 1010 1658 1077 superamus
1719 1000 1787 1056 et.
1845 991 2110 1055 miseret
2160 1007 2273 1053 nos
2318 985 2595 1053 Graecos
2641 984 2745 1050 vi·

355 1093 509 1160 dere
559 1105 689 1160 tam
741 1093 963 1180 putide
1009 1094 1381 1161 delirantes.
1478 1095 1730 1163 Ceteris
1777 1104 1993 1161 tamen
2043 1092 2343 1158 omnibus
2404 1111 2544 1158 meo
2595 1090 2747 1176 qui·

358 1198 503 1265 dem
548 1198 796 1284 judicio
844 1210 1128 1287 praestat
1178 1200 1598 1279 Heliodorus,
1647 1201 1761 1287 qui
1809 1199 1959 1265 licet
2012 1219 2134 1264 non
2182 1197 2460 1263 multum
2509 1193 2747 1261 babeat

361 1305 596 1369 virium
649 1323 765 1369 nec
814 1307 973 1369 satis
1021 1326 1181 1392 pure
1227 1306 1513 1373 scribere
1559 1304 1905 1384 didicerit,
1955 1324 2073 1369 nec
2113 1303 2582 1369 sententiarum
2624 1300 2750 1366 ele-

361 1408 582 1493 gantia
644 1418 710 1474 et
773 1412 1071 1476 acumine
1127 1411 1518 1498 conspicuus
1563 1413 1690 1489 sit,
1742 1413 2027 1497 primum
2080 1406 2238 1474 nibil
2289 1405 2520 1484 babet,
2571 1401 2749 1491 quod

364 1520 575 1578 castas
621 1515 947 1580 auriculas
984 1514 1305 1582 offendere
1352 1517 1578 1603 possit.
1678 1516 1840 1580 Hinc
1890 1533 2059 1580 unus
2108 1514 2278 1578 inter
2323 1531 2547 1577 omnes
2591 1508 2749 1575 olim
2869 1541 2870 1546 κ

367 1616 447 1682 ab
494 1617 995 1704 elegantioribus
1043 1619 1448 1698 bominibus,
1500 1621 1566 1685 in
1616 1619 1817 1685 Gallia
1864 1619 2286 1705 praesertim,
2330 1613 2753 1682 lectitabatur
2869 1659 2870 1662 ,

368 1732 433 1788 et
495 1722 617 1789 suit
678 1722 1025 1809 aliquando
1091 1734 1382 1811 tempus,
1448 1744 1652 1811 quum
1720 1724 1888 1789 inter
1953 1724 2277 1809 principes
2330 1730 2395 1788 et
2440 1719 2756 1785 classicos

369 1830 719 1914 scriptores
764 1837 1244 1900 recenseretur.
1292 1830 1405 1916 qui
1456 1850 1628 1894 nunc
1670 1848 1819 1894 cuni
1874 1828 2116 1893 infimis
2155 1825 2414 1893 sordere
2464 1823 2751 1890 videtur.

372 1934 709 2001 Praeterea
755 1933 835 1998 ob
882 1953 1101 1999 rerum
1150 1954 1309 2019 quas
1360 1944 1580 1999 narrat
1632 1935 2007 1999 varietatem
2055 1941 2122 1998 et
2166 1930 2558 2018 probabilem
2629 1928 2756 1994 dis-

372 2040 753 2123 positionem
805 2058 931 2103 non
984 2038 1292 2104 mediocri
1338 2036 1527 2104 laude
1567 2037 1805 2123 dignus
1851 2046 1992 2115 est,
2035 2038 2091 2102 si
2139 2046 2558 2122 comparatur
2601 2053 2754 2101 cum

372 2140 720 2208 Eumatbio
781 2151 845 2208 et
912 2142 1241 2210 Theodoro
1302 2143 1652 2209 Prodromo
1721 2150 1788 2208 et.
1858 2140 2082 2207 Niceta
2152 2141 2568 2226 Eugeniano,
2643 2137 2752 2226 qui

376 2255 507 2311 tam
557 2246 816 2312 aniliter
860 2246 1186 2334 desipiunt
1229 2256 1301 2312 ut
1343 2245 1720 2312 Heliodorus
1759 2246 1946 2331 juxta
1998 2249 2245 2334 positus
2295 2246 2451 2331 ipsis
2478 2245 2752 2309 Athenis

378 2351 609 2416 Atticis
654 2352 891 2418 vixisse
936 2361 1001 2417 et
1045 2354 1380 2438 scripsisse
1430 2351 1749 2419 videatur.
1848 2352 1941 2418 Ab
1996 2352 2115 2418 hoc
2161 2353 2366 2436 igitur
2414 2349 2750 2418 Heliodoro

380 2456 610 2523 faciam
660 2458 956 2538 initium,
1001 2458 1230 2525 deinde
1268 2460 1554 2547 exceptis
1592 2460 1920 2547 pessimiS,
1973 2460 2038 2522 in
2086 2457 2322 2544 quibus
2369 2471 2755 2541 cognoscen-

380 2560 523 2641 dis,
572 2563 810 2641 fateor,
861 2565 1142 2631 taedium
1192 2565 1501 2631 devorare
1549 2584 1672 2630 non
1724 2565 1942 2651 potui,
1991 2563 2272 2649 reliquos
2305 2563 2544 2628 ceteris
2573 2558 2760 2648 paulo

381 2668 676 2735 meliores
737 2689 1158 2756 percurram,
1205 2679 1545 2756 postquam
1597 2669 1675 2735 de
1725 2669 2061 2736 Heliodoro
2107 2668 2594 2735 observationes
2641 2665 2761 2732 lec-

379 2773 630 2839 toribus
679 2795 803 2839 non
850 2775 1255 2861 displicuisse
1305 2774 1697 2840 intellexero.

472 2878 793 2945 Heliodori
867 2878 1275 2966 Aethiopica,
1340 2879 1579 2965 quihus
1622 2880 2039 2946 continentur
2082 2898 2336 2945 amores
2397 2876 2761 2965 Theogenis

386 2991 450 3049 et
497 2983 905 3061 Charicleae,
948 2983 1151 3050 divisa
1192 2994 1343 3050 sunt
1392 2988 1455 3048 in
1505 2982 1705 3049 libros
1750 2982 2009 3062 decem,
2057 2982 2137 3049 ad
2187 3004 2464 3070 quorum
2511 2984 2758 3050 calcem

383 3086 624 3172 legitur
671 3090 797 3154 sic:
861 3097 918 3153 T
923 3089 1102 3155 οΙονδε
1149 3090 1339 3170 πέρας
1386 3088 1540 3170 ἔσχε
1585 3089 1657 3155 τὸ
1703 3090 2051 3168 σύνταγμα
2090 3096 2209 3154 τῶν
2252 3089 2382 3170 περὶ
2435 3088 2758 3170 Θεαγένην

385 3195 491 3260 καὶ
534 3194 930 3275 Χαρίκλειαν·
970 3191 1000 3259 ὃ
1039 3193 1556 3276 συνέταξενόἓνῆρ
1598 3194 1799 3271 Φοίνιξ
1837 3195 2211 3273 Ἐμεσηνός,
2249 3203 2368 3261 τῶν
2397 3197 2523 3277 ἀφ’
2548 3196 2756 3262 Ἡλίου

386 3296 597 3377 γένος,
647 3300 962 3364 Θεοδοσίου
1008 3307 1158 3373 ποεῖς
1204 3301 1573 3380 Ἡλιόδωρος.
1645 3299 1881 3366 Fertur
1924 3302 2045 3367 iste
2083 3300 2465 3367 Heliodorus
2499 3300 2760 3388 Episco-

390 3421 510 3487 pus
557 3401 757 3468 suisse
819 3404 1082 3470 Triccae
1130 3405 1195 3469 in
1255 3405 1584 3470 Thessalia
1644 3415 1706 3470 et
1771 3406 2004 3470 vixisse
2051 3419 2284 3491 quarto
2325 3405 2459 3472 sere
2508 3404 2760 3474 saeculo

385 3516 529 3593 post
566 3506 891 3575 Christum
924 3518 1144 3574 natum
1192 3528 1307 3573 nec
1346 3507 1551 3574 habeo
1590 3529 1712 3575 cur
1748 3509 1934 3576 [idem
1980 3508 2330 3598 denegem,
2368 3529 2754 3599 quamquam

389 3611 612 3678 sedulo
658 3633 975 3699 quaerens
1019 3613 1190 3679 nulla
1236 3615 1450 3680 inveni
1497 3615 1656 3679 satis
1693 3624 1870 3680 certa
1915 3614 2188 3693 indicia,
2238 3616 2754 3703 Aethiopicorum

391 3717 772 3802 scriptorem
815 3718 1136 3784 hominem
1177 3717 1623 3785 Christianum
1665 3718 1885 3786 tuisse.
1953 3720 2079 3787 Sed
2113 3741 2315 3806 quum
2344 3721 2626 3790 Achilles
2653 3722 2756 3787 Ta·

393 3822 523 3886 tius
568 3830 634 3887 et
682 3823 1030 3910 Xenophon
1080 3823 1399 3909 Ephesius
1445 3834 1509 3889 et
1567 3824 1942 3891 Heliodorus
1980 3824 2359 3893 describunt
2401 3827 2753 3894 amantium

393 3945 661 3992 suorum
689 3927 756 3992 in
786 3928 1078 4017 Aegypto
1100 3948 1353 3996 errores
1378 3937 1443 3994 et
1466 3947 1847 4005 aerumnas,
1887 3929 2044 3995 illud
2090 3932 2290 3996 miror
2313 3950 2434 3997 cur
2476 3929 2752 3999 Heliodo-

395 4048 510 4096 rus
552 4029 668 4097 hoc
712 4031 965 4100 fabulae
1007 4035 1188 4120 qnasi
1229 4033 1482 4100 theatro
1509 4035 1599 4099 uti
1631 4033 1942 4115 voluerit,
1970 4036 2081 4121 qui
2107 4039 2467 4124 Aegyptum
2501 4037 2758 4103 minime

396 4133 658 4202 haberet
706 4141 1053 4223 cognitam.
1147 4138 1241 4205 Ex
1301 4138 1602 4224 plurimis
1665 4139 1921 4206 indiciis
1983 4139 2145 4206 dabo
2211 4160 2413 4228 pauca
2475 4138 2756 4227 exempla

396 4240 677 4308 maxime
737 4243 1039 4330 insignia.
1136 4244 1207 4309 ln
1268 4242 1549 4310 editione
1597 4244 1945 4328 Hirschigii
1997 4247 2339 4323 nostratis,
2386 4266 2556 4332 quae
2602 4263 2757 4313 anno

405 4348 570 4413 1856
616 4347 878 4413 Parisiis
933 4347 1210 4435 prodiit,
1261 4368 1405 4413 nam
1451 4349 1855 4429 Hercherus,
1898 4351 2069 4436 quod
2114 4353 2344 4428 miror,
2393 4351 2574 4420 inter
2615 4352 2751 4420 Ero·
