2934 5050
309 269 393 334 54
1295 278 1692 326 »insonamus

310 460 376 521 et
423 462 497 520 x.
548 453 702 517 514.

581 552 760 620 ἄλλα
797 551 943 633 πρὸς
991 552 1209 634 Τρώων
1253 553 1359 619 καὶ
1406 551 1733 634 Τρωϊάδων
1778 552 1952 628 κλέος
2000 550 2151 621 εἶναι
2175 601 2192 620 .

312 671 378 730 et
422 671 501 727 11.
553 663 719 737 831,
768 667 831 724 et
880 660 947 724 in
994 658 1275 746 Odyssea
1323 667 1405 724 N.
1457 663 1625 725 265.

582 768 824 852 ςερέσαι
879 775 990 844 τῆς
1037 765 1240 841 λη’ίδος
1288 765 1465 840 ἤθελε
1513 764 1721 843 πάσης
1762 764 1773 852 Ι
1813 765 2144 847 Τρωϊάδος.

403 875 488 942 Et.
533 874 612 941 de
661 873 762 940 his
807 872 1068 960 quidem
1119 868 1289 935 nulla
1339 877 1438 935 est
1477 873 1948 938 controversia:
1997 873 2239 954 Τρωΐας
2277 881 2341 938 et
2382 873 2703 955 Τρωϊάδες

312 980 792 1049 contrahuntur
848 979 913 1045 in
977 976 1193 1058 Τρῳάς
1241 985 1306 1042 et
1350 976 1671 1058 Τρῳάδες,
1735 988 1800 1043 et
1845 977 2107 1060 Τρωάς,
2164 978 2493 1060 Τρωάδες,
2545 987 2703 1044 sunt

312 1087 673 1155 scribarum
719 1104 972 1151 errores
1016 1083 1086 1148 τὸ
1135 1083 1727 1164 προσγεγραμμένον
1775 1086 1959 1161 ἰῶτα,
2009 1083 2179 1171 quod
2223 1086 2431 1151 inesse
2473 1083 2703 1162 debet,

308 1212 465 1281 prae
506 1190 798 1259 socordia
837 1188 1297 1257 omittentium.
1347 1186 1588 1254 Eadem
1635 1210 1898 1275 prorsus
1940 1190 2108 1256 ratio
2142 1194 2332 1258 estin
2358 1199 2702 1257 ΤΡΩΙΟΟ

307 1306 374 1366 et
419 1305 716 1364 ΤΡΩΙΗ.
810 1305 1140 1363 ΤΡΩΙΟΟ
1188 1292 1378 1360 modo
1424 1295 1861 1377 τρισυλλάβως
1907 1294 2211 1373 effertur,
2264 1307 2334 1362 ut
2383 1296 2565 1363 Iliad.
2613 1305 2700 1364 E.

309 1405 440 1470 222
500 1411 567 1469 et
630 1411 705 1468 Θ.
781 1406 927 1469 106.
996 1397 1098 1468 οἶοι
1155 1400 1441 1482 Τρώϊοι
1489 1397 1703 1480 ἵπποι,
1768 1410 1831 1468 et
1881 1412 1962 1468 Ψ.
2013 1406 2165 1469 578.
2215 1401 2465 1485 ἄρσενες
2512 1399 2696 1468 ἵπποι

306 1508 638 1592 Τρώϊοι.
691 1515 755 1574 et
794 1514 878 1573 N.
922 1509 1078 1571 262.
1119 1504 1784 1589 δούρατα-Τρώϊα,
1825 1509 1914 1575 τά
1937 1510 2256 1588 κταμένων
2279 1509 2696 1587 άποαίνυμαι.

306 1614 542 1682 Contra
604 1613 747 1679 aliis
808 1610 964 1678 locis
1027 1613 1200 1678 κατὰ
1262 1598 1606 1693 συναίρεσιν
1660 1612 1930 1681 effertur
1974 1616 2371 1696 δισυλλάβως
2418 1624 2699 1681 accentu

310 1721 376 1788 in
443 1720 737 1787 ultimam
808 1719 1081 1796 reiecto,
1142 1717 1346 1799 Τρωός
1399 1726 1463 1783 et
1519 1721 1750 1801 Τρῳαί.
1851 1722 1919 1788 ln
1970 1721 2073 1788 his
2123 1722 2347 1788 formis
2395 1721 2701 1787 Editores

307 1835 562 1894 tantum
612 1845 734 1891 non
787 1824 1025 1911 ubique
1075 1823 1353 1890 titubare
1400 1834 1466 1890 et
1518 1845 1739 1892 errare
1785 1827 2053 1894 videbis,
2154 1827 2335 1893 Modo
2382 1831 2702 1893 omittunt

304 1935 376 2001 τὸ
422 1930 1014 2015 προσγεγραμμένον
1059 1932 1252 2011 ἰῶτα,
1321 1929 1507 1996 modo
1555 1930 1823 1999 addunt.
1923 1934 1995 2000 ln
2045 1933 2190 2000 aliis
2238 1933 2544 2000 reiiciunt
2591 1953 2698 2000 ac·

305 2049 566 2106 centum
620 2039 685 2105 in
735 2037 1069 2115 ultimam,
1122 2037 1186 2102 in
1236 2035 1381 2102 aliis
1430 2037 1495 2102 in
1548 2038 1821 2125 primam
1874 2038 2268 2128 retrahunt..
2333 2040 2695 2128 Proponant

307 2144 593 2233 primum
662 2144 959 2229 vulgares
1021 2142 1402 2228 scripturas.
1509 2141 1809 2211 Troianae
1864 2146 2162 2212 mulieres
2210 2146 2401 2232 vulgo
2451 2147 2692 2231 passim

308 2250 521 2335 Τρωαί
566 2248 994 2337 appellantur.
1090 2247 1164 2314 lt.
1212 2257 1282 2314 Γ.
1334 2251 1465 2314 584
1513 2250 1646 2331 περὶ
1684 2252 1747 2316 δὲ
1786 2252 1993 2334 Τρωαὶ
2033 2250 2177 2326 ἅλις
2215 2249 2391 2328 ἦσαν.
2436 2261 2507 2318 Γ.
2539 2257 2693 2318 411.

306 2358 515 2438 Τρωαὶ
574 2354 639 2422 δέ
701 2357 773 2435 μ’
835 2355 1065 2421 ὀπίσσω
1106 2353 1117 2442 Ι
1158 2357 1358 2419 πᾶσαι
1420 2356 1843 2433 μωμήσονται.
1909 2368 1991 2426 Σ.
2057 2362 2210 2425 559.
2273 2360 2449 2442 ἀμφὶ
2510 2357 2576 2423 δέ
2622 2383 2694 2424 σε

308 2462 517 2549 Τρωαὶ
562 2461 671 2529 καὶ
720 2460 1114 2544 Δαρδανίδες.
1164 2470 1240 2527 Χ.
1292 2464 1446 2527 430.

671 2578 946 2653 Τρωῇσιν
994 2568 1049 2633 δ’
1098 2566 1344 2646 Ἑκάβη
1393 2566 1594 2633 άδινοῢ
1639 2568 1862 2652 ἐξῆρχε
1910 2569 2071 2649 γόοιο
2095 2619 2111 2638 .

307 2683 370 2745 el
424 2686 501 2743 X.
553 2678 705 2742 426.
751 2675 924 2753 μετὰ
961 2683 1234 2758 Τρωῇσιν
1277 2673 1517 2753 ἔειπεν,
1568 2683 1633 2741 et
1674 2686 1751 2742 X.
1793 2680 1949 2742 454.
1991 2676 2198 2758 Τρωσί
2235 2700 2307 2741 τε
2337 2676 2444 2743 καὶ
2483 2686 2696 2760 Τρωῇ-

307 2805 441 2861 σιν,
487 2789 553 2849 et
600 2789 675 2849 Z.
729 2785 858 2848 580
902 2790 966 2848 et
1016 2785 1169 2847 585.
1217 2781 1423 2861 Τρωαὶ
1475 2780 1899 2860 ἐϋπλόκαμοι,
1946 2789 2011 2847 et
2052 2783 2145 2847 sic
2185 2782 2329 2848 aliis
2356 2782 2518 2848 locis
2542 2802 2693 2848 con·

309 2896 582 2957 stanter.
679 2885 919 2953 Verum
966 2887 1072 2952 ubi
1117 2906 1238 2951 non
1284 2885 1601 2953 Troianae
1639 2887 1938 2953 mulieres
1979 2887 2090 2955 sed
2129 2910 2315 2954 canes
2344 2897 2459 2955 aut
2500 2910 2701 2975 equae

310 2994 625 3062 Troianae
672 3001 1307 3073 commemorantur,
1360 3003 1620 3078 repente
1663 3003 1910 3058 mutata
1955 2994 2246 3060 vocabuli
2289 2993 2494 3062 forma
2537 2997 2697 3063 scri·

311 3100 491 3169 bitur
532 3101 741 3182 Τρῷαι
795 3119 919 3165 non
967 3098 1206 3181 Τρωαί,
1257 3108 1325 3165 ut
1376 3110 1441 3164 P.
1496 3103 1625 3165 255
1675 3109 1740 3165 et
1787 3109 1862 3164 Σ.
1922 3104 2064 3167 179.

583 3204 938 3287 Πάτροκλον
980 3206 1219 3289 Τρῷησι
1263 3205 1434 3270 κυσὶν
1478 3204 1803 3287 μέλπηθρα
1848 3204 2171 3284 γενέσθαι.

311 3319 377 3379 et
423 3321 492 3378 P.
549 3314 700 3378 127.

578 3414 685 3482 τὸν
730 3413 794 3480 δὲ
838 3413 1008 3481 νέκυν
1054 3411 1322 3498 Τρῷησιν
1370 3413 1774 3497 ἐρυσσάμενος
1823 3417 1959 3483 κυσὶ
2006 3416 2131 3494 δοίη
2151 3467 2167 3483 .

310 3530 377 3590 et.
421 3533 494 3591 Ρ.
546 3525 702 3588 273.
754 3520 891 3587 κυσὶ
938 3524 1145 3602 κῦρμα
1192 3518 1476 3598 γενέσθαι
1516 3520 1529 3612 Ι
1567 3519 1875 3607 Τρῷησιν.
1923 3532 1989 3589 et
2040 3534 2121 3589 Π.
2172 3526 2326 3590 393.

582 3623 660 3703 ὦς
705 3625 881 3694 ἵπποι
927 3628 1134 3710 Τρῷαι
1181 3625 1453 3706 μεγάλα
1499 3628 1836 3708 ςενάχοντο
1885 3628 2121 3695 δέουσαι
2143 3677 2159 3695 .

311 3739 377 3800 et
425 3733 490 3798 in
542 3732 900 3800 masculino
947 3752 1180 3818 genere
1226 3743 1314 3800 Ψ.
1368 3737 1493 3801 291
1762 3819 1766 3824 Ι

857 3835 1080 3914 ἵππους
1126 3838 1188 3905 δὲ
1234 3837 1474 3920 Τρῴους
1522 3836 1737 3917 ὕπαγε
1780 3839 1986 3922 ζυγόν.

400 3941 994 4023 Quaemadmodum
1038 3944 1101 4009 in
1152 3942 1527 4024 codicillus,
1597 3965 1757 4032 quos
1808 3967 1920 4013 nos
1967 3944 2455 4031 antiquissimos
2502 3944 2702 4013 habe-

310 4068 493 4124 mus,
556 4049 651 4115 sic
717 4049 781 4113 iu
844 4048 963 4127 iis,
1026 4049 1264 4136 quibus
1311 4059 1561 4116 veteres
1611 4053 1904 4136 magistri
1960 4051 2342 4127 utebantur,
2391 4052 2462 4116 τὸ
2512 4077 2701 4133 προσ-

307 4159 751 4237 γεγραμμένον
819 4155 975 4221 ἰῶτα
1048 4174 1531 4241 nonnumquam
1605 4157 1769 4223 male
1839 4157 2234 4236 addebatur,
2318 4159 2701 4244 saepissime

307 4261 709 4348 negligenter
756 4260 1193 4328 omittebatur.
1275 4261 1438 4327 Hinc
1481 4265 1838 4330 sexcenties
1882 4266 1942 4328 in
1990 4262 2266 4329 Scholiis
2303 4262 2701 4333 admonetur

303 4366 716 4438 scribendum
763 4386 904 4436 esse
950 4375 1065 4435 aut
1110 4367 1220 4434 σὺν
1265 4369 1349 4449 τῷ
1397 4368 1579 4447 ἰῶτα,
1631 4370 1804 4448 μετὰ
1847 4374 1957 4437 τοῦ
1995 4371 2150 4438 ἰῶτα
2189 4378 2306 4437 aut
2340 4369 2535 4453 χωρὶς
2582 4376 2696 4439 τοῦ
