2934 5050
1147 293 1572 343 1166611111.
1962 294 1971 303 ·
2422 269 2553 337 229

696 467 746 532 εἰ
793 466 920 547 γάρ
964 489 1024 530 τι
1073 471 1272 531 κακῶν
1319 461 1465 537 ἄκος
1514 460 1643 531 οἶδε
1689 464 1979 544 τέλον,

694 569 872 650 μόνος
915 569 993 634 ἂν
1040 573 1260 648 θνητῶν
1307 569 1512 651 πέρα
1559 570 1738 635 εἵη-οι.

273 682 530 756 Θνητιῖἱινι
579 678 741 757 τέρα
761 699 775 715 ·
838 676 1072 743 Darius
1132 679 1304 743 enim
1367 673 1539 741 solus
1585 675 1910 762 aliquanto
1959 674 2104 761 plus
2149 674 2318 761 sapit
2361 693 2556 759 quam

176 781 494 850 mortales.
585 781 702 847 Dis
767 780 1072 848 Manibus
1136 782 1284 868 plus
1342 787 1440 847 est
1502 779 1940 847 confidendum
1963 830 1982 861 ,
2055 801 2249 867 quam
2304 781 2388 845 iis
2446 780 2559 866 qui

175 895 378 954 terrae
436 906 698 953 munere
754 892 1115 953 vescuntur.
1210 883 1514 953 Ceterum
1576 889 1644 951 in
1707 889 2105 972 anapaestico
2147 890 2353 952 metro
2398 884 2557 965 πέρα

177 992 328 1079 εἴποι
393 993 544 1059 ferri
602 997 843 1080 potest,
907 1012 982 1058 ea
1039 992 1397 1059 conditione
1461 997 1540 1057 ut
1602 1018 1644 1056 α
1694 994 2089 1078 corripiatur.
2200 988 2557 1077 Aeschylus

171 1098 400 1185 plenus
444 1097 884 1185 exemplorum
929 1101 1060 1175 est,
1107 1118 1171 1163 v.
1223 1118 1278 1162 c.
1327 1097 1397 1162 in
1441 1095 1656 1166 Persis

615 1201 768 1269 .39
816 1201 952 1269 καὶ
1003 1202 1368 1280 ἑλειοβάται
1414 1209 1572 1268 ναῶν
1617 1204 1838 1286 ἐρέται.

687 1308 774 1376 52
823 1307 959 1374 καὶ
1009 1308 1326 1378 ἄκοντιςαὶ
1375 1310 1616 1375 Μυσοί·
1667 1310 1987 1392 Βαβυλών.

687 1414 776 1482 60
821 1413 1069 1496 οἴχεται
1115 1415 1339 1497 ἀνδρῶν

641 1518 773 1589 542
821 1516 1156 1586 ποθέοὺσαι
1202 1520 1346 1587 ἰδεῖν
1396 1520 1788 1604 ἀρτιζυγίαν.

264 1624 642 1695 Certissima
707 1627 949 1691 ratione
1013 1624 1315 1691 Kiehlius
1383 1626 1751 1694 emendasse
1818 1627 1985 1693 mihi
2053 1625 2308 1694 videtur
2376 1622 2555 1709 Sept.

681 1841 858 1917 ἡμεῖς
906 1838 959 1904 δ’
1006 1836 1147 1914 ἅμα
1195 1837 1333 1920 τῷδ’
1382 1835 1639 1920 ὥσπερ
1688 1862 1757 1903 τε
1804 1838 1982 1912 πόλις

683 1945 786 2008 καὶ
834 1945 906 2009 τὸ
952 1942 1177 2007 δίκαιον
1223 1942 1593 2021 ξυνεπαινεῖ.

267 2046 513 2113 Scribit
571 2051 743 2114 enim
805 2043 848 2129 ᾧ
870 2072 919 2112 π
936 2074 964 2113 ε
988 2072 1039 2129 ρ.
1132 2048 1193 2115 N
1196 2069 1276 2116 on
1336 2069 1498 2136 opus
1558 2050 1812 2116 videtur
1875 2047 2180 2136 Aeschyli
2238 2047 2406 2113 locos
2464 2046 2566 2110 de·

181 2153 485 2232 scribere,
533 2153 648 2219 ubi
692 2148 881 2235 ὅσπερ
926 2154 1149 2220 60(16111
1195 2155 1385 2221 1110ᾶο
1429 2162 1812 2243 usurpatur,
1861 2176 2012 2222 nam
2060 2174 2160 2221 res
2205 2155 2414 2239 primo
2465 2151 2570 2216 ob·

181 2265 328 2326 tutu
376 2259 725 2327 manifesta
767 2266 881 2327 est.

265 2364 342 2433 In
387 2363 620 2452 Suppl.
672 2363 800 2432 661
849 2365 996 2445 μηδ
1044 2367 1389 2448 ἐπιχωρίοις
1436 2365 1690 2441 τάσις

862 2475 1191 2552 πτώμασιν
1236 2473 1576 2552 αἱματίσαι
1626 2475 1805 2542 πέδον
1850 2477 2013 2555 γᾶς·

271 2578 459 2661 Quod
502 2581 571 2644 in
616 2575 848 2646 Codice
893 2579 1108 2646 deerat
1152 2579 1375 2658 τάσις,
1424 2580 1750 2666 supplevit
1794 2580 2295 2669 Bambergerus;
2346 2600 2382 2645 a
2418 2578 2568 2643 faci·

188 2683 367 2752 litate
414 2687 821 2751 correctionis
866 2684 1297 2751 commendari
1346 2685 1534 2752 debet
1573 2686 1740 2772 quod
1778 2686 2079 2753 Kiehlius
2116 2687 2362 2752 invenit
2400 2682 2567 2763 ἔρις.

181 2792 346 2872 Ἔριν
392 2790 831 2870 αἱματόεσσαν
890 2790 1129 2879 legitur
1176 2793 1244 2856 in
1289 2794 1773 2879 Agamemnone
1821 2789 1989 2869 682,
2054 2791 2168 2872 ἔριν
2216 2787 2571 2869 αἱματηράν

273 2999 586 3087 Reliquas
643 3000 838 3067 bonas
899 3002 1370 3069 emendationes
1431 3005 1734 3068 omittam
1751 3051 1769 3081 ,
1831 3005 2069 3088 partim
2116 3002 2265 3086 quia
2301 3002 2439 3084 jam
2484 2996 2571 3063 le·

187 3112 432 3193 guntur
473 3107 548 3171 in
582 3107 899 3191 prioribus
935 3106 1388 3195 Mnemosynes
1424 3107 1901 3186 voluminibus,
1949 3109 2188 3194 partim
2225 3108 2375 3192 quia
2411 3101 2569 3169 alios

181 3212 315 3297 jam
376 3214 450 3280 in
512 3211 766 3278 easdem
825 3215 1213 3299 suspiciones
1265 3214 1562 3280 incidisse
1608 3213 1829 3292 11116ος
1894 3212 2003 3279 66(1
2048 3210 2402 3278 omittenda
2443 3227 2569 3276 non

187 3317 447 3384 videtur
491 3316 678 3382 docta
723 3325 788 3383 et
833 3320 1083 3404 copiosa
1129 3319 1479 3405 disputatio
1521 3319 1596 3386 de
1643 3319 1753 3386 Ius
1798 3319 2130 3386 erroribus.

273 3422 529 3490 Notum
588 3426 685 3488 est
741 3420 1187 3489 Hermannum
1243 3426 1312 3489 in
1357 3424 1663 3511 Aeschyli
1709 3425 1981 3491 editione
2027 3422 2165 3489 Vol.
2217 3421 2279 3487 Π
2323 3441 2387 3506 p.
2439 3417 2567 3484 152

188 3526 304 3594 hoc
365 3532 827 3617 argumentum
887 3534 1222 3608 tractasse,
1287 3529 1397 3595 sed
1452 3550 1528 3596 ea
1572 3530 1997 3616 disputatione
2043 3528 2385 3616 diligenter
2431 3546 2571 3592 exa-

188 3634 436 3699 minata
451 3679 470 3711 ,
519 3631 821 3699 Kiehlius
866 3639 1073 3700 totam
1111 3637 1547 3721 quaestionem
1585 3656 1698 3702 suo
1735 3635 1947 3702 Marte
1982 3634 2381 3711 retractavit,
2424 3652 2573 3697 cum

189 3737 306 3805 hoc
368 3739 498 3804 sibi
555 3740 999 3824 persuasisset,
1062 3742 1479 3825 quantumvis
1539 3740 1779 3808 fuerint
1839 3739 2138 3807 mortales
2197 3742 2324 3806 ista
2367 3740 2573 3804 aetate

189 3843 622 3931 geographiae
677 3846 964 3930 imperiti
980 3893 999 3924 ,
1064 3844 1458 3935 Aeschylum
1519 3851 1734 3913 tamen
1794 3867 2052 3913 summa
2112 3865 2263 3911 cura
2314 3862 2571 3931 operam

192 3947 438 4014 dedisse
455 3996 474 4026 ,
521 3954 598 4013 ut
639 3949 896 4037 singula
939 3948 1078 4017 loca
1121 3955 1188 4016 et
1230 3953 1521 4038 regiones
1569 3952 1787 4019 ordine
1834 3952 2230 4018 describeret.

280 4052 586 4119 Primum
621 4057 824 4120 oritur
860 4058 1143 4140 quaestio
1160 4102 1179 4134 ,
1220 4057 1333 4122 ubi
1367 4057 1787 4124 Prometheus
1825 4079 1976 4124 saxo
2015 4056 2320 4144 alligatus
2353 4053 2568 4119 fuerit.

193 4159 408 4245 Atque
465 4160 540 4224 in
593 4158 802 4226 soluto
860 4160 1242 4228 Prometheo
1296 4183 1395 4228 res
1454 4165 1726 4229 minime
1771 4163 1966 4230 dubia
2013 4168 2141 4242 est;
2205 4160 2572 4228 videbimus

195 4263 459 4349 quidem
512 4264 680 4333 infra
696 4313 713 4344 ,
777 4267 891 4331 ubi
951 4263 1270 4334 Caucasus
1331 4269 1409 4334 ab
1476 4268 1792 4355 Aeschylo
1852 4270 2048 4336 fuisse
2100 4267 2380 4357 fingatur
2393 4315 2410 4344 ,
2462 4265 2570 4331 sed
