2934 5050
321 293 409 357 64
1409 307 1613 355 unu.

325 489 477 547 tate.
555 475 720 559 Quid
775 474 1091 542 attinebat
1136 495 1335 541 unum
1385 475 1729 542 Lentulum
1784 476 2140 553 nominare,
2185 475 2377 541 cuius
2416 473 2703 541 adeoin·

320 585 556 652 santiae
605 583 912 650 Gabinius
953 601 1255 647 cessurus
1294 580 1556 659 suisset,
1603 584 1726 647 uisi
1771 583 2027 668 Pompei
2073 581 2300 667 opibus
2346 583 2704 657 niteretur,

317 713 467 758 cum
531 701 895 756 ceterorum
964 687 1260 753 facundia
1312 708 1422 754 reo
1474 688 1671 754 nihilo
1721 692 1927 773 magis
1975 687 2388 754 formidolosa
2438 687 2701 754 suisset.

319 799 482 863 Tum
547 817 698 863 reus
761 798 949 860 cuius
1013 796 1188 859 salus
1248 796 1432 859 unice
1480 814 1557 860 ex
1611 796 2043 879 potentiorum
2079 795 2331 876 ⁸auxilio
2383 793 2702 880 pendeat,

318 905 372 968 si
416 903 479 968 id
517 903 712 979 desit,
750 923 871 967 nou
915 900 1073 966 solet
1100 908 1435 985 expectare
1462 899 1775 966 iudicium
1804 908 1866 965 et
1892 910 2348 965 accusatorum
2375 903 2707 967 orationes

317 1009 553 1095 quibus
582 1028 703 1073 non
732 1008 815 1073 sit
835 1026 1266 1093 responsurus
1292 1015 1508 1091 atque,
1537 1016 1869 1092 postquam
1902 1007 2186 1072 inimicis
2211 1027 2280 1071 os
2307 1006 2707 1093 praebuerit,

323 1116 600 1201 turpiter
665 1133 739 1179 ac
803 1112 1076 1178 ridicule
1125 1132 1199 1177 ex
1250 1111 1453 1176 oculis
1505 1112 1794 1177 iudicum
1843 1132 1910 1178 se
1962 1115 2322 1198 proripere,
2387 1111 2496 1178 sed
2547 1123 2708 1179 ante

322 1221 633 1287 iudicium
717 1219 879 1284 clam
965 1217 1283 1304 proficisci
1359 1229 1422 1284 et
1489 1217 1693 1282 solum
1760 1227 2032 1284 vertere.
2160 1218 2494 1284 Praeterea
2561 1220 2709 1305 ipsa

318 1327 522 1392 oratio
580 1324 866 1391 fraudem
935 1344 1207 1410 arguere
1276 1324 1549 1389 videtur.
1648 1323 1806 1390 Nam
1869 1326 1980 1410 qui
2046 1323 2206 1390 dicit
2268 1323 2410 1389 illo
2459 1343 2708 1390 accu—

320 1440 599 1497 satore
671 1429 984 1515 illoque
1048 1429 1414 1494 consilio
1484 1432 1536 1492 is
1595 1440 2035 1496 accusatorem
2087 1441 2152 1496 et
2200 1430 2542 1497 consilium
2593 1431 2708 1498 de·

320 1537 532 1621 signat
583 1536 888 1623 temporis
935 1536 1022 1600 rei
1071 1544 1251 1601 actae
1294 1536 1638 1601 notatione.
1739 1536 2057 1601 Ponamus
2098 1555 2359 1601 causam
2403 1536 2709 1604 Gabinia-

322 1663 469 1708 nam
517 1641 722 1729 pridie
756 1651 964 1706 actam
1007 1661 1147 1706 esse
1186 1661 1380 1726 quam
1420 1640 1575 1706 baec
1615 1642 1881 1726 epistola
1923 1644 2164 1728 scripta
2207 1645 2324 1721 sit,
2377 1643 2531 1710 ille
2579 1665 2707 1712 ac·

319 1758 697 1823 cusator,
749 1747 957 1812 illud
1008 1747 1496 1822 consilium,
1545 1745 1935 1832 significabit
1982 1746 2148 1813 fere:
2197 1758 2540 1815 accusator
2589 1752 2700 1816 iu-

321 1854 619 1941 dicesque
648 1853 865 1939 quales
892 1853 1028 1918 beri
1049 1851 1413 1919 babuimus
1444 1853 1773 1919 Eiusmodi
1795 1863 2007 1919 autem
2031 1853 2337 1920 indicatio
2356 1855 2694 1922 hominum

321 1981 671 2048 rerumque
719 1958 1040 2045 generalis
1086 1970 1184 2026 est
1232 1979 1439 2045 neque
1493 1957 1698 2024 locum
1753 1957 1942 2024 habet
1991 1960 2045 2024 si
2096 1961 2232 2045 ipsa
2285 1963 2544 2028 nomina
2584 1983 2696 2049 po·

319 2067 445 2133 sita
531 2075 706 2132 sunt.
805 2065 977 2151 Ergo
1044 2066 1204 2151 ipsi
1301 2064 1651 2129 Lentulo
1737 2064 2119 2153 interpolata
2189 2077 2363 2134 sunt.
2465 2068 2701 2136 Intulit

322 2191 393 2238 ea
458 2192 579 2236 non
649 2171 953 2236 librarius
1011 2191 1084 2236 ex
1134 2171 1424 2254 margine
1477 2191 1587 2255 per
1633 2190 1955 2247 errorem,
2006 2171 2112 2237 sed
2160 2174 2454 2240 consulto
2505 2174 2698 2242 bomo

324 2276 586 2352 doctuS‚
664 2278 774 2361 qui
860 2295 1006 2340 cum
1092 2278 1368 2340 nesciret
1434 2275 1587 2362 quid
1653 2296 1804 2340 uon
1857 2277 2368 2363 respondere
2442 2301 2555 2366 per
2628 2302 2700 2349 se

323 2384 597 2468 positum
651 2380 1080 2467 signiticaret,
1133 2392 1423 2448 censeret
1472 2385 1824 2448 orationem
1879 2382 2081 2447 hiare.
2119 2385 2324 2450 -De
2373 2386 2700 2473 principio

323 2487 517 2555 buius
595 2488 713 2553 loci
788 2487 943 2574 quid
1029 2490 1114 2555 sit
1184 2488 1592 2555 sentiendum
1670 2487 1915 2555 dubito.
2031 2488 2188 2554 Nam
2256 2493 2552 2577 suspicor
2615 2514 2703 2560 ne

324 2594 408 2660 ibi
450 2594 707 2680 quidem
759 2614 986 2660 nomen
1040 2594 1288 2660 Lentuli
1341 2616 1376 2661 a
1427 2594 1737 2662 Cicerone
1785 2595 2063 2680 positum
2115 2618 2275 2663 esse.
2327 2601 2462 2679 Qua
2514 2601 2579 2664 in
2624 2621 2699 2668 re

323 2699 667 2766 tenendum
743 2709 832 2764 est
913 2698 1226 2779 Quintum
1298 2702 1374 2767 de
1446 2700 1932 2767 accusatoribus
2001 2702 2254 2767 Gabinii
2314 2723 2391 2769 ex
2456 2703 2701 2773 litteris

320 2805 540 2871 fratris
579 2814 826 2871 certum
861 2826 998 2872 esse
1035 2807 1163 2895 (ep.
1200 2812 1238 2872 2
1273 2817 1337 2873 et
1373 2809 1438 2895 3)
1480 2810 1735 2894 iamque
1759 2809 2003 2873 exitum
2056 2807 2281 2873 iudicii
2330 2821 2696 2897 expectare.

299 2912 474 2977 Mihi
512 2911 768 2998 quidem
803 2911 1156 2999 elegantior
1205 2914 1457 2980 videtur
1501 2933 1574 2978 ea
1624 2913 1857 2980 oratio:
1909 2911 2256 2980 Omnino
2296 2915 2510 2981 nihil
2555 2926 2699 2982 mo

319 3027 819 3083 accusatore
882 3019 1293 3108 [Lentulo]
1365 3017 2276 3105 subscriptoribusque
2337 3022 2516 3088 eius
2579 3023 2695 3087 in-

318 3123 933 3200 fantiuS,·nihil
989 3124 1133 3189 illo
1179 3124 1540 3191 consilio
1585 3124 2053 3201 sordidius,
2102 3165 2189 3175 ——
2239 3128 2373 3211 qui
2419 3135 2694 3194 tamen

321 3228 466 3293 illo
546 3239 1044 3294 accusatore
1118 3229 1432 3317 illoque
1505 3231 1865 3295 consilio
1935 3269 2024 3281 —
2089 3232 2694 3300 condemnatus

315 3336 470 3413 sit,
536 3354 725 3419 quam
792 3354 863 3400 ea
914 3354 1077 3422 quae
1128 3355 1298 3399 nunc
1347 3335 1538 3420 vulgo
1588 3336 1983 3422 proponitur.
2079 3337 2317 3404 Verum
2372 3350 2692 3425 quantum

313 3440 669 3523 elegantiae
721 3439 1096 3526 decorisque
1146 3444 1359 3506 sensui
1415 3444 1476 3505 in
1529 3462 1597 3507 re
1645 3443 1875 3508 critica
1925 3442 2208 3509 tribuere
2258 3444 2410 3510 velit
2462 3466 2575 3531 pro
2621 3467 2694 3513 se

313 3548 587 3633 quisque
659 3545 872 3630 videat
926 3555 989 3611 et
1047 3546 1384 3625 decernat,
1433 3558 1627 3634 atque
1679 3550 1742 3613 in
1785 3568 1859 3615 ea
1912 3568 1979 3614 re
2029 3540 2409 3635 praesertim
2455 3550 2694 3619 leniter

316 3650 478 3718 serat
542 3660 905 3718 ceterorum
967 3651 1355 3720 dissensum.

403 3862 498 3928 Ad
547 3862 725 3928 Fam.
776 3861 891 3929 lx.
945 3864 1063 3952 Ep.
1117 3868 1243 3947 22,
1297 3870 1357 3930 2.

400 3967 573 4035 Satis
620 3977 870 4034 constat
919 3969 1088 4055 apud
1139 3972 1541 4056 antiquiores
1583 3971 1981 4057 pronominis
2009 3971 2151 4038 ille
2176 3972 2486 4063 syllabam
2518 3977 2692 4062 prio-

312 4095 448 4140 rem
489 4073 715 4140 crebro
753 4074 815 4138 in
855 4077 1140 4141 carmine
1180 4086 1290 4140 aut
1335 4077 1578 4141 nullam
1616 4096 1755 4143 esse
1793 4086 1905 4143 aut
1943 4098 2081 4145 esse
2124 4099 2237 4164 pro
2264 4079 2463 4146 brevi.
2515 4082 2587 4148 In
2615 4103 2690 4150 ea

311 4199 503 4246 causa
533 4179 814 4245 nondum
836 4180 961 4245 vidi
982 4200 1370 4268 quemquam
1396 4202 1586 4247 usum
1608 4203 1747 4248 esse
1765 4183 2089 4249 Ciceronis
2110 4187 2498 4260 testimonio.
2520 4188 2691 4256 uude

315 4285 699 4371 intelligitur
743 4288 935 4351 etiam
988 4288 1094 4352 illo
1136 4297 1418 4374 tempore
1462 4290 1521 4352 in
1565 4309 1674 4355 ore
1717 4289 2002 4355 Romano
2048 4300 2176 4356 tam
2208 4289 2462 4358 brevem
2494 4292 2691 4362 fuisse

314 4389 661 4480 syllabam,
716 4401 785 4458 ut
826 4394 888 4458 in
911 4394 1109 4458 certis
1134 4394 1358 4460 saltem
1388 4394 1751 4461 litterarum
1782 4396 2347 4464 coniunctionibus
2373 4401 2479 4466 vix
2505 4400 2691 4467 audi-
