2934 5050
1055 307 1439 356 PntLOLootcA
1488 308 1559 355 cr
1603 287 1857 358 eninm.
2563 294 2644 357 27

260 473 614 557 habemns,
692 478 806 546 sed
871 476 1309 545 Aristonicum
1375 478 1586 564 ipsum
1653 478 1837 545 nobis
1913 477 2129 545 dicere
2201 477 2644 544 testimonium

262 582 647 669 ignoramus
693 596 759 652 et
807 584 1129 649 incertum
1180 583 1459 670 aliquem
1522 584 2023 670 grammaticum
2076 604 2148 651 ea
2197 582 2412 651 dicere
2459 582 2649 668 vulgo

262 688 620 757 credimus.
688 688 1096 756 Aristonicus
1146 689 1347 773 igitur
1397 691 1485 755 ita
1526 691 1782 757 scribit:
1831 697 1943 765 τῆς
1990 692 2053 757 δὲ
2098 690 2440 766 άθετήσεως
2480 690 2649 770 αὐτῷ

270 794 382 883 (τῷ
428 795 808 881 ’Λρις-άρχῳ)
892 794 1092 867 διττὸς
1139 796 1167 860 5
1214 793 1440 873 λόγος.
1490 796 1518 861 5
1565 797 1680 873 μὲν
1726 794 1852 876 γάρ
1899 796 1988 866 lsi
2037 797 2347 875 σημαίνων
2398 791 2490 860 ὅτι
2530 797 2652 876 οὐχ

266 903 544 983 Ὀμήρου
591 903 663 969 τὸ
710 899 856 975 ἔπος
882 950 898 977 ,
947 903 1025 974 ὥς
1074 900 1329 979 ἐλέγετο
1377 900 1478 966 ἐπὶ
1525 904 1633 966 τοῦ

587 1006 884 1089 τέρπεται
928 1006 992 1070 ἐν
1039 1007 1217 1089 θαλίη
1265 1006 1371 1072 καὶ
1419 1005 1555 1087 ἔχει
1602 1006 2025 1089 καλλίσφυρον
2058 1007 2287 1087 Ἥβην.

263 1111 570 1180 ἀδύνατον
625 1113 754 1194 γάρ
812 1114 924 1189 την
976 1113 1253 1188 διηνεκῶς
1300 1114 1587 1193 παρθένον
1647 1112 2138 1194 παραδεδομένην
2198 1113 2607 1192 γεγαμῆσθαι
2632 1161 2647 1178 .

266 1218 297 1282 5
350 1218 414 1284 δὲ
464 1218 891 1307 (Ἃρίςαρχος)
939 1217 1151 1283 αἰτίαν
1204 1217 1480 1299 ἐπιφέρει
1524 1219 1604 1290 ὥς
1657 1224 1775 1283 τῶν
1821 1218 2180 1297 ποιημάτων
2227 1218 2288 1282 έν
2345 1227 2423 1300 τῇ
2471 1215 2651 1294 τάξει

263 1323 805 1408 διημαρτημένων.
858 1321 1006 1389 ὅταν
1043 1324 1096 1389 δ’
1136 1321 1164 1385 5
1208 1321 1633 1402 Ἀγαμέμνων
1678 1324 1841 1407 λέγῃ
1886 1325 2033 1406 πρὸς
2080 1323 2182 1388 τὸν
2229 1322 2552 1405 Ἀχιλλέα

544 1431 667 1497 αίεὶ
716 1429 842 1512 γάρ
886 1453 978 1496 τοι
1026 1426 1142 1510 ἔρις
1188 1452 1260 1495 τε
1305 1429 1467 1511 Φίλη
1515 1427 1781 1508 πόλεμοί
1825 1455 1899 1496 τε
1943 1430 2164 1510 μάχαι
2213 1452 2282 1495 τε
2309 1479 2323 1495 .

265 1536 541 1603 ἐνταῦθα
590 1536 920 1612 ἦθετῆσθαί
961 1539 1119 1618 φησι
1157 1534 1345 1617 χάριν
1375 1540 1484 1601 τοῦ
1527 1534 1840 1614 βασιλέως
1890 1535 2238 1617 ὀφείλοντος
2285 1536 2337 1599 εἰ
2384 1533 2652 1607 τοιοῦτός

268 1643 402 1712 έςιν
469 1643 529 1707 έν
594 1642 846 1723 πολέμῳ
893 1642 922 1707 5
968 1643 1114 1707 κατ’
1160 1641 1503 1722 ἐπικουρίαν
1551 1638 1741 1716 ἥκων.
1803 1640 2007 1720 διόπερ
2066 1640 2168 1706 ἐπὶ
2224 1640 2338 1719 μὲν
2398 1645 2507 1705 τοῦ
2555 1653 2654 1704 λε-

264 1746 538 1828 γομένου
598 1748 704 1813 ὑπ’
760 1746 1229 1826 Ἀγαμέμνονος
1285 1745 1507 1825 ὀβελὸς
1571 1746 2020 1828 παρακείσεται
2084 1745 2191 1811 καὶ
2254 1745 2397 1826 πρὸς
2458 1745 2655 1827 τούτῳ

264 1853 590 1936 άςερίσκος
617 1905 633 1921 .
697 1853 873 1929 δηλοῖ
929 1852 992 1918 δὲ
1041 1856 1223 1919 τοῦτο
1283 1848 1431 1919 ὅπου
1480 1852 1558 1918 ἂν
1605 1850 1640 1935 ᾖ
1689 1852 1962 1929 κείμενος
2025 1852 2137 1917 σὺν
2177 1854 2263 1934 τῷ
2311 1852 2512 1934 ὀβελῷ
2560 1847 2651 1917 ὅτι

264 1959 550 2040 Ὀμήρου
596 1957 715 2039 μέν
761 1960 851 2027 ἑςι
877 2008 895 2037 ,
944 1957 1209 2041 Φαύλως
1259 1958 1313 2023 δ’
1360 1956 1569 2024 ἐνθάδε
1613 1964 1839 2024 κεῖται.

368 2064 588 2130 Dicam
650 2065 935 2152 primum
999 2083 1127 2149 quo
1181 2073 1567 2149 argumento
1630 2062 1786 2128 baec
1850 2063 2196 2129 Aius-romei
2255 2062 2456 2150 ipsius
2521 2081 2657 2128 esse

266 2168 676 2256 collegerim,
711 2167 942 2236 deinde
982 2171 1423 2236 testimonium
1467 2168 1814 2234 Aristonici
1854 2168 2039 2254 gravi
2072 2187 2289 2235 errore
2329 2175 2393 2235 et
2431 2166 2659 2234 mendo

264 2273 585 2342 liberabo.
685 2274 950 2359 Legitur
999 2274 1204 2352 locus,
1269 2275 1455 2341 cuius
1507 2284 1754 2359 partem
1807 2272 2157 2359 descripsi,
2210 2275 2274 2340 in
2326 2282 2656 2360 praestan-

266 2381 531 2447 tissimo
593 2378 821 2446 Codice
884 2379 1127 2448 Veneto
1187 2390 1244 2445 A
1302 2380 1367 2445 in
1418 2380 1647 2465 primis
1713 2377 1923 2458 loliis,
1989 2400 2152 2466 quae
2209 2389 2455 2446 textum
2506 2399 2655 2445 cum

272 2484 555 2554 Scboliis
596 2484 1009 2575 praecedunt.
1082 2485 1177 2553 Ex
1216 2485 1448 2572 primis
1487 2483 1655 2553 foliis
1700 2505 1874 2572 parS,
1921 2493 1989 2552 ut
2031 2484 2137 2562 fit,
2176 2485 2463 2553 abscissa
2505 2484 2654 2552 olim

276 2593 492 2680 periit.
584 2590 823 2673 Quanti
874 2592 1063 2679 pretii
1106 2590 1265 2657 liber
1310 2600 1480 2658 esset
1525 2593 1588 2657 in
1633 2592 1897 2658 Graecia
1946 2590 2171 2658 effoeta
2219 2600 2284 2659 et
2331 2592 2653 2681 decrepita

273 2718 467 2764 nemo
516 2696 934 2783 intelligebat.
1030 2696 1097 2763 Si
1152 2697 1259 2763 cui
1317 2697 1806 2765 membranaceo
1855 2697 2002 2764 lolio
2049 2707 2215 2764 esset
2264 2720 2424 2786 opus
2471 2720 2505 2766 a
2558 2720 2657 2767 ve·

276 2813 453 2869 tusto
508 2801 675 2868 libro
721 2801 963 2867 nullam
1031 2804 1094 2867 in
1148 2823 1282 2869 rem
1352 2803 1495 2869 utili
1560 2802 1891 2871 avellebat.
1992 2802 2097 2870 Sic
2163 2804 2468 2872 Athenaei
2532 2805 2658 2871 duo

272 2909 525 2996 priores
594 2907 744 2974 libri
828 2909 891 2973 in
966 2908 1406 2974 vetustissimo
1469 2909 1793 2975 Marciano
1864 2909 2092 2977 Codice
2166 2909 2655 2977 interciderunt.

272 3012 645 3101 Supersunt
693 3032 863 3079 nunc
913 3014 977 3078 in
1044 3013 1285 3079 Veneto
1341 3023 1394 3078 A
1443 3011 1710 3080 disiecta
1777 3013 2090 3102 quaedam
2152 3013 2294 3080 l'olia
2349 3015 2659 3099 paucula,

271 3138 553 3205 quorum
605 3127 902 3184 octavum
969 3125 1071 3184 est
1122 3118 1186 3182 in
1254 3137 1383 3204 quo
1430 3116 1538 3183 illa
1592 3140 1757 3206 quae
1817 3119 1963 3187 dedi
2029 3122 2268 3206 scripta
2318 3131 2470 3186 sunt
2521 3123 2659 3188 sine

274 3225 460 3293 initio
500 3233 569 3291 et
615 3223 781 3302 fine,
848 3223 1000 3311 quia
1048 3223 1341 3289 avulsum
1395 3224 1588 3310 periit
1635 3232 1699 3289 et
1746 3223 2134 3310 praecedens
2181 3223 2402 3291 folium
2455 3235 2519 3293 et
2567 3247 2661 3294 se-

270 3349 499 3417 quens.
596 3329 796 3395 Cuius
842 3337 1057 3395 autem
1109 3327 1214 3394 illa
1265 3328 1463 3394 sunt?
1561 3327 1861 3396 Suboluit
1907 3330 1972 3396 id
2028 3329 2184 3396 mibi
2234 3350 2312 3397 ex
2362 3351 2435 3397 eo
2484 3352 2662 3399 more

272 3442 566 3503 veterum
603 3484 623 3515 ,
698 3455 827 3521 quo
894 3434 1481 3502 Grammaticorum
1577 3434 2009 3502 Praelationes
2079 3435 2663 3522 praemittebantur

272 3541 457 3609 libris
507 3542 576 3606 in
634 3560 910 3627 quorum
964 3539 1369 3625 marginibus
1412 3541 1793 3629 (μετωπίοις)
1842 3540 2317 3607 observationes
2363 3551 2426 3608 et
2471 3540 2662 3609 Sebo-

273 3647 360 3714 lia
406 3648 730 3732 cuiusqne
790 3644 1214 3712 Grammatici
1269 3654 1573 3713 annotata
1621 3654 1862 3714 essent.
1960 3646 2101 3723 Sic,
2169 3655 2238 3712 ut
2300 3645 2419 3713 boc
2481 3658 2666 3725 utar,

277 3752 567 3819 Erotiani
635 3752 1203 3840 interpretationes
1267 3759 1382 3818 τῶν
1440 3752 1914 3833 Ἱπποκρατείων
1963 3758 2262 3831 γλωσσῶν
2310 3751 2388 3819 ad
2451 3755 2660 3840 ipsum

282 3856 691 3945 Hippocratis
732 3866 977 3925 textum
1023 3856 1102 3923 ad
1147 3876 1337 3943 quem
1382 3876 1674 3943 quaeque
1727 3857 1934 3922 locum
1979 3856 2388 3943 pertinebant
2437 3859 2500 3924 in
2550 3879 2665 3925 ora

279 3961 423 4029 libri
474 3961 1028 4030 adscribebantur.
1128 3961 1442 4029 Praelatio
1500 3973 1718 4028 autem
1779 3962 2066 4028 Erotiani
2119 3962 2188 4026 in
2238 3962 2467 4048 primis
2514 3962 2663 4031 libri

283 4067 448 4135 loliis
486 4069 1048 4156 praemittebatur.
1135 4068 1353 4155 Neque
1401 4068 1463 4134 id
1508 4068 1697 4135 aliter
1742 4068 1880 4136 fieri
1932 4077 2214 4154 poterat:
2264 4068 2332 4132 in
2375 4070 2665 4154 margine

284 4172 457 4240 circa
508 4181 755 4240 textum
809 4194 931 4240 non
976 4185 1113 4241 erat
1167 4174 1552 4241 praefationi
1605 4174 1815 4241 locus:
1887 4174 2106 4260 itaque
2153 4174 2219 4239 in
2273 4174 2669 4240 membranis

284 4277 447 4343 libro
533 4280 901 4363 praemissis
979 4278 1511 4357 describebatur,
1563 4275 1666 4345 'ne
1740 4280 1845 4346 illa
1919 4297 2069 4366 pars
2142 4280 2357 4365 operis
2429 4283 2665 4346 omissa

292 4383 559 4469 periret.
632 4384 752 4465 Qui
794 4385 1197 4472 praeclarum
1238 4384 1536 4453 Codicem
1572 4384 1888 4452 venetum
1931 4394 1988 4449 A
2031 4384 2288 4469 scripsit
2332 4382 2410 4450 ad
2447 4403 2666 4471 quem·
