2934 5050
280 313 365 373 20
1262 328 1662 375 nuscanum

546 501 654 563 τοῦ
701 495 765 561 δέ
809 520 901 569 τις
949 494 1270 563 ἀθανάτων
1309 494 1534 576 βλάψε
1581 494 1813 579 Φρένας
1859 494 2022 563 ἔνδον
2045 495 2241 570 ’ἕΐο-ας

550 601 617 677 ἦέ
663 625 759 676 τις
803 602 1156 683 ἀνθρώπων·
1204 604 1232 668 ὃ
1276 603 1328 668 δ’
1376 600 1494 681 ἔβη
1543 603 1712 681 μετὰ
1752 603 1985 684 πατρὸς
2036 602 2283 678 ἀκουήν.

275 705 563 772 Subnala
626 706 782 772 mihi
847 709 1131 794 suspicio
1193 715 1291 773 est
1355 708 1421 772 in
1488 708 1700 795 priore
1763 726 1955 775 versu
2024 705 2191 774 hanc
2255 707 2648 795 scripturam

274 809 424 876 olim
477 809 677 879 fuisse

734 918 870 985 τὸν
918 916 984 985 δέ
1028 942 1122 992 τις
1170 916 1493 985 ἀθανάτων
1539 916 1765 1001 βλάψε
1811 916 2040 1002 Φρένας
2064 968 2081 995 ,

271 1026 337 1088 et
400 1024 903 1107 grammaticum
973 1024 1189 1090 nescio
1240 1018 1443 1110 ‘quem
1512 1023 1678 1090 hanc
1738 1024 2270 1110 compositionem
2328 1019 2654 1089 similibus

274 1126 585 1215 exemplis
629 1127 957 1196 illustrare
1008 1128 1303 1195 voluisse.
1400 1129 1626 1197 Simile
1671 1139 1769 1196 est
1817 1129 1888 1196 ll.
1940 1139 2013 1195 Φ.
2064 1133 2149 1195 38

635 1235 664 1300 ὅ
709 1236 762 1301 δ’
811 1235 1022 1317 ἐρινεὸν
1067 1233 1197 1312 ὀξέϊ
1234 1240 1462 1319 χαλκῷ
1510 1235 1735 1315 ‘reims
1785 1235 1944 1308 νέους
1991 1233 2298 1316 ὄρπηκας.

273 1346 338 1403 et
398 1337 521 1404 alia
584 1339 913 1427 complura
966 1341 1227 1427 passim.
1325 1338 1742 1407 simillimum
1793 1342 1892 1407 est
1952 1341 2056 1405 τὸν
2113 1341 2175 1408 δὲ
2238 1340 2453 1412 σκότος
2510 1338 2654 1406 ὄσσε

272 1441 598 1527 κάλυψεν,
663 1455 728 1512 et
774 1446 1005 1529 φρένας
1054 1447 1118 1511 in
1174 1446 1362 1533 plane
1409 1443 1679 1532 gemella
1743 1446 2204 1533 compositione
2267 1446 2530 1533 ponitur
2577 1445 2651 1513 ll.

276 1558 346 1615 Ζ.
395 1554 526 1617 δὸὅ
1571 1550 1579 1567 ’

639 1656 773 1722 ἐπεὶ
816 1658 884 1723 σὲ
934 1656 1185 1736 μάλιςα
1233 1655 1409 1730 πόνος
1454 1657 1685 1740 Φρένας
1731 1657 2216 1741 ἀμφιβέβηκεν,

273 1759 443 1846 quod
491 1760 713 1828 sedulo
759 1762 1105 1828 imitantur
1153 1762 1452 1850 Tragici,
1504 1770 1574 1828 ut
1627 1763 1691 1829 in
1733 1766 1824 1842 μὴ
1870 1762 2072 1847 Φόβος
2121 1790 2192 1831 σε
2240 1761 2464 1830 νικάτω
2503 1764 2651 1847 φρέ-

274 1891 414 1944 νας,
464 1877 576 1934 aut
622 1867 822 1951 Φόβος
860 1871 932 1948 μ’
972 1866 1108 1951 ἔχει
1142 1868 1411 1952 Φρένας,
1461 1867 1630 1955 apud
1676 1868 2010 1936 Thierscli.
2059 1870 2320 1936 Homer.
2361 1868 2650 1936 Gramm.

272 1977 307 2059 ς
351 1977 518 2050 273,
571 1978 632 2039 4.
729 1973 1058 2040 Accedunt
1108 1973 1209 2040 his
1255 1972 1533 2061 denique
1584 1973 1653 2041 ll.
1703 1986 1784 2042 Ψ.
1840 1980 1989 2043 782.

769 2076 812 2144 ὦ
861 2078 1080 2157 πόποι,
1129 2078 1164 2159 ἦ
1209 2084 1282 2159 μ’
1329 2077 1589 2163 ἔβλαψε
1631 2081 1742 2147 θεοὶ
1787 2080 1982 2157 πόδας
2006 2134 2020 2147 .

272 2191 339 2249 et
383 2193 462 2249 Π.
513 2186 648 2251 660

771 2290 903 2355 ἐπεὶ
948 2291 1239 2370 βασιλῆα
1284 2289 1406 2357 ἴδον
1451 2293 1908 2373 βεβλαμμένον
1954 2291 2114 2378 ἦτορ.

365 2393 488 2461 Sed
541 2392 857 2482 quidquid
903 2395 1100 2462 huius
1149 2398 1242 2463 rei
1281 2406 1378 2464 est
1424 2398 1487 2463 id
1536 2409 1714 2465 certe
1763 2399 1921 2465 mihi
1972 2399 2228 2467 videtur
2274 2405 2454 2464 extra
2501 2418 2650 2464 con·

272 2500 648 2568 troversiam
697 2520 836 2569 esse
887 2500 1225 2585 Scholion,
1293 2502 1461 2591 quod
1520 2523 1718 2591 supra
1781 2503 2279 2591 adscripsimuS‚
2342 2500 2423 2568 ad
2471 2501 2649 2569 illam

272 2607 662 2694 scripturam
717 2610 904 2675 unice
952 2629 1309 2696 congruere
1356 2618 1420 2676 et
1466 2610 1561 2676 sic
1610 2611 1825 2676 omnia
1871 2618 2043 2677 recte
2094 2609 2346 2677 habere.

364 2813 591 2906 OdYSS.
645 2829 709 2890 Ξ.
772 2825 892 2887 199
939 2822 1009 2887 ἐκ
1068 2823 1186 2901 μὲν
1231 2819 1555 2903 Κρητάωνε
1611 2819 1738 2886 ἀπὸ
1793 2824 1900 2886 τοῦ
1962 2826 2306 2902 Κρῆται.
2371 2818 2477 2884 καὶ
2525 2817 2650 2892 τὰς

267 2925 534 3002 Ἀθήνας
589 2926 714 3008 γὰρ
779 2927 927 2993 ποτὲ
991 2928 1190 3001 ἑνικῶς
1252 2927 1400 2993 ποτὶ
1467 2927 1881 3001 πληθυντικῶς
1952 2923 2232 3008 δνομάζει
2258 2976 2273 2992 .
2342 2929 2522 2991 τοῦτο
2589 2924 2653 2991 δὲ

271 3028 552 3110 ζηλώσας
624 3033 653 3098 ὅ
720 3034 1141 3114 Καλλίμαχος
1202 3033 1306 3098 τὸν
1374 3032 1643 3099 Κολωνὸν
1706 3033 1975 3107 θηλυκῶς
2056 3031 2160 3098 καὶ
2235 3031 2648 3107 πληθυντικῶς

273 3132 480 3201 εἶπεν·

634 3241 704 3307 ἔκ
748 3267 830 3322 με
878 3243 1208 3311 Κολωνάων
1250 3229 1359 3318 τις
1389 3243 1629 3323 ὅμέςιον
1676 3245 1893 3324 ἤγαγε
1941 3243 2130 3320 δήμου

632 3353 751 3414 τῶν
796 3347 1029 3430 ἐτέρων.

366 3449 747 3520 Rectissime
787 3456 1157 3542 suspicatur
1205 3455 1641 3522 Buttmannus
1686 3474 1762 3521 ex
1807 3452 2179 3521 Callimachi
2232 3452 2460 3521 Hecale
2499 3473 2650 3521 eum

274 3556 484 3624 locum
548 3578 689 3625 esse
752 3557 1145 3628 desumtum.
1241 3561 1475 3629 Suidas
1538 3561 1753 3639 enim,
1826 3561 1934 3626 cui
1998 3558 2158 3625 nihil
2222 3570 2480 3647 praeter
2539 3561 2653 3635 τὴν

273 3661 547 3738 Ἐκάλην
609 3684 684 3731 ex
754 3664 1200 3734 Callimacheis
1268 3667 1526 3734 videtur
1587 3663 1668 3730 ad
1716 3685 1978 3731 manum
2042 3664 2284 3745 fuisse,
2349 3673 2415 3731 et
2478 3663 2651 3753 apud

276 3787 505 3855 quem,
572 3778 643 3835 ut
692 3772 1016 3859 suspicor.
1066 3771 1488 3860 complusculi
1538 3773 1606 3837 ἐκ
1664 3779 1775 3847 τῆς
1824 3771 2098 3847 Ἐκάλης
2160 3769 2460 3838 versiculi
2510 3772 2652 3836 sine

274 3880 499 3960 poetae
548 3877 804 3943 nomine
852 3876 1045 3944 latent
1074 3928 1092 3954 ,
1143 3877 1238 3944 bis
1286 3876 1366 3944 ad
1412 3898 1561 3944 eum
1613 3876 1821 3943 locum
1875 3878 2154 3964 respexit
2203 3897 2262 3944 v.
2316 3874 2648 3944 Κολωνάων

278 3985 342 4044 et
386 3999 444 4045 ν.
489 3984 891 4061 ‘oms-lov:
961 3983 1264 4064 ὅμόοικον,
1329 3982 1702 4066 ὁμωρόφιον,
1763 3985 2080 4063 γαμετήν.
2179 3981 2388 4068 Ipsius
2453 3981 2653 4048 bonae

275 4084 528 4153 vetulae
574 4088 765 4154 verba
829 4089 1108 4155 suntad
1159 4088 1476 4155 Theseum
1532 4087 1623 4153 ila
1683 4087 2000 4156 dicentis:
2059 4086 2348 4168 ἦγάγετό
2411 4086 2495 4167 μέ
2557 4112 2655 4161 τις

278 4199 552 4273 γυναῖκα
615 4195 682 4260 ἐκ
743 4200 861 4260 τῶν
923 4200 1205 4261 Κολωνῶν
1265 4199 1382 4259 τῶν
1435 4192 1665 4274 ἑτέρων.
1758 4191 1927 4273 Quid
1989 4194 2076 4259 sit
2141 4203 2358 4260 aulem
2408 4193 2479 4258 ἐκ
2538 4199 2656 4260 τῶν

276 4305 560 4365 Κολωνῶν
589 4306 708 4366 τῶν
747 4300 958 4383 ἑτέρων
1000 4317 1188 4366 nemo
1225 4297 1457 4366 melius
1493 4297 1743 4365 docebit
1784 4318 1976 4386 quam
2019 4285 2439 4368 Pherecrates
2477 4298 2654 4387 apud

280 4403 658 4491 Harpocrat.
707 4425 769 4474 v.
817 4408 1201 4480 Κολωνίτας·
