2934 5050
1048 281 1444 328 comacum-‚A
1510 282 1741 331 ιΛτιιιΑ.
2456 266 2584 328 415

235 467 411 514 sensu
479 444 998 531 intellegendum.
1089 447 1330 515 Avibus
1392 457 1610 516 autem
1673 450 1847 518 caelo
1904 449 2182 517 turbatis
2240 447 2321 515 ab
2374 447 2590 536 aquila

239 559 397 618 terra
442 558 569 623 est.
614 549 781 637 quod
833 548 1163 636 naufragis
1213 563 1456 639 portus.

354 657 457 725 Vs,
506 661 632 725 555
680 676 856 743 sqq.:
907 656 976 723 Si
1025 655 1220 725 datur
1257 657 1502 725 ltaliam
1556 661 1748 725 sociis
1794 667 1859 726 et
1907 677 2055 744 rege
2102 665 2362 742 recepto

888 760 1185 839 tendere,
1235 773 1306 828 ut
1353 764 1604 830 ltaliam
1655 765 1804 831 laeti
1847 763 2232 848 Latiumque
2257 768 2582 847 petamuS,

888 867 986 932 sin
1016 866 1354 953 absumpta
1381 868 1556 935 salus
1580 878 1663 945 et,
1689 878 1752 936 te
1779 877 1960 955 pater
1977 867 2216 953 optime
2236 866 2585 942 Teucrum,

893 979 1126 1057 pontus
1166 970 1355 1038 habet
1403 973 1638 1063 Libyae
1663 1024 1680 1052 ‚
1725 994 1841 1040 nec
1866 994 2011 1059 spes
2036 973 2163 1039 iam
2190 979 2397 1038 restat
2423 968 2582 1046 Iuli,

892 1086 956 1140 at
1003 1080 1169 1162 [reta
1217 1076 1516 1143 Sicaniae
1560 1078 1785 1146 saltem
1837 1078 2148 1162 sedesque
2198 1083 2498 1161 paratas,

892 1180 1058 1247 unde
1105 1182 1235 1247 huc
1280 1182 1556 1260 advecti,
1599 1202 1941 1270 regemque
1967 1193 2262 1269 petamus
2289 1184 2582 1246 Acesten.

227 1285 594 1375 Aliquanto,
646 1289 710 1351 ni
753 1285 971 1363 fallor,
1021 1288 1263 1352 rectius
1303 1285 1661 1372 legeretur:

886 1413 1037 1456 arva
1088 1402 1153 1456 ae
1204 1391 1498 1458 Sicaniae
1546 1403 1705 1460 cett.

304 1494 608 1561 Voculam
650 1506 715 1561 at
753 1515 942 1581 saepe
983 1496 1173 1561 metri
1213 1516 1405 1563 eausa
1448 1518 1482 1563 a
1509 1499 1710 1581 poetis
1737 1497 2065 1582 transponi
2093 1514 2280 1562 nemo
2302 1496 2583 1579 ignorat.

305 1600 503 1667 Locus
570 1602 848 1666 maxime
913 1609 1367 1667 controversus
1428 1611 1495 1668 et
1562 1604 1689 1669 iam
1758 1601 1942 1669 Gellii
2008 1600 2110 1689 (N.
2177 1602 2251 1667 A.
2311 1599 2424 1667 lx.
2477 1597 2585 1684 14)

224 1711 417 1772 aetate
463 1715 817 1792 corruptus
866 1704 1106 1790 legitur
1153 1705 1222 1785 1,
1275 1710 1406 1773 652
1455 1726 1635 1792 sqq.:

480 1807 613 1875 Nec
663 1812 880 1875 minus
930 1809 1174 1876 interea
1222 1812 1414 1875 sociis
1458 1811 1541 1877 ad
1586 1810 1772 1877 litora
1826 1811 2030 1877 mittit

478 1915 713 1999 viginti
768 1922 1024 1992 tauros,
1078 1934 1458 2000 magnorum
1513 1916 1841 1983 horrentia
1891 1924 2152 1982 centum

481 2028 666 2105 terga
713 2038 942 2096 suum,
998 2020 1259 2105 pinguis
1303 2027 1564 2087 centum
1615 2041 1762 2087 cum
1817 2019 2136 2087 matribus
2184 2036 2425 2104 agnos,

478 2144 752 2190 munera
803 2123 1227 2211 laetitiamque
1271 2125 1396 2192 dei.

300 2228 564 2295 Certum
607 2240 741 2305 est,
788 2237 852 2295 et
898 2232 1200 2296 convenit
1246 2229 1378 2296 sere
1426 2231 1598 2297 inter
1643 2232 1920 2317 optimos
1966 2228 2151 2295 bodie
2191 2227 2578 2313 interpretes

222 2331 457 2400 ultimis
519 2333 738 2400 verbis
794 2333 1117 2420 designari
1164 2336 1399 2400 vinum.
1475 2335 1956 2420 Peerlkampius
2005 2334 2123 2400 boc
2170 2333 2267 2400 sie
2313 2351 2351 2398 a
2397 2337 2582 2417 poeta

220 2437 337 2504 dici
399 2441 689 2527 potuisse
750 2440 891 2505 iure
956 2460 1229 2527 negans,
1289 2439 1618 2526 eleganter
1675 2439 1931 2527 quidem
2001 2448 2071 2506 ut
2118 2436 2401 2512 solebat,
2465 2431 2578 2501 sed

220 2543 407 2611 nimia
456 2544 754 2612 mutandi
802 2544 1071 2611 andacia
1121 2544 1389 2630 ideoque
1439 2564 1665 2630 parum
1718 2543 2131 2630 probabiliter
2176 2541 2490 2610 coniecit:

754 2670 1145 2736 muneraque
1192 2651 1559 2737 laticemque
1605 2648 1804 2736 Lyaei

296 2753 449 2821 mhi
508 2753 797 2821 nondum
860 2754 1190 2842 displicet,
1253 2754 1421 2842 quod
1489 2755 1716 2821 multis
1776 2752 2007 2821 abhinc
2054 2752 2241 2820 annis
2287 2749 2575 2819 venitin

221 2867 491 2928 menlem
515 2886 532 2925 Ξ

754 3116 2014 3135 000000000000

753 3297 1026 3345 munera
1077 3278 1225 3344 laeti
1270 3277 1564 3364 additque
1610 3276 1735 3344 dei.

220 3381 256 3444 i.
317 3402 371 3448 e.
439 3382 738 3472 (traiecta
784 3403 960 3450 more
1008 3393 1342 3470 poetarum
1406 3382 1695 3470 copula):
1748 3379 2054 3468 additque
2119 3401 2388 3450 munera
2436 3384 2585 3450 laeti

218 3485 333 3565 aei,
382 3489 429 3557 i.
475 3509 539 3555 e.
594 3487 862 3566 Bacchi,
910 3510 1101 3575 quem
1150 3490 1316 3555 infra
1364 3509 1456 3555 vs.
1510 3493 1635 3554 734
1688 3494 1867 3573 poeta
1911 3495 2094 3553 vocat
2119 3487 2393 3553 laetitiae
2413 3487 2583 3553 data·

220 3610 363 3657 rem.
437 3597 715 3660 Prorsus
760 3594 1059 3662 similiter
1107 3594 1255 3662 olim
1309 3592 1622 3660 Hesiodus
1669 3591 1829 3677 Opp.
1883 3596 2011 3657 614
2060 3590 2343 3658 dixerat:
2389 3591 2588 3673 δῶρα

221 3698 533 3764 Διωνύσοιο
596 3697 1027 3778 πολυγηθέος,
1098 3718 1287 3785 quae.
1326 3698 1463 3785 ipsa
1527 3696 1714 3764 verba
1783 3695 2061 3782 Vergilio
2122 3697 2428 3784 pangenti
2492 3715 2586 3763 vs.

224 3804 342 3868 535
388 3803 724 3870 obversata
775 3825 915 3870 esse
962 3806 1281 3890 suspicor.

301 3906 505 3974 Locus
554 3910 845 3974 omnium
892 3908 1394 3975 obscurissimus
1441 3917 1539 3974 est
1586 3908 1698 3994 qui
1748 3906 1988 3991 legitur
2026 3905 2112 3984 ΙΙ,
2168 3910 2293 3973 165
2320 3926 2490 3994 sqq.=

487 4012 715 4080 Omnis
762 4034 907 4101 spes
956 4014 1240 4081 Danaum
1292 4022 1356 4080 et
1403 4014 1611 4099 coepti
1665 4011 1894 4076 fiducia
1943 4009 2088 4076 belli

489 4117 764 4183 Palladis
805 4120 1064 4185 auxiliis
1110 4138 1364 4204 semper
1413 4117 1612 4183 stetit.
1664 4117 1907 4202 impius
1954 4135 2029 4182 ex
2081 4136 2208 4203 quo

488 4221 769 4309 Tydides
818 4223 928 4290 sed
977 4227 1149 4291 enim
1200 4222 1645 4309 scelerumque
1692 4222 1991 4287 inventor
2038 4220 2265 4289 Ulixes

489 4323 679 4394 fatale
725 4327 1013 4414 adgressi
1072 4337 1323 4396 sacrato
1371 4327 1645 4395 avellere
1693 4325 1930 4413 templo
