2934 5050
1030 314 1411 363 ruiaonoeica
1459 313 1531 360 ιτ
1577 312 1830 361 cannes.
2539 297 2624 359 29

324 486 708 562 Σημειοῦται
756 483 821 551 δὲ
867 484 1014 568 πρὸς
1058 485 1164 551 τὸν
1210 486 1396 553 αὐτὸν
1443 486 1818 568 &repes-lma,
1867 482 2055 570 διπλῇ
2101 483 2223 559 τὰς
2269 483 2622 563 ὁμωνυμίας

230 586 538 667 ἁπάσας,
579 585 672 655 ὅτι
709 592 776 658 οὔ
816 591 1036 668 νοήσας
1077 591 1145 656 τὸ
1184 596 1446 657 τοιοῦτον
1486 592 1763 676 ἔγραψεν
1798 591 1898 656 ὁτὲ
1940 590 2055 670 μὲν
2091 590 2623 668 Πυλαιμένεα

233 694 339 759 ὁτὲ
397 694 465 758 δὲ
526 693 1088 776 Κυλαιμένεα.
1155 696 1298 777 πρὸς
1343 698 1458 775 μὲν
1508 699 1579 774 δη
1630 696 1949 775 Ζηνόδοτον
1994 697 2160 775 αὐτῷ
2206 698 2241 773 ἦ
2288 694 2623 778 παράθεσις

233 807 351 874 τῆς
398 802 870 882 περιεςιγμένης
917 802 1139 877 διπλῆς
1185 802 1330 883 πρὸς
1377 803 1606 880 ἑκάς-ην
1652 803 1907 886 γραφὴν
1956 800 2343 884 ἀκριβές-ερον
2392 801 2623 882 θεωρεῖ-

235 927 365 971 ται.
467 905 553 971 De
599 926 727 992 quo
776 903 928 970 haec
988 904 1300 972 dicuntur
1356 916 1420 973 et
1468 909 1615 996 quis
1668 906 1997 994 loquitur?
2095 906 2419 972 Dicuntur
2468 906 2624 971 haec

236 1010 319 1076 de
368 1011 748 1077 Aristarcho
793 1010 1096 1077 Zenodoti
1149 1013 1410 1080 vitiosas
1456 1014 1819 1101 scripturas
1878 1021 1941 1078 et
2003 1011 2163 1076 alios
2219 1030 2471 1078 errores
2521 1031 2624 1076 re-

239 1114 499 1183 fellente
545 1137 620 1183 ac
671 1116 942 1196 σημείοις
983 1115 1257 1183 diversis
1306 1125 1590 1185 notante.
1689 1118 2003 1205 Loquitur
2049 1125 2266 1184 autem
2307 1118 2363 1182 is
2402 1118 2512 1204 qui
2557 1137 2625 1184 se

236 1221 321 1289 ad
361 1223 654 1309 singulos
709 1223 963 1288 Homeri
1014 1221 1224 1302 locOS,
1268 1223 1374 1289 ubi
1427 1225 1462 1300 ἧ
1504 1224 1938 1306 περιεςιγμένη
1984 1222 2173 1299 διπλῆ
2214 1224 2502 1311 apposita
2544 1221 2624 1288 ab

238 1327 618 1395 Aristarcho
657 1338 861 1406 esset,
907 1326 1283 1414 diligentius
1322 1329 1402 1395 de
1444 1327 1547 1395 his
1584 1330 1794 1415 egisse
1837 1336 2327 1395 commemorat.
2404 1328 2625 1415 Ecqua

239 1434 446 1520 igitur
493 1432 812 1500 dubitatio
863 1444 1069 1521 potest
1115 1454 1255 1501 esse
1305 1435 1459 1521 quin
1518 1437 1722 1522 ipsius
1770 1436 2117 1502 Aristonici
2170 1432 2359 1499 verba
2405 1432 2624 1498 audia-

240 1557 392 1604 mus
457 1539 644 1604 initio
708 1539 853 1604 libri
915 1540 1051 1622 περὶ
1114 1546 1232 1607 τῶν
1281 1539 1658 1624 Ἄρις-ἄρχου
1721 1542 1985 1620 σημείων
2066 1540 2391 1606 narrantis
2460 1557 2625 1625 quae

238 1643 562 1731 cuiusque
611 1646 867 1724 σημείου
915 1648 1081 1711 ratio
1129 1655 1189 1712 et
1234 1646 1626 1731 significatio
1672 1645 1837 1732 apud
1888 1643 2334 1712 Aristarchum
2377 1644 2622 1710 luisset.

239 1748 364 1816 Ubi
424 1749 621 1817 semel
674 1750 831 1817 haec
889 1752 1172 1838 suspicio
1236 1771 1357 1816 non
1426 1750 1900 1839 improbabiliS,
1967 1761 2036 1816 ut
2098 1752 2361 1837 opinor,
2426 1747 2626 1815 subiit

236 1856 531 1921 animum
596 1859 1006 1948 excutiamus
1067 1855 1281 1943 paullo
1345 1858 1671 1923 curiosius
1736 1856 2003 1944 reliqua.
2121 1856 2235 1922 Est
2303 1857 2365 1921 in
2429 1853 2626 1921 Iliade

236 1971 307 2029 ε.
360 1965 514 2029 ⁴99.
2727 1948 2736 1957 “

1148 2069 1177 2134 ὁ
1223 2068 1286 2136 δὲ
1331 2070 1427 2151 φη
1475 2069 1727 2136 κώδειαν
1775 2066 2071 2149 ἀνασχών

602 2172 887 2256 πέφραδέ
934 2197 1007 2239 τε
1050 2174 1323 2257 Τρώεσσι
1370 2174 1478 2241 καὶ
1528 2174 1862 2256 εὐχόμενος
1906 2173 2048 2247 ἔπος
2098 2175 2286 2251 ηὔδα.
2389 2232 2402 2238 -

232 2279 350 2347 ubi
403 2277 563 2346 baec
605 2289 706 2345 est
753 2299 829 2346 ex
879 2280 1242 2346 Aristonico
1288 2290 1590 2367 excerpta
1639 2282 1995 2347 annotatio:
2048 2282 2082 2355 ἢ
2134 2278 2622 2368 (περιεςιγμένη)

230 2387 431 2459 διπλῆ
485 2382 579 2451 ὅτι
641 2385 1018 2464 ἀναγνόντες
1075 2387 1229 2460 τινὲς
1286 2388 1393 2469 <pir
1442 2386 1777 2453 κώδειαν
1825 2387 1935 2469 ὑφ’
1990 2384 2092 2464 ἕν,
2153 2382 2230 2449 ἵν’.
2275 2384 2309 2468 ᾖ
2357 2388 2446 2459 ὥς
2494 2387 2625 2452 κώ-

233 2492 460 2558 δειοιν
482 2543 502 2569 ,
552 2489 1023 2574 προσεπέταξαν
1062 2492 1167 2559 τὸν
1211 2491 1573 2572 ἦθετημένον
1597 2544 1612 2559 .
1664 2491 1950 2560 οὐδέποτε
1992 2491 2054 2558 δὲ
2098 2488 2372 2573 Ὅμηρος
2414 2492 2484 2558 τὸ
2529 2499 2624 2575 Φῆ

233 2598 378 2664 α’ντὶ
424 2602 537 2664 τοῦ
584 2600 663 2670 ὡς
710 2598 1019 2679 τέταχεν.
1084 2597 1227 2670 ἴσως
1273 2598 1337 2664 δὲ
1391 2597 1499 2664 καὶ
1546 2599 1937 2682 Ἀντίμαχος
1998 2599 2267 2665 ἐντεῦθεν
2314 2598 2625 2674 ἐπλανήθη

233 2706 348 2787 <pit
393 2703 864 2787 γεράνοισιν
912 2703 1126 2770 εἷα-ὦν.
1190 2704 1286 2771 δεῖ
1334 2705 1396 2770 δὲ
1444 2702 1655 2783 ἔξωθεν
1718 2702 2230 2788 προσλαμβάνειν
2275 2705 2347 2771 τὸ
2394 2706 2470 2779 ὥς
2519 2704 2625 2770 καὶ

235 2811 482 2877 ἀθετεῖν
529 2809 635 2875 τὸν
678 2810 878 2890 ςίχον.
953 2808 1119 2890 Quid
1173 2809 1286 2875 tibi
1330 2808 1625 2876 videtur?
1701 2809 1897 2876 Estne
1948 2810 2112 2877 idem
2165 2811 2243 2877 de
2291 2810 2512 2877 eadem
2561 2830 2628 2877 re

234 2914 475 3003 agens?
527 2914 638 2980 sed
684 2914 926 3001 reliqua
973 2902 1329 2981 videamus.
1426 2914 1736 3002 Sequitur
1785 2917 1849 2981 in
1897 2915 2296 3001 fragmento:
2344 2921 2627 2995 σημειοῦ-

236 3045 345 3088 ται
399 3022 463 3087 δὲ
506 3021 656 3103 πρὸς
694 3020 798 3086 τὸν
844 3020 1035 3086 αὐτὸν
1089 3020 1462 3103 ἀπεριςίκτῳ
1524 3020 1712 3105 διπλῇ
1759 3020 1877 3094 τὰς
1938 3023 2291 3101 ὁμωνυμίας
2337 3020 2624 3096 οὶποέσας.

236 3125 411 3193 Audi
461 3145 636 3191 nuuc
687 3123 1125 3192 Aristonicum
1188 3125 1267 3192 ad
1316 3125 1496 3193 Iliad.
1542 3137 1606 3192 B.
1658 3131 1823 3194 857:
1875 3131 1910 3204 ἧ
1957 3129 2146 3202 διπλῆ
2193 3124 2284 3194 ὅτι
2332 3129 2361 3194 ὁ
2409 3133 2626 3203 ’Άσιος

235 3230 405 3307 οὗτος
453 3229 772 3311 ὁμώνυμός
821 3233 911 3302 ἐςι
953 3233 1038 3314 τῷ
1082 3232 1364 3312 Ἑκάβης
1408 3231 1663 3315 οὶδελφῷ
1689 3284 1702 3298 .
1752 3233 2109 3312 ἐσημειοῦτο
2156 3234 2217 3300 δὲ
2266 3235 2294 3301 ὁ
2346 3234 2658 3317 ’Apis-xp·-

238 3363 348 3421 χος
411 3338 535 3410 τὰς
596 3337 954 3418 ὁμωνυμίας
1016 3338 1164 3419 πρὸς
1222 3338 1311 3404 τὰ
1361 3337 1522 3427 (περὶ
1574 3338 1810 3428 insere)
1862 3331 2325 3418 ’Πυλαιμένουςκ
2422 3339 2629 3406 Salin’

240 3450 505 3532 apparet
550 3443 772 3510 eadem
823 3443 904 3509 ab
950 3442 1171 3511 codem
1223 3442 1394 3510 dici?
1493 3443 1617 3524 Qui
1671 3442 1775 3509 illa
1825 3464 1903 3511 ex
1955 3446 2301 3511 Aristonici
2357 3444 2520 3511 libro
2563 3445 2630 3511 iu

241 3547 646 3637 marginibus
709 3548 959 3615 Codicis
1030 3550 1257 3638 Veneti
1321 3548 1662 3635 descripsit
1729 3551 1933 3637 ipsius
2007 3551 2350 3616 Aristonici
2416 3549 2630 3616 verbis

242 3657 496 3736 utitur,
578 3665 642 3721 et
728 3655 870 3721 sine
935 3657 1191 3722 nomine
1265 3655 1620 3721 Aristarchi
1692 3660 2056 3735 σημειοῦται
2086 3705 2102 3734 ,
2185 3657 2436 3743 inquit,
2509 3657 2629 3732 τὰς

240 3760 599 3843 ὁμωνυμίας
662 3759 923 3835 ἁπάσας
988 3761 1132 3843 πρὸς
1196 3762 1303 3827 τὸν
1373 3759 1733 3841 Ζηνόδοτον,
1797 3770 1863 3827 et
1925 3762 2086 3828 satis
2146 3770 2286 3840 est,
2353 3782 2632 3848 namque

243 3866 346 3933 illa
381 3868 597 3933 omnia
648 3865 1060 3932 Aristarcliea
1097 3886 1237 3932 esse
1274 3866 1635 3932 constabat.
1677 3865 1851 3933 eonr.
1896 3864 2116 3932 Lchrs.
2159 3867 2236 3933 de
2277 3866 2634 3934 Aristarchi

243 3973 463 4038 studiis
526 3970 881 4038 Homericis
949 3992 1092 4058 pag.
1149 3977 1253 4039 10.
1378 3971 1541 4037 Aliis
1613 3972 1766 4037 locis
1828 3970 2231 4039 Scholiorum
2306 3969 2633 4038 consector

244 4078 379 4144 suis
426 4077 643 4143 verbis
699 4078 1043 4142 Aristonici
1094 4078 1482 4144 sententiam
1534 4077 1767 4152 refert,
1818 4088 1882 4142 et
1931 4077 2187 4163 saepius
2233 4078 2636 4156 σημειοῦνταί

243 4206 437 4261 τινες,
487 4202 973 4267 nonnumquam
1024 4185 1376 4263 ἐσημειοῦτο
1417 4185 1445 4249 ὁ
1482 4184 1853 4265 ’Apis-amoc
1896 4193 1960 4248 et
2006 4182 2199 4247 simili
2253 4181 2439 4248 modo
2474 4183 2631 4248 scri·

245 4287 362 4356 bit.
462 4287 573 4355 Sic
622 4307 817 4374 supra
866 4286 1145 4354 vidimus
1212 4286 1306 4355 ὅτι
1351 4286 1727 4369 ἀναγνόντες
1775 4288 1933 4360 τινὲς
1977 4292 2087 4370 Φῆ
2136 4287 2471 4355 κώδειαν
2518 4307 2633 4373 pro

246 4394 553 4473 ἀναγνοὺς
603 4393 631 4457 ὁ
695 4391 1037 4469 Ζηνόδοτος.
1131 4395 1239 4461 Τὰ
1297 4395 1430 4477 περὶ
1490 4394 1913 4474 Πυλαιμένους
1970 4390 2190 4459 eodem
2243 4391 2429 4458 modo
2482 4410 2632 4458 nar-
