2934 5050
383 276 559 326 mor.
612 277 837 335 Qum.
887 278 953 326 m
1000 277 1197 330 meua.
1248 279 1431 326 osu.
1484 278 1602 326 rao
1651 279 1704 326 c.
1755 277 2009 325 assuuo
2056 274 2367 325 Pos‘mmo.
2479 256 2562 321 81

210 446 330 514 Sed
379 448 550 516 idem
594 448 708 515 ille
750 469 922 516 error
965 429 1117 515 huic
1163 450 1433 515 orationi
1478 447 1715 514 vulnus
1729 495 1748 526 ,
1797 445 2004 512 adhuc
2045 445 2249 512 latens
2265 493 2282 524 ‚
2330 445 2565 513 inflixit

211 555 275 618 in
316 554 521 620 verbis
568 557 796 641 capitis
840 553 937 620 H:

293 658 480 736 „Hoc
519 659 634 727 ille
677 665 867 726 natus
881 707 899 738 ‚
961 665 1010 735 †
1053 661 1348 744 quamvis
1414 662 1666 744 patrem
1723 678 1916 723 suum
1973 675 2329 741 numquam
2389 655 2567 724 vide-

374 765 527 831 rat”.

288 869 522 935 Verum
564 872 734 935 mihi
778 871 1087 936 indicavit
1121 870 1317 935 codex
1351 869 1736 934 Francianus
1750 916 1768 945 ,
1816 869 1928 953 qui
1967 867 2120 931 fert:
2176 915 2209 943 ,‚
2232 887 2424 951 quam
2462 868 2565 935 via*

203 977 440 1058 patrem
505 996 696 1041 suum
754 995 1108 1061 numquam
1165 973 1464 1041 viderat&
1575 969 1786 1039 Ceteri
1844 991 2062 1037 omnes
2119 969 2271 1036 libri
2330 971 2566 1037 habent

201 1080 455 1163 quamvis
497 1117 584 1129 -
630 1080 865 1145 viderat
879 1128 896 1159 ‚
957 1082 1191 1146 vitiosa
1246 1079 1522 1166 syntaxi.
1616 1077 1802 1143 Nunc
1846 1096 2047 1161 quum
2090 1081 2378 1161 separata
2420 1096 2564 1143 con-

201 1188 322 1249 stat
361 1184 592 1251 vocula
631 1186 737 1250 vix
751 1231 769 1264 ,
830 1184 956 1251 loci
1017 1183 1373 1250 emendatio
1397 1179 1492 1249 'in
1518 1187 1837 1268 promptu
1881 1186 1995 1246 est.
2090 1181 2427 1267 Numquam
2469 1183 2571 1248 in-

201 1288 577 1374 terpolatum
593 1336 611 1367 ‚
634 1294 735 1355 ·ut
777 1289 964 1376 plura
1004 1292 1074 1353 in
1117 1289 1238 1354 hac
1283 1290 1584 1354 oratione.
1677 1286 2055 1375 Legendum
2100 1289 2394 1352 omnino:

286 1441 320 1470 „
336 1393 465 1460 Hic
508 1394 625 1461 illo
668 1400 857 1461 natus
874 1443 892 1473 ,
941 1413 1329 1479 quamquam
1372 1396 1488 1461 vix
1530 1396 1782 1477 patrem
1824 1412 2018 1457 suum
2059 1392 2358 1457 viderat”.

202 1495 269 1561 ln
309 1499 520 1566 codice
565 1504 820 1566 vetusto
856 1497 1093 1565 lineola
1134 1518 1324 1583 supra
1357 1517 1553 1582 quam
1591 1496 1783 1562 ducta
1796 1544 1814 1575 ,
1864 1499 2169 1582 temporis
2202 1496 2387 1582 lapsu
2428 1496 2566 1585 legi

201 1622 316 1667 non
359 1602 640 1688 mplius
681 1608 949 1689 poterat.
1047 1602 1412 1688 Quamquam
1470 1603 1826 1687 suspicatus
1880 1606 1977 1667 est
2019 1600 2357 1681 Halmius3
2421 1623 2569 1668 mea

202 1726 436 1792 quoque
479 1709 610 1773 fuit
652 1710 865 1794 opinio
905 1711 1053 1772 ante
1097 1709 1305 1773 visam
1352 1705 1607 1771 Halmii
1649 1705 2012 1771 editionem.
2064 1741 2149 1753 —
2193 1704 2360 1770 Item
2399 1707 2568 1791 apud

198 1809 506 1901 Nepotem,
581 1815 652 1878 in
714 1812 891 1878 Milt.
953 1812 1030 1890 2,
1097 1810 1157 1877 3.
1225 1810 1572 1899 legendum
1632 1827 1883 1876 censeo:
1959 1855 1994 1886 „
2013 1832 2359 1895 quamquoem
2427 1810 2567 1897 (pro

197 1917 472 1999 quamvis)
519 1918 776 1983 carebat
809 1914 1124 1983 nomine”.
1165 1953 1250 1965 —
1295 1915 1814 1991 Animadvertas,
1861 1914 2074 1979 verbis
2119 1961 2154 1993 „
2176 1935 2566 2000 quamquam

198 2021 299 2084 vix
338 2026 591 2106 patrem
629 2042 821 2087 suum
851 2020 1134 2086 viderat”
1172 2019 1468 2085 Postumi
1505 2039 1738 2085 nomen
1774 2016 2021 2085 definiri
2040 2065 2058 2096 ,
2098 2023 2177 2083 ut
2214 2023 2567 2105 opponatur

197 2126 427 2197 nomini
467 2127 673 2213 patris
705 2128 773 2190 in
808 2125 1158 2211 prioribus:
1205 2170 1240 2202 „
1254 2125 1449 2190 huius
1470 2128 1652 2209 pater
1687 2121 1759 2191 C.
1807 2120 2106 2191 Curtius''
2119 2171 2138 2200 ,
2186 2124 2302 2189 ubi
2344 2144 2564 2191 omnes

195 2226 333 2296 libri
377 2232 621 2299 habent
670 2231 887 2296 acrius
930 2235 1179 2316 praeter
1223 2230 1664 2297 Francianum.

275 2499 344 2591 ln
400 2500 542 2569 loco
607 2501 932 2587 desperato
991 2500 1072 2566 ad
1134 2498 1327 2566 finem
1372 2496 1524 2584 Cap.
1588 2497 1651 2564 11
1710 2497 2014 2566 Halmius
2066 2506 2131 2567 et
2189 2501 2563 2592 Madvigius

195 2624 482 2673 consensu
528 2608 624 2672 sic
665 2605 932 2695 legunt:

279 2759 311 2788 ,‚
330 2710 577 2778 Stulte:
626 2715 770 2797 quis
813 2709 1048 2800 negat?
1109 2716 1224 2776 aut
1267 2713 1409 2796 quis
1464 2713 1597 2775 iam
1643 2711 1797 2775 volet
1841 2713 2049 2792 (audet
2092 2710 2345 2794 Madv.)
2389 2713 2557 2797 quod

359 2816 531 2884 male
580 2816 811 2883 cecidit
853 2817 1011 2881 bene
1057 2815 1417 2882 consultum
1460 2821 1705 2900 putare.
1777 2814 1938 2880 Sed''
1983 2836 2115 2900 sqq.

197 2915 286 2984 Ibi
325 2923 517 2988 ceteri
566 2921 810 2986 codices
858 2968 892 2997 „
913 2922 1073 3006 quod
1113 2919 1274 3007 (quo)
1323 2919 1494 2985 male
1540 2918 1802 2984 cecidit’'
1852 2919 2151 2984 referunt.
2244 2916 2320 2982 In
2366 2918 2557 2983 Fran-

196 3025 358 3092 ciano
416 3025 663 3114 legitur
721 3047 832 3110 que
846 3072 863 3103 ‚
926 3025 971 3089 i.
1037 3046 1090 3090 e.
1139 3046 1291 3110 quae
1304 3053 1333 3102 ,·
1388 3023 1556 3090 unde
1617 3024 1909 3090 dubitare
1971 3025 2179 3108 incepi
2236 3023 2316 3088 de
2367 3024 2560 3089 verbo

197 3125 358 3196 finito
404 3132 589 3211 (volet
607 3177 626 3207 ,
689 3131 894 3210 audet)
939 3132 1008 3194 in
1052 3131 1364 3215 principio
1406 3149 1521 3214 pro
1562 3129 1959 3195 variantibus
2006 3135 2316 3206 ammonet,
2364 3129 2560 3192 admo-

196 3241 315 3311 aet,
360 3241 586 3300 amovet
601 3280 619 3311 ‚
667 3236 870 3299 amodo
887 3282 905 3311 ,
953 3239 1018 3300 et
1057 3234 1134 3300 de
1181 3233 1309 3299 alia
1345 3232 1703 3321 corrigendi
1745 3234 1989 3298 ratione
2028 3234 2306 3319 cogitare
2325 3280 2343 3309 ,
2391 3255 2454 3299 v.
2493 3232 2555 3298 9.

279 3386 312 3417 „
331 3337 577 3405 Stulte:
626 3341 770 3424 quis
814 3335 1047 3426 negat?
1093 3342 1205 3403 aut
1241 3339 1383 3423 quis
1425 3340 1559 3402 iam
1596 3337 1931 3401 admonitus
1973 3357 2109 3402 rem
2125 3384 2144 3414 ,
2193 3357 2353 3423 quae
2386 3338 2557 3404 male

361 3445 591 3510 cecidit
609 3465 636 3522 ,·
675 3444 852 3510 bene'
879 3442 1236 3509 consultam
1279 3439 1571 3527 putaret?
1639 3440 1800 3506 Sed”
1850 3479 1934 3490 —
1980 3446 2129 3506 cett.

198 3545 430 3614 Putaret
487 3549 564 3612 id
617 3548 860 3635 legitur
919 3550 988 3613 in
1048 3547 1183 3613 cod.
1232 3545 1461 3612 Salisb.
1527 3550 1592 3611 et
1649 3544 2117 3612 Vindobonensi
2171 3546 2388 3612 altero.
2481 3545 2557 3611 In

197 3652 434 3720 exordio
497 3659 836 3719 monuerat
902 3658 1111 3718 orator
1126 3699 1144 3731 ,
1213 3652 1506 3717 homines
1566 3651 1686 3717 hoc
1749 3650 2124 3736 plerumque
2181 3651 2384 3718 facere
2398 3699 2416 3731 ,
2480 3657 2556 3718 ut

198 3756 444 3824 consilia
501 3761 746 3825 eventis
787 3758 1149 3848 ponderent.
1241 3757 1303 3824 N
1305 3777 1387 3823 on
1442 3755 1729 3823 multum
1778 3756 2155 3840 providisse,
2215 3756 2383 3822 nihil
2426 3757 2555 3823 fere

198 3863 443 3928 sensisse
477 3864 864 3950 arguebatur
907 3862 1271 3929 Postumus.

279 4111 497 4201 Capite
540 4117 668 4196 m,
720 4117 779 4182 6.
829 4117 1103 4206 legitur:

287 4265 320 4295 „
337 4221 499 4285 Hinc
557 4225 843 4309 primum
904 4225 1184 4289 exoritur
1251 4225 1491 4288 crimen
1556 4225 1749 4287 illud:
1822 4227 2113 4287 senatum
2180 4227 2549 4307 corruptum

368 4346 496 4391 esse
543 4327 779 4393 dicunt.
853 4327 905 4392 Ο
947 4329 1013 4392 di
1058 4325 1485 4393 immortalesl
1547 4328 1699 4393 haec
1751 4333 1847 4393 est
1890 4329 2006 4392 illa
2049 4332 2347 4413 exoptata
2388 4328 2551 4392 iudi-

2129 4435 2159 4479 e
