2934 5050
379 294 506 354 274
1205 305 1510 352 tumtum
1559 306 1629 351 ετ
1680 304 1984 352 tucrum.

385 481 519 551 tet,
590 472 651 537 id
706 473 768 538 in
817 470 1159 558 adoptione
1218 474 1379 538 satis
1440 480 1543 539 est
1588 472 1782 537 trium
1843 491 1983 540 esse
2029 471 2395 538 horarum”.
2488 468 2573 536 lb.
2624 474 2718 543 17.

387 583 514 644 45:
571 585 850 665 »quarta
894 578 982 643 sit
1026 578 1352 643 accusatio
1396 578 1644 644 trinum
1687 578 2046 645 nundinum
2089 575 2378 664 prodicta
2402 573 2572 642 die’'.
2617 574 2731 639 nu·-

383 681 565 749 tilius
612 702 716 771 ap.
745 683 941 749 Macr.
993 681 1254 748 Saturn.
1296 683 1345 748 1.
1392 687 1494 748 16.
1532 687 1652 749 36:
1706 702 1908 769 »quae
1957 682 2145 772 (scita
2190 689 2387 767 atque
2434 677 2717 763 consulta)

383 787 767 854 trinundino
828 787 932 852 die
992 788 1316 873 proposita
1378 806 1415 852 a
1478 787 1752 872 singulis
1799 796 1992 874 atque
2041 786 2359 853 universis
2404 784 2587 851 facile
2626 801 2719 847 no-

386 892 806 970 scebantur”,
851 891 999 958 fort.
1049 893 1287 957 trinum
1330 891 1681 958 nundinum
1719 894 1842 958 die.
1889 892 2020 958 Cic.
2069 891 2250 958 Fam.
2300 889 2471 956 XVI.
2525 893 2618 954 12.
2661 891 2718 952 5:

389 997 690 1086 »(Caesar
759 995 919 1063 dicit
981 1015 1050 1062 se
1109 995 1548 1082 consulatum)
1618 1005 2017 1084 praesentem
2078 997 2322 1062 trinum
2390 992 2718 1060 nundinum

375 1102 823 1189 petiturum”;
872 1100 1193 1188 praeludit
1241 1104 1424 1188 quasi
1476 1101 1581 1168 bic
1630 1101 1829 1180 locuS‚
1879 1102 1933 1168 si
1971 1120 2168 1167 sanus
2205 1106 2328 1178 est,
2371 1100 2521 1166 usui
2554 1114 2716 1183 quem

386 1207 555 1295 apud
602 1206 857 1273 Livium
906 1207 1019 1272 ΙΙΙ.
1063 1213 1148 1273 55
1201 1208 1595 1273 invenimus:
1663 1207 1964 1274 »comitia
2009 1205 2396 1271 decemviris
2457 1200 2720 1269 creandis

385 1315 450 1378 in
502 1312 745 1377 trinum
798 1310 1157 1378 nundinum
1208 1310 1521 1377 indicta’'.
1622 1310 1880 1377 Scilicet
1937 1309 2258 1396 frequenti
2308 1328 2431 1375 usu
2477 1306 2723 1394 genetivi

384 1418 623 1482 trinam
677 1417 1029 1482 nundinam
1079 1418 1194 1504 (:·..··
1241 1417 1560 1483 trinarum
1630 1415 2099 1502 nundinarum)
2164 1415 2405 1481 omisso
2452 1410 2723 1479 vocabulo

385 1522 520 1587 dies
587 1522 832 1587 lactum
910 1530 1009 1587 est
1072 1530 1145 1588 ut
1190 1523 1433 1587 trinum
1495 1522 1847 1587 nundinum
1905 1538 2022 1608 pro
2080 1519 2483 1586 substantivo
2540 1515 2723 1584 neutri

387 1628 645 1712 generis
707 1625 1088 1704 baberetur,
1156 1624 1742 1712 quemadmodum,
1807 1625 2003 1692 simili
2067 1624 2148 1693 de
2203 1644 2439 1704 causa,
2506 1633 2572 1689 ut
2624 1619 2724 1685 boc

388 1742 573 1810 utar,
643 1733 1036 1808 sestertium,
1106 1730 1276 1817 quod
1347 1731 1499 1797 olim
1568 1732 1909 1817 genetivus
1978 1739 2161 1810 erat,
2241 1728 2559 1816 frequenti
2622 1742 2723 1790 usu

391 1838 605 1905 neutri
651 1837 908 1922 generis
951 1847 1017 1902 et
1059 1835 1409 1922 singularis
1459 1839 1712 1903 numeri
1760 1835 2004 1903 factum
2052 1843 2172 1903 est.
2246 1834 2479 1902 Probat
2523 1831 2581 1898 id
2620 1848 2725 1897 nu·

386 1941 671 2021 merale;
726 1961 872 2007 nam
915 1943 969 2005 si
1020 1959 1055 2004 a
1095 1942 1445 2006 ntandinum
1495 1941 1710 2009 neutri
1757 1942 2013 2027 generis
2061 1940 2228 2007 lacta
2268 1947 2435 2007 esset
2481 1937 2579 2004 illa
2621 1935 2727 2000 ior·

389 2049 603 2122 mula,
671 2048 794 2111 tria
849 2045 1128 2111 nundino
1184 2055 1248 2111 et
1296 2047 1492 2111 trium
1555 2070 1615 2112 n.
1667 2046 2160 2132 requirebatur3
2215 2044 2327 2111 sed
2375 2063 2411 2109 a
2448 2041 2727 2109 nundinae

390 2173 470 2219 ex
507 2151 831 2219 constanti
874 2170 1028 2228 usu,
1076 2171 1203 2236 quo
1242 2152 1384 2216 bina
1418 2163 1621 2217 castra
1660 2160 1727 2218 et
1770 2153 1895 2217 alia
1919 2151 2179 2228 dicunt,
2228 2151 2431 2217 trinae
2450 2148 2727 2215 nundinae

391 2258 586 2323 fiunt.
677 2256 897 2342 Neque
956 2257 1013 2320 si
1071 2275 1106 2321 a
1155 2256 1505 2321 nundinum
1565 2255 2102 2343 proficiscendum
2164 2264 2305 2333 est,
2376 2254 2501 2321 ulla
2559 2269 2724 2318 causa

392 2360 830 2446 intellegitur,
917 2380 1117 2447 quare
1197 2360 1550 2447 singularis
1624 2362 1889 2427 trinum-
1930 2362 2279 2426 nundinum
2348 2379 2463 2447 pro
2527 2355 2723 2445 plurali

397 2465 544 2555 (cria
588 2465 893 2554 nundina)
942 2474 1296 2554 usurpatus
1343 2468 1449 2532 sit.
1544 2465 1638 2532 Ex
1686 2466 1875 2532 Nonii
1922 2466 2078 2532 locis
2115 2472 2319 2533 restat
2357 2484 2552 2532 unus:
2600 2461 2726 2526 Var-

394 2572 572 2637 ronis
618 2571 857 2636 Rerum
902 2571 1095 2639 Hum.
1137 2570 1246 2636 lib.
1299 2571 1451 2638 XX:
1509 2571 1897 2638 »decemviri
1937 2592 2087 2637 cum
2138 2570 2413 2638 luissent
2459 2566 2723 2635 arbitrari

394 2678 579 2743 vinos
637 2674 998 2742 nundinum
1058 2676 1335 2742 divisum
1404 2674 1772 2742 habuisse'’.
1846 2676 1969 2743 Sed
2037 2677 2105 2741 in
2166 2676 2293 2742 illis
2337 2674 2490 2761 quid
2535 2674 2728 2743 latent.

397 2801 522 2847 non
570 2779 837 2847 delinire
885 2779 1111 2847 audeo.
1186 2779 1387 2846 Num:
1440 2779 1828 2847 »decemviri
1877 2801 2028 2846 cum
2076 2779 2352 2847 fuissent
2400 2776 2723 2848 arbitrarii,

393 2907 549 2951 unos
610 2884 975 2951 nundinum
1041 2884 1104 2952 di
1172 2885 1227 2951 X
1289 2905 1466 2950 mum
1535 2885 1916 2963 habuisse”‚
1981 2887 2022 2952 i.
2078 2904 2134 2952 e.
2184 2884 2545 2952 nundinum
2588 2881 2724 2947 diem

399 2990 722 3058 decimum
775 2988 1119 3055 habuisse?
1171 2989 1253 3056 cl'.
1301 2994 1511 3076 Intpp.
1560 2990 1642 3056 ad
1687 2990 1822 3056 Liv.
1870 2994 1980 3060 ΠΙ.
2030 2995 2139 3057 55.

477 3099 585 3161 84.
642 3124 681 3136 -·
698 3121 1072 3148 υυυυυυυ
1128 3115 1252 3161 non
1304 3103 1374 3160 tu
1425 3093 1911 3160 multitudinem

627 3208 926 3277 tuorum,
973 3219 1168 3287 quam
1221 3201 1283 3265 in
1332 3197 1549 3264 album
1603 3198 1967 3275 indidistei,
2015 3197 2281 3266 conficis
2318 3199 2539 3267 dextra
2579 3195 2695 3262 tibi.

399 3302 535 3369 Non
604 3311 891 3390 repetam
955 3324 1119 3391 quae
1180 3304 1261 3370 de
1308 3302 1424 3370 hoc
1485 3302 1622 3368 loco
1672 3304 1737 3367 in
1784 3304 2065 3369 Coniect.
2116 3304 2179 3370 11
2224 3325 2286 3391 p.
2338 3309 2424 3372 72
2470 3299 2730 3390 εκροειιί;

400 3427 639 3495 quaero
684 3408 1131 3474 tantummodo
1176 3410 1286 3496 qui
1335 3409 1677 3474 conveniat
1723 3427 2153 3495 quemquam,
2200 3410 2312 3495 qui
2351 3409 2588 3496 aliquos
2625 3407 2727 3470 iam

398 3516 466 3579 in
514 3512 730 3580 album
775 3513 1106 3589 indiderit,
1150 3513 1502 3600 conficere?
1553 3513 1942 3598 Temporum
1984 3515 2358 3580 consecutio
2402 3514 2614 3579 vitiosa
2633 3516 2728 3574 est.

401 3618 578 3700 Quae
638 3626 813 3686 recte
873 3637 943 3683 se
1005 3614 1268 3684 haberet
1331 3619 1396 3681 in
1461 3616 1594 3682 bis:
1671 3620 1836 3682 »non
1904 3624 1973 3682 tu
2030 3615 2497 3697 multudinem,
2558 3615 2729 3681 Tuom

400 3741 593 3809 quam
659 3724 725 3788 iu
788 3720 1003 3788 album
1056 3723 1280 3788 manus
1327 3720 1492 3787 indit
1543 3731 1685 3799 tua,
1748 3721 1976 3787 dextra
2024 3720 2296 3789 conficis
2342 3721 2502 3788 tibi”
2542 3715 2725 3813 Libri:
2832 3771 2833 3774 ,

400 3838 646 3893 tuorum
692 3848 756 3914 q.
804 3829 850 3892 i.
897 3849 957 3893 α.
1004 3826 1269 3892 iudidiea
1316 3827 1377 3891 d.
1428 3847 1479 3892 c.
1527 3827 1636 3892 ibi.

554 3937 664 3998 91.
719 3930 899 4011 Quod
948 3932 1007 3998 is
1048 3929 1455 4016 intellegebat
1504 3951 1689 3998 nosse
1739 3950 1839 3996 me
1888 3950 2064 4009 rem,
2116 3930 2198 3997 ad
2245 3951 2483 4019 paucos
2526 3921 2728 3995 rettuli.

497 4035 602 4102 Me
647 4056 782 4101 rem
827 4035 1072 4102 addidit
1121 4054 1195 4101 ex
1248 4035 1412 4100 coni.
1460 4036 1575 4109 Μ.;
1624 4035 1773 4101 libri
1818 4034 1981 4102 l'ere:
2034 4035 2243 4122 »quod
2278 4039 2336 4103 is
2359 4028 2732 4119 intellegebat
2832 4081 2833 4130 5

409 4160 595 4227 posse
641 4138 809 4207 haud
860 4160 1098 4227 paucos
1145 4138 1406 4209 retuli”.
1459 4138 1582 4205 His
1629 4141 1850 4218 Torn.,
1899 4150 2008 4205 aul
2054 4140 2197 4206 Par.
2238 4141 2305 4206 C.
2338 4141 2506 4208 Harl.
2533 4158 2617 4226 pr.
2642 4152 2729 4199 m..

410 4243 580 4310 haud
628 4243 801 4311 Harl.
851 4264 1018 4311 corr.
1070 4245 1146 4310 L.
1201 4263 1410 4318 corr..
1459 4244 1543 4309 ad
1589 4244 1660 4309 L.
1711 4264 1809 4331 pr.
1863 4264 1986 4323 m„
2032 4246 2275 4311 rettulit
2318 4246 2442 4313 Par
2478 4244 2543 4310 C.
2578 4237 2733 4305 Nos-w

417 4351 581 4416 coni.
630 4348 861 4415 Dousa.
909 4347 1281 4429 Quicberat.
1330 4357 1515 4434 putat
1568 4370 1687 4414 non
1728 4347 2072 4417 excidisse:
2127 4351 2336 4437 »quod
2380 4370 2504 4418 non
2541 4346 2628 4413 his
2660 4340 2731 4404 in·
