2934 5050
996 334 1313 384 sosimus
1361 337 1433 383 ιτ
1480 337 1796 386 summu.
2453 325 2586 388 259

302 504 546 590 ‚Longa
594 503 897 590 geminus
944 502 1290 570 mixtarius
1331 507 1536 572 ansa”
1581 504 1685 573 ed.
1741 510 1911 575 1526
1960 515 2025 575 et
2072 509 2324 577 lunius.

302 608 501 676 Verbo
545 608 788 677 dixisse
834 606 1117 677 sufficiat
1163 629 1268 676 me
1315 631 1473 699 »per
1516 613 1984 679 commissuras
2018 613 2336 681 rimarum
2381 614 2579 682 noeti’

220 715 499 802 nigrore’'
566 714 673 805 (ir.
735 714 849 805 28)
899 716 1275 784 etiamnunc
1326 716 1699 804 intellegere
1748 728 1821 787 ut
1864 718 2014 786 olim
2066 719 2269 807 (Coni.
2318 720 2371 788 1.
2425 719 2578 808 26),

220 829 278 888 et
321 822 657 909 persistere
705 823 769 888 in
815 822 1221 889 coniectura:
1269 842 1533 891 »verum
1574 842 1775 890 unum
1819 825 2115 892 cecinisse
2154 833 2369 893 tamen
2412 825 2578 893 seni'

221 925 907 1015 Tiresiaiaequalew
970 946 1086 1014 pro
1148 928 1441 996 cecidisse
1505 927 1615 1017 (ir.
1666 929 1806 1018 31).
1904 929 2076 997 Haeo
2138 939 2461 1019 postrema
2518 931 2574 998 si

214 1030 285 1098 de
338 1035 750 1101 comissatore
815 1033 1033 1121 aliquo
1095 1052 1249 1101 sene
1299 1031 1724 1121 intellegenda
1772 1043 1962 1113 sunt,
2012 1056 2136 1102 non
2189 1035 2372 1106 video
2418 1035 2574 1124 quid

219 1138 481 1206 Tiresias
527 1160 676 1207 eum
728 1139 830 1207 his
874 1159 1219 1207 commune
1266 1139 1519 1209 habeat.

296 1250 416 1325 57,
466 1251 578 1313 55.
635 1247 843 1313 Aeute
889 1246 1014 1312 ΜΛ

387 1379 704 1406 υυυυυυ
758 1351 865 1420 hie
910 1352 1087 1420 solus
1130 1351 1462 1440 vigilavit,
1512 1354 1774 1440 opinor,

375 1468 439 1526 et
479 1479 631 1528 eum
680 1459 853 1526 haud
903 1480 1012 1525 mu
1056 1452 1238 1526 visus
1288 1457 1500 1526 facere
1545 1466 1680 1538 est,
1729 1466 1870 1525 tum
1919 1458 2081 1527 retia
2133 1460 2350 1541 nexit,

211 1582 348 1650 pro:
391 1575 449 1632 et
490 1587 636 1633 eum
680 1566 749 1632 id
792 1564 955 1632 milui
997 1587 1056 1631 v.
1153 1565 1561 1643 Assentirer,
1609 1568 1664 1630 si
1717 1562 1822 1631 illa
1869 1564 2043 1632 visus
2092 1575 2182 1632 est
2230 1565 2563 1646 abessent;

204 1668 302 1736 sed
362 1669 750 1739 dubitationi
803 1670 1020 1738 nullus
1066 1670 1246 1738 locus
1293 1678 1435 1752 est;
1488 1669 1794 1737 audimus
1840 1678 2062 1737 utrum
2113 1669 2348 1758 aliquis
2395 1679 2571 1739 mut-

202 1774 311 1842 tiat
357 1796 473 1844 nee
522 1798 623 1844 ne.
719 1776 1135 1845 Conieceram
1183 1798 1329 1844 cum
1366 1776 1437 1842 id
1482 1776 1761 1842 minimo.

286 1885 403 1963 12,
456 1889 565 1951 15.
614 1883 860 1951 Nonius
912 1889 1065 1951 137.
1118 1886 1239 1948 22:
1291 1882 1734 1949 »musimones
1776 1882 1979 1961 asini,
2021 1879 2218 1961 muli,
2263 1889 2378 1948 aut
2416 1881 2566 1969 equi

206 1984 484 2057 »bi-eves.
581 1989 868 2057 Lucilius
918 1987 1033 2056 lib.
1104 1988 1221 2054 vt:
1294 1988 1614 2075 »pretium
1683 1988 1841 2055 emit
1890 1987 2002 2075 qui
2055 1986 2276 2055 vendit
2323 2006 2563 2075 equum

200 2096 768 2163 ··musimonem”.
840 2095 994 2162 Cato
1033 2093 1117 2160 de
1162 2093 1416 2162 Letorio
1465 2094 1573 2183 [de
1621 2092 1698 2161 L.
1758 2093 2046 2172 Veturio,
2094 2093 2372 2173 Jordan,
2415 2093 2561 2162 Cat.

195 2199 366 2266 nreii.
415 2221 474 2288 p.
522 2203 676 2289 49]:
720 2202 1014 2268 »asinum
1057 2208 1173 2267 aut
1211 2201 1639 2267 musimonem
1685 2209 1793 2266 aut
1842 2200 2182 2271 arietem.”
2252 2199 2565 2281 Μούσμων

199 2302 484 2376 Straboni
554 2307 626 2376 V.
695 2312 826 2375 225
889 2306 1082 2384 med„
1129 2327 1374 2373 musmo
1422 2306 1630 2373 Plinio
1680 2306 1847 2373 vul.
1900 2312 1982 2373 75
2031 2305 2270 2374 anime}
2316 2316 2415 2374 est
2461 2308 2565 2374 ovi

199 2411 430 2491 simile,
492 2413 607 2483 sed
674 2414 871 2494 villis,
933 2434 1059 2481 non
1109 2412 1256 2481 lana
1302 2415 1650 2490 vestitum,
1697 2412 1763 2479 in
1816 2412 2122 2504 Hispania
2171 2422 2238 2481 et
2279 2414 2565 2482 maxime

199 2516 256 2585 ‘m
316 2518 581 2589 Corsica
641 2521 1018 2602 inventum,
1084 2540 1211 2587 non
1271 2539 1501 2607 equus.
1597 2518 1821 2607 ltaque
1885 2538 2110 2586 vereor
2174 2539 2254 2587 ne
2316 2519 2564 2588 Nonius

197 2622 311 2693 duo
352 2627 660 2695 voeabula
705 2626 1105 2707 confuderit,
1152 2646 1348 2714 prava
1395 2625 1671 2693 lectione
1714 2624 2041 2693 inductus.
2120 2623 2367 2714 Nempe
2406 2626 2563 2695 alte·

197 2749 328 2800 rum
390 2733 772 2801 vocabulum
836 2734 1166 2801 exstitisse
1217 2731 1475 2800 videtur
1525 2732 1799 2808 macine,
1849 2732 1891 2797 i.
1940 2752 1996 2798 e.
2046 2729 2294 2799 tardus.
2392 2731 2559 2800 Plin.

198 2837 388 2905 Praei.
439 2839 647 2906 med.:
699 2839 893 2907 »dum
947 2841 1069 2907 ista
1121 2840 1569 2916 musinamur,
1610 2845 1682 2903 ut
1723 2838 1816 2903 ait
1855 2837 1938 2904 M.
1983 2836 2574 2925 Varro,⁴p1uribus

197 2939 354 3013 boris
413 2945 742 3013 vivimuffl'
788 2946 913 3030 (sie
965 2944 1153 3032 Sillig
1200 2947 1429 3031 reete).
1481 2942 1649 3011 lllud
1694 2944 1940 3010 musino
1985 2945 2150 3010 -om's
2195 2944 2560 3031 comparari

199 3059 387 3133 potest
452 3071 606 3120 eum
671 3051 883 3129 lureo,
945 3052 1137 3129 trice,
1199 3050 1345 3118 aliis
1405 3049 1580 3137 apud
1632 3048 1980 3117 Lucilium.
2081 3049 2259 3132 Quae
2303 3052 2359 3117 si
2408 3070 2562 3120 vera

199 3166 368 3233 sunt.
409 3156 827 3225 scribendum
859 3157 1271 3224 musinonem.
1322 3156 1545 3251 ipsum
1574 3155 2014 3243 fragmentum
2041 3155 2136 3222 sie
2160 3156 2423 3244 scripsit
2450 3157 2557 3224 Ma

371 3291 526 3318 -υν
571 3262 909 3352 praedium
958 3264 1119 3331 emit
1166 3263 1277 3350 qui
1322 3261 1545 3330 vendit
1591 3281 1777 3330 eoum
1827 3263 2303 3330 musimonem?

197 3363 312 3434 Nou
373 3378 643 3458 apparet
708 3368 864 3457 quid
923 3388 1265 3436 commune
1328 3369 1416 3436 sit
1463 3387 1628 3455 equo
1673 3368 2026 3435 musimoni
2075 3389 2223 3437 eum
2271 3368 2555 3457 praedio.

198 3467 348 3540 Libri
389 3476 709 3563 praetium
742 3476 1091 3563 (pretium).
1134 3474 1337 3542 Metro
1375 3473 1792 3542 consulturus
1831 3474 2308 3542 Bouterweck.:
2357 3476 2556 3541 »emit

199 3581 530 3662 pretium”.
628 3579 751 3648 Sed
834 3601 1082 3647 »emere
1141 3580 1467 3667 pretium’'
1531 3580 1730 3647 nimis
1786 3580 2114 3648 abnorme.
2212 3580 2547 3648 Fortasse:

193 3687 444 3768 pretium
504 3687 736 3753 menti!
792 3685 1038 3776 (memit
1098 3695 1162 3753 et
1221 3686 1454 3753 meruit
1497 3686 1603 3752 vix
1651 3684 1958 3775 diversa).
2053 3686 2152 3753 lta
2197 3685 2279 3753 ad
2326 3706 2555 3755 versus

199 3786 618 3879 integritatem

453 3938 493 3951 -
547 3899 830 3986 pretium
878 3898 1119 3966 meruit
1160 3898 1270 3985 qui
1322 3896 1549 3965 vendit
1592 3915 1780 3965 eoum
1830 3896 2239 3967 musinonem

201 4015 308 4066 una
365 4002 542 4071 deest
600 4004 876 4093 syllaba,
922 4004 1084 4070 nim.
1134 4003 1248 4070 bis.
1301 4004 1415 4070 ·1n
1467 4023 1664 4091 pravo
1705 4023 1870 4090 equo
1913 4002 2245 4071 vendendo
2290 4004 2348 4071 si
2394 4004 2549 4093 quid

198 4102 509 4189 insumas,
571 4109 828 4177 luorum
891 4118 1015 4177 est.
1117 4109 1479 4192 »Quaestus
1540 4119 1640 4177 est
1702 4108 1871 4195 quod
1925 4110 2287 4191 sumitur’',
2340 4118 2412 4178 ut
2458 4112 2553 4180 ait
2621 4177 2624 4184 ,

198 4207 440 4283 Pholus
484 4216 617 4284 Mil.
664 4221 819 4284 674.
2259 4295 2265 4301 ,

284 4325 397 4399 13,
452 4325 531 4389 16
581 4321 798 4390 »Haeo
847 4323 1112 4409 inquam
1159 4321 1351 4390 rudet
1395 4341 1432 4387 e
1479 4319 1753 4389 rostris'’
1793 4321 1848 4388 si
1875 4339 2024 4390 oum
2059 4322 2142 4390 Μ.
2167 4322 2551 4408 interpreta-

201 4436 335 4489 mur
384 4435 457 4493 ut
500 4427 654 4496 haee
699 4429 785 4495 sit
830 4428 1227 4507 subiectum,
1276 4451 1309 4497 e
1354 4428 1577 4495 rostris
1626 4425 1809 4516 (prot
1861 4427 2085 4495 rostris
2126 4451 2210 4486 =
2255 4425 2384 4513 ore)
2432 4427 2552 4492 mi·
