2934 5050
1014 321 1398 368 ιἰιιιοιοοιοιι
1450 322 1524 368 ιτ
1568 321 1826 369 cantes.
2489 303 2614 370 ¹05

219 488 360 557 sani
426 489 822 577 respondere.
891 491 1232 578 potuisset.
1336 489 1764 558 Bellissimum
1825 497 1925 557 est
1981 490 2175 557 etiam
2239 491 2461 559 διεῖλον
2523 491 2611 567 εἷς

222 597 449 678 λόχους
494 622 573 664 τε
617 597 722 665 xa)
772 597 1173 680 φάλαγγαςῑ
1249 594 1456 663 Verba
1524 597 1814 663 tinniunt
1887 616 2081 664 sensu
2141 598 2427 675 incerto,
2488 597 2613 680 χρὴ

221 697 280 764 δὲ
319 702 411 769 τὰ
459 701 833 781 πλάσματα
873 704 1100 770 πιθανοὶ
1162 698 1350 781 εἶναι,
1399 712 1472 769 ut
1528 712 1704 771 recte
1750 712 1998 771 veteres
2047 703 2361 771 iudicant.
2457 703 2609 770 Cae·

224 814 428 875 terum
482 829 697 897 neque
741 815 1016 895 φρᾶτραι
1067 829 1338 897 usquam
1398 808 1684 877 locorum
1736 813 2154 897 reperiuntur
2197 819 2263 877 et
2309 808 2613 876 subrideo

220 907 325 976 ubi
375 913 571 981 rideo
618 915 993 982 Lexicorum
1042 914 1411 982 conditores
1455 915 1611 1003 quid
1659 917 1741 982 sit
1790 919 2027 1001 φρήτρη
2074 936 2153 982 ex
2203 915 2365 982 hono
2403 914 2611 982 archi·

221 1017 519 1107 episcopo
565 1019 908 1088 Eustathio
954 1021 1385 1088 sciscitantes,
1485 1019 1645 1102 Quis
1690 1022 1789 1090 vel
1830 1021 2210 1111 Thucydide
2250 1024 2395 1088 vivo
2439 1021 2608 1089 scire

222 1131 464 1211 poterat
514 1147 684 1214 quae
731 1135 945 1195 essent
991 1133 1256 1211 φρῆτροιι
1298 1126 1675 1195 Homericae
1719 1127 1988 1194 aetatis?
2062 1129 2287 1196 Critici
2334 1136 2400 1195 et
2439 1128 2604 1194 anti·

221 1230 426 1317 quarii
474 1232 544 1298 in
602 1232 835 1300 tatibus
891 1234 1479 1301 comminiscuntur
1538 1233 1780 1321 aliquid
1825 1233 1992 1321 qnod
2046 1232 2275 1301 habeat
2322 1233 2604 1322 atiquam

221 1335 695 1422 probabilitatis
731 1339 1010 1427 speciem
1052 1338 1162 1406 sed
1207 1337 1364 1405 nihi!
1403 1339 1574 1426 quod
1615 1348 1729 1406 aut
1766 1346 2017 1407 certum
2059 1342 2145 1407 sit
2182 1349 2297 1408 aut
2320 1338 2604 1407 evidens.

221 1441 579 1510 Aristarchi
628 1446 950 1513 sententia
995 1444 1075 1513 de
1114 1464 1186 1512 ea
1229 1464 1301 1511 re
1341 1444 1495 1512 latet
1530 1448 1594 1511 in
1638 1444 1953 1533 Apollonii
1996 1446 2225 1513 Lexico
2245 1466 2305 1513 v.
2340 1446 2606 1529 Φρήτρη,

222 1546 324 1613 sed
385 1559 747 1637 corruptus
810 1550 987 1618 locus
1047 1560 1186 1629 est,
1252 1552 1357 1616 cui
1421 1549 1620 1618 feram
1682 1571 1887 1638 opem.
1985 1551 2251 1618 Editur:
2302 1552 2608 1635 Φρήτρη

222 1653 425 1736 κυρίως
471 1657 595 1736 μὲν
643 1660 679 1734 ή
721 1658 963 1740 πατρία
999 1657 1107 1724 καὶ
1147 1656 1489 1737 συγγένεια
1506 1709 1527 1733 .
1568 1654 1843 1739 Ὅμηρος
1873 1657 1936 1723 δὲ
1976 1664 2449 1739 καταχρηςικῶς
2480 1664 2612 1730 τοῖς

224 1762 382 1828 κατὰ
428 1762 621 1829 πόλιν
660 1762 1079 1845 μαχομένοις.
1127 1762 1412 1842 σημαίνει
1455 1763 1521 1830 δὲ
1567 1764 1699 1830 aaa
1737 1769 1885 1828 τῶν
1932 1763 2205 1847 Φύλων
2258 1763 2401 1837 τοὺς
2432 1748 2604 1829 καὶτὰ

223 1864 365 1943 ἔθνη.
463 1869 769 1954 corrige:
813 1872 1092 1952 Ὅμηρος
1139 1869 1202 1936 δὲ
1252 1853 1732 1950 κατακρηςικὸς
1778 1872 1918 1945 τοὺς
1967 1870 2141 1935 κατὰ
2185 1868 2367 1936 πόλιν
2400 1891 2607 1949 μοιχο-

224 1973 429 2050 μένους
493 1976 823 2054 σημαίνει,
885 1977 1176 2055 σημοιίνει
1240 1974 1303 2040 δὲ
1358 1973 1460 2040 διὰ
1522 1980 1639 2040 τῶν
1682 1974 1901 2056 φύλων
1945 1974 2086 2051 τοὺς
2132 1980 2275 2042 κατ’
2324 1974 2455 2051 ἔθνη
2475 2024 2493 2051 ,
2541 1973 2605 2040 id

222 2088 314 2145 est
357 2078 683 2147 σύντοιττε
743 2084 886 2156 τοὺς
950 2083 1064 2160 μὲν
1123 2080 1390 2155 πολίταις
1453 2089 1583 2154 τοῖς
1631 2082 1920 2154 πολίταις
1943 2132 1960 2161 ,
2008 2081 2149 2155 τοὺς
2196 2081 2260 2147 δὲ
2307 2081 2605 2161 ὁμοεθνεῖς

220 2195 339 2260 τοῖς
404 2186 796 2267 ὁμοεθνέσιν,
858 2187 1042 2274 quasi
1103 2206 1255 2254 vero
1315 2205 1439 2252 non
1490 2206 1747 2273 semper
1791 2206 1869 2253 ex
1926 2188 2061 2275 ipsa
2111 2188 2203 2254 rei
2254 2196 2489 2254 natura
2540 2185 2606 2252 id

221 2300 385 2358 esset
433 2294 530 2359 ita
588 2293 722 2359 tieri
773 2292 1033 2359 solitum
1088 2294 1150 2359 in
1204 2293 1596 2361 Graecorum
1650 2291 1859 2371 benis,
1909 2301 1981 2359 ut
2030 2294 2203 2360 cives
2250 2314 2401 2361 cum
2451 2293 2610 2359 civi-

226 2394 335 2463 bus
381 2400 450 2465 in
500 2402 646 2466 acie
701 2400 1030 2466 coniuncti
1096 2406 1364 2466 starent.
1460 2397 1629 2479 Quid
1692 2399 1777 2465 sit
1825 2399 2029 2485 igitur
2082 2400 2318 2484 φρήτρη
2367 2393 2613 2483 liquido

226 2504 368 2572 sciri
421 2526 553 2573 non
606 2514 854 2595 potest,
904 2503 1012 2573 sed
1063 2525 1205 2572 esse
1247 2506 1484 2589 φρήτρη
1543 2503 1923 2573 vocabulum
1972 2504 2287 2574 Graecum
2340 2502 2609 2593 probum

225 2617 284 2675 et
325 2614 680 2699 antiquum
731 2612 795 2679 id
859 2621 1036 2679 certe
1083 2612 1362 2689 scimu8‚
1410 2610 1522 2678 sed
1568 2618 1804 2695 φῆτροιι
1852 2621 1915 2679 et
1961 2616 2204 2696 φᾶτροοι
2265 2610 2425 2678 nihil
2474 2619 2608 2688 est,

230 2725 295 2781 ut
331 2736 549 2806 neque
590 2717 815 2784 Latine
847 2717 1053 2784 Fusa
1076 2737 1195 2805 pro
1236 2717 1502 2785 Fauen.
1576 2717 1738 2784 Nata
1777 2727 1929 2784 sunt
1967 2719 2092 2785 ista
2133 2716 2363 2785 stolido
2387 2736 2608 2784 errore

228 2839 443 2889 eorum
493 2823 612 2910 qui
660 2822 855 2890 libros
903 2832 1152 2891 veteres
1201 2822 1603 2910 negligenter
1648 2831 1714 2890 et
1759 2823 1917 2890 alias
1966 2843 2070 2892 res
2110 2831 2375 2911 agentes
2416 2821 2610 2910 inspi-

229 2927 499 2995 ciebant.
602 2927 925 2996 Scrihitur
990 2937 1081 3011 φρ
1149 2927 1244 2995 sic
1319 2938 1387 2995 ut
1452 2929 1518 2994 in
1584 2948 1839 2995 summa
1902 2936 1958 3013 φ
2005 2940 2285 3017 ponatur
2333 2928 2612 2997 uncinus

232 3035 561 3119 pertenuis
601 3044 668 3102 et
703 3033 885 3102 facile
925 3035 1130 3103 aciem
1165 3033 1438 3121 fugiens.
1515 3034 1674 3102 Vide
1702 3035 1874 3102 Bast.
1913 3035 2250 3102 Commeat.
2276 3033 2608 3124 Palaeoqr.

234 3157 288 3223 p.
336 3145 464 3207 747
515 3151 582 3208 et
630 3141 699 3207 in
761 3141 1002 3209 Tabula
1065 3141 1186 3209 111.
1256 3144 1338 3208 10
1399 3160 1528 3227 quo
1588 3148 1775 3228 pacto
1834 3141 2101 3226 φρένας,
2144 3139 2297 3227 φρίξ
2341 3148 2406 3209 et
2452 3140 2603 3209 sim.

236 3246 621 3315 scribantur.
696 3246 861 3314 Hinc
901 3257 965 3315 et
1002 3248 1113 3314 atii
1159 3246 1347 3313 multi
1386 3265 1641 3314 errores
1678 3257 1832 3313 sunt
1874 3249 2191 3337 suscepti;
2240 3267 2406 3334 quae
2437 3250 2611 3335 fossa

238 3349 376 3419 olim
425 3353 643 3421 fuerat
694 3352 983 3443 (τάφρος)
1035 3362 1295 3441 repente
1334 3355 1397 3419 in
1439 3353 1840 3440 sepulchrum
1886 3352 2143 3444 (τάφος)
2182 3354 2617 3439 convertitur,

241 3465 297 3522 et
337 3459 682 3542 φράτερες,
746 3464 1056 3544 φρᾶτραι,
1118 3456 1519 3544 φροιτριάζειν
1578 3480 1656 3528 ex
1702 3480 1776 3527 ea
1844 3460 2135 3527 socordia
2191 3467 2442 3547 partem
2507 3459 2608 3524 sui

243 3564 611 3632 amiserunt.
712 3566 871 3634 Leve
920 3552 1273 3646 damnum,
1327 3566 1449 3632 nisi
1499 3563 1671 3632 docti
1721 3564 2014 3633 homines
2059 3575 2123 3632 et
2157 3563 2309 3630 olim
2346 3573 2411 3631 et
2437 3584 2609 3630 nunc

243 3669 570 3738 mendosas
630 3673 790 3739 istas
853 3673 1216 3759 scripturas
1280 3678 1347 3738 et
1408 3672 1567 3737 vitio
1630 3678 1816 3738 natas
1879 3691 1992 3759 pro
2056 3670 2226 3737 veris
2280 3677 2345 3738 et
2393 3669 2610 3758 probis

242 3777 647 3863 recepissent.
747 3777 827 3845 Et
890 3775 1231 3845 Eustathio
1290 3775 1554 3864 quidem
1618 3777 1801 3844 venia
1863 3774 2003 3843 dari
2050 3784 2262 3863 potest
2308 3776 2608 3864 imperito

246 3874 517 3962 homini,
576 3885 685 3950 cui
743 3882 1112 3967 Φοιτριοὶζειν
1171 3881 1430 3950 videtur
1491 3882 1896 3966 εὐφωνότερον
1957 3901 2150 3969 quam
2208 3880 2611 3967 Φρωτριοέζειν

250 4002 302 4069 p.
348 3990 515 4066 7315,
579 3994 656 4056 151
688 4040 707 4070 ,
770 3988 883 4057 sed
946 3987 1346 4056 Dindorfium
1386 3988 1649 4066 miror,
1707 3990 1818 4077 qui
1867 3988 2226 4055 scribarum
2277 3996 2607 4076 stuporem

249 4091 472 4176 optime
518 4097 738 4175 novit,
789 4097 852 4161 in
903 4093 1177 4162 eundem
1214 4113 1500 4161 errorem
1532 4113 1674 4161 esse
1722 4093 2110 4181 implicitum
2147 4104 2210 4160 et
2245 4092 2614 4177 φοοτριοὶζειν

251 4192 437 4264 inrito
477 4199 887 4268 Demostheni
924 4200 1281 4267 obtrusisse
1318 4199 1539 4268 xL111.
1589 4206 1690 4268 13.
1727 4202 1866 4280 μεθ’
1902 4195 1979 4266 ὧν
2009 4202 2113 4267 καὶ
2150 4201 2611 4281 Θεόπομπος-

253 4299 599 4388 ἐφατρίιζε.
696 4306 968 4374 Videtur
1018 4306 1247 4372 vitium
1299 4305 1363 4371 in
1415 4303 1518 4371 his
1578 4303 1805 4372 formis
1852 4306 2011 4372 satis
2057 4307 2397 4392 antiquum
2447 4324 2608 4373 esse.

256 4403 616 4479 Eustatbius
652 4411 919 4482 hahebat
964 4414 1052 4480 τὰ
1099 4411 1368 4481 Ἀττικὰ
1406 4410 1690 4491 ὀνόματα.
1728 4410 1890 4478 Aelii
1917 4410 2237 4499 Dionysii,
2288 4409 2609 4479 Hadriano
