2934 5050
353 282 480 344 528
1140 297 1609 344 oussnvnnouss
1666 295 1933 343 cannulis

325 463 853 531 =Valckenaerius
903 465 966 529 in
1019 462 1302 531 Diatribe
1352 487 1409 552 p.
1458 471 1587 533 235
1640 462 1912 530 feliciter
1960 479 2172 528 veram
2232 461 2567 528 lectionem
2603 479 2695 527 re-

349 571 517 655 perit
559 574 626 636 et
669 569 1066 637 emendavit:

844 675 965 756 οὐχ
1010 670 1088 747 οἷς
1136 671 1389 747 πόδας
1434 678 1491 740 κ’
1540 674 1764 757 ἔχωντι
1809 673 1916 738 ταὶ
1963 674 2237 754 σριῆριες.

351 776 534 845 Facit
581 797 656 845 ea
718 778 1082 865 corruptela
1149 786 1219 844 ut
1271 780 1489 845 miuus
1531 780 1725 846 etiam
1774 776 2064 845 dubitem
2111 774 2267 863 quid
2316 776 2405 843 sit
2456 773 2699 842 reddeu-

349 883 505 949 dum
563 882 961 972 Thucydidi,
1022 882 1194 969 apud
1241 903 1432 969 quem
1508 885 1579 950 V.
1633 888 1714 950 10
1760 902 1957 950 sensu
2005 901 2206 949 vacua
2255 880 2452 948 verba
2497 880 2701 966 legun·

351 994 492 1053 tur:
545 988 660 1053 ὑπὸ
706 989 827 1060 τὰς
871 988 1083 1063 πύλας
1129 988 1333 1056 ἵππων
1374 1015 1445 1056 τε
1507 988 1742 1063 πόδες
1791 989 2083 1055 πολλοὶ
2129 987 2235 1053 καὶ
2283 986 2591 1071 ἀνθρώπων
2628 988 2701 1058 ὥς

350 1089 625 1170 ἐξιόντων
672 1094 1296 1175 ὑποφαίνονται.
1381 1092 1873 1171 Emendandum
1920 1092 2174 1160 videlur
2212 1092 2499 1164 σποδὸς
2539 1105 2702 1156 πολ·

350 1197 1111 1281 λῖς-ὑποφαίνεται.
1205 1197 1537 1285 Euripidis
1588 1196 1779 1266 verba
1833 1206 1990 1265 sunt
2039 1198 2103 1263 in
2154 1197 2306 1263 lone
2352 1216 2450 1262 VS.
2500 1199 2619 1263 505

759 1307 993 1383 καρποῦ
1041 1303 1095 1369 δ’
1142 1304 1291 1385 ὑπὲρ
1336 1311 1456 1384 γῆς
1502 1301 1673 1379 ἥκετ’
1721 1304 1756 1380 ἢ
1806 1303 2039 1397 παίδων
2083 1301 2271 1384 πέριξ

350 1405 572 1473 Nonne
635 1414 920 1493 praestat
988 1405 1317 1489 σπόρουῖ
1403 1406 1586 1488 Quod
1651 1409 2090 1494 Agamemnon
2153 1404 2233 1472 ad
2297 1424 2515 1472 senem
2557 1402 2707 1472 dicit

353 1511 537 1576 initio
578 1510 946 1597 Iphigeniae
983 1511 1350 1579 Aulidensis
1382 1513 1698 1591 πεύσει,
1733 1514 1839 1580 cui
1876 1531 2069 1579 senex
2100 1509 2440 1597 respondet
2463 1509 2707 1587 σπεύδω,

349 1634 498 1683 cum
551 1617 768 1682 miuus
831 1615 1079 1685 facilem
1142 1602 1631 1703 explicationem
1698 1616 1966 1695 babeat,
2016 1615 2151 1683 fere
2198 1616 2496 1702 suspicor
2537 1633 2709 1703 prae-

351 1729 525 1787 stare
569 1726 943 1788 σπεῦσον.
1038 1719 1136 1789 Cf.
1191 1723 1452 1790 Porson.
1501 1722 1765 1789 Advers.
1815 1726 2055 1809 p.218.
2155 1721 2448 1806 Denique
2488 1718 2711 1807 Sopho·

350 1825 470 1892 elis
517 1827 754 1894 senarii
804 1834 957 1893 sunt
1004 1826 1175 1912 apud
1222 1826 1568 1894 Stobaeum
1624 1833 1772 1896 109.
1824 1832 1885 1893 2.

755 1933 844 2009 μη
891 1940 1170 2013 σπεῖρε
1215 1941 1470 2006 πολλοῖς
1515 1935 1623 2001 τὸν
1664 1932 1947 2015 παρόντα
1990 1934 2257 2013 δαίμονα

754 2037 1093 2116 σιγώμενος
1137 2036 1265 2119 γάρ
1313 2039 1404 2107 ἑςι
1451 2040 1783 2119 θρηνεῖσθαι
1830 2039 2095 2120 πρέπων.

353 2139 681 2208 Scribam:
729 2142 819 2219 μὴ
871 2141 1121 2224 ’παιρε
1169 2151 1460 2221 πολλοῖς,
1508 2144 1702 2211 sicuti
1750 2143 1920 2232 apud
1954 2143 2334 2231 Euripidem
2380 2142 2613 2229 legitur
2652 2142 2717 2209 iu

353 2245 763 2334 supplicibus
809 2266 903 2313 vs.
955 2251 1079 2314 581

846 2352 1006 2418 οὗτοι
1051 2352 1126 2432 μ’
1172 2354 1441 2436 ἐπαίρεις
1488 2352 1603 2424 ezec
1652 2356 1929 2435 θυμῶσαι
1974 2353 2203 2438 Φρένας

845 2466 972 2532 τοῖς
1017 2466 1171 2525 σοῖσι
1219 2458 1527 2539 κόμποις..

351 2579 744 2649 quamquam
793 2561 971 2629 locus
1020 2584 1098 2632 ue
1146 2564 1240 2630 sie
1287 2564 1549 2651 quidem
1600 2574 1983 2652 persanatus
2031 2573 2150 2633 est.

439 2667 514 2733 In
575 2667 1052 2755 superioribus,
1129 2690 1186 2756 p.
1242 2673 1362 2736 161
1430 2670 1593 2736 duos
1655 2669 1782 2737 iam
1863 2669 2141 2737 indicavi
2203 2669 2418 2749 locoS,
2489 2669 2735 2758 quibus

349 2769 598 2838 librarii
644 2772 1072 2839 confuderunt
1120 2774 1570 2860 imperfectum
1623 2785 1688 2841 et
1730 2774 2462 2862 plusquamperfectum.
2550 2774 2735 2842 Satis

347 2875 575 2944 crebro
643 2879 737 2944 sic
796 2887 1090 2956 erratur,
1157 2880 1243 2944 ita
1310 2890 1522 2945 tamen
1614 2887 1683 2945 ut
1755 2878 2459 2967 plusquamperfectum
2535 2876 2735 2965 paulo

348 2980 752 3068 frequentius
829 2983 1040 3048 locum
1110 2982 1297 3050 cedat
1373 2983 1749 3070 imperfecto
1818 3004 2011 3070 quam
2082 2992 2332 3050 contra.
2429 2983 2536 3050 Fit
2608 2981 2735 3049 hoc

353 3095 568 3153 tamen
615 3085 954 3174 aliquoties
999 3096 1065 3155 et
1109 3109 1258 3156 ecce
1303 3088 1431 3155 duo
1470 3088 1605 3174 jam
1656 3109 1734 3155 ex
1785 3087 2118 3154 Heliodoro
2155 3086 2301 3154 loci.
2376 3089 2446 3155 Ρ.
2478 3091 2641 3156 2515.
2694 3093 2735 3154 4

349 3198 657 3257 narratur
717 3195 1036 3260 somnium
1104 3193 1272 3280 quod
1345 3192 1682 3261 chariclea
1744 3192 1936 3260 vidit:
2005 3194 2306 3279 apparuit
2369 3194 2431 3259 ei
2480 3193 2741 3281 species

348 3295 515 3373 viri,
566 3314 730 3381 quae
788 3304 906 3362 τῶν
965 3299 1303 3380 ὀφθαλμῶν
1365 3300 1529 3380 αὐτῇ
1574 3300 1680 3365 τὸν
1727 3296 1920 3371 δεξιὸν
1964 3296 2338 3381 ἐξῄρητο,
2388 3317 2520 3384 quo
2561 3297 2740 3365 facto

348 3397 689 3466 confestim
738 3401 1182 3488 expergefacta
1227 3410 1350 3470 est.
1407 3402 1643 3474 ,Nonne
1680 3422 1906 3469 verum
1955 3409 2053 3471 est
2100 3400 2511 3483 ἑξηρεῖτοὲ
2562 3399 2738 3467 Alibi

349 3524 411 3591 p.
447 3509 602 3572 291.
651 3508 760 3572 21.
811 3516 1036 3586 narrat
1085 3506 1390 3575 Calasiris
1427 3527 1552 3573 nou
1604 3509 1894 3594 ignotum
1938 3505 2139 3574 fuisse
2176 3506 2555 3575 Charicleae
2591 3525 2741 3572 ora·

347 3610 567 3678 culum
616 3610 935 3697 quoddam
978 3610 1056 3678 de
1104 3613 1354 3699 seipsa
1403 3612 1486 3678 ab
1534 3612 1827 3698 Apolline
1866 3611 2386 3680 consultantibus
2429 3611 2732 3680 editum:

348 3715 415 3779 οὐ
459 3714 587 3795 γὰρ
633 3716 965 3793 ἠγνόητο
1013 3725 1092 3791 τη·
1155 3717 1493 3803 Χαρικλείᾳ
1554 3720 1582 3784 ὅ
1628 3718 1930 3799 χρησμός.
2026 3717 2145 3784 Hic
2191 3737 2448 3805 quoque
2492 3714 2741 3784 rescri-

348 3817 494 3885 bam
546 3821 932 3898 ἠγνοεῖτο.

439 3923 624 3991 Nunc
670 3925 1076 3992 conferemus
1124 3947 1183 4014 p.
1215 3931 1365 3993 255.
1418 3933 1502 3994 34
1549 3929 1717 4010 βαρὺ
1761 3930 1875 4008 μὲν
1931 3929 2036 3994 καὶ
2083 3934 2304 4005 τοῦτο,
2365 3928 2530 4003 πλὴν
2574 3925 2741 3990 ἀλλ’

348 4029 465 4099 ἔςοο
512 4031 582 4109 γ’
629 4031 850 4105 ἀληθὲς
911 4036 1157 4110 μᾶλλον
1213 4033 1248 4108 ἢ
1313 4035 1382 4098 τὸ
1443 4030 1640 4114 ἕτερον
1685 4041 1751 4100 el.
1801 4054 1859 4119 p.
1901 4037 2056 4100 291.
2110 4037 2196 4099 26
2242 4035 2413 4116 βαρὺ
2456 4033 2573 4112 μὲν
2620 4025 2737 4092 κεῖ

350 4133 561 4207 ἄλλως
606 4136 902 4217 αἰσχρόν,
973 4138 1134 4211 πλὴν
1193 4138 1373 4203 ἀλλὰ.
1419 4139 1563 4203 τίνα
1625 4138 1849 4205 σκοπὸν
1895 4137 2031 4218 ἔχει
2077 4141 2148 4205 τὸ
2193 4138 2495 4217 πλάσμα.
2594 4127 2738 4198 Ad·

350 4237 579 4304 hibebo
626 4237 741 4305 hos
782 4238 952 4307 locos
1003 4250 1071 4306 ut
1134 4242 1361 4308 vitium
1412 4241 1623 4309 elnam
1686 4263 1721 4309 e
1777 4242 2155 4322 Charitone,
2205 4246 2317 4331 qui
2368 4264 2429 4330 p.
2470 4243 2583 4306 97.
2646 4236 2735 4299 13

351 4343 447 4409 sic
495 4343 829 4429 scripsisse
893 4353 1192 4431 putatur:
1260 4350 1506 4430 συνίημι
1564 4349 1627 4415 δὲ
1690 4346 1781 4415 ὅτι
1829 4350 2070 4432 βαρεῖ
2109 4374 2206 4429 με
2254 4349 2400 4431 πρὸς
2443 4340 2737 4422 ὖποψῖδ*

2867 444 2869 509 l
