2934 5050
919 239 1006 326 Ab
1052 276 1513 326 lim-nomem
1572 277 1962 326 mmmm
2507 259 2641 328 313

483 445 724 526 ὄμματι
773 444 1172 529 θρυπτομένῳ
1218 445 1691 525 συγκατένευσα
1739 470 1791 524 μ
1808 446 1841 511 ό
1856 468 1927 511 νο
1948 469 1979 510 ν
1997 492 2014 510 .

383 552 655 630 ’Ὄλβιος
700 553 762 625 ἐς
812 550 1005 619 πόθον
1052 552 1214 632 εἶμί·
1262 552 1333 617 τὸ
1379 552 1505 634 γάρ
1552 549 1860 631 μενέαινον
1906 546 2206 626 άνόσσαι,

484 656 733 729 πάντως
780 657 896 731 εἷς
941 655 1237 736 μεγάλην
1282 661 1460 722 τοῦτο
1507 656 1741 723 δέδωκα
1784 654 1991 736 χάριν.

254 760 466 829 Nemo
519 763 805 828 monitus
856 780 982 828 non
1042 763 1275 829 sentiet
1316 763 1386 831 in
1430 761 1829 848 paenultimo
1873 761 2146 828 disticho
2191 759 2635 849 corrigendum

256 885 393 933 esse
436 866 678 945 μόλις
721 886 836 952 pro
879 866 1095 946 μόνον,
1143 873 1210 935 et
1244 889 1433 934 versu
1473 867 1818 939 ultimoctvc
1862 864 2159 945 μεγάλην
2184 902 2271 916 —-
2294 865 2510 946 χάριν,
2550 883 2636 932 11⁹1·

253 993 526 1053 nuquam
562 971 842 1053 qratiam.
912 970 1197 1040 Tandem
1241 993 1336 1039 vs.
1388 972 1500 1040 δὺο
1547 971 1897 1040 absurdum
1933 977 2029 1038 est
2065 971 2283 1049 ἥλατο.
2355 969 2518 1038 Vide
2554 991 2636 1039 an

256 1074 662 1143 scribendum
707 1078 830 1142 sit:

718 1188 797 1248 'H
841 1182 905 1249 δὲ
942 1182 1123 1263 μέγα
1168 1181 1482 1266 ςονάχησε
1530 1182 1633 1248 καὶ
1681 1182 1876 1258 ἤλυε
1924 1182 2052 1248 κτὲ.

350 1287 573 1377 Epigr.
620 1284 756 1354 289
773 1333 792 1366 ,
842 1285 883 1353 3
907 1308 1000 1374 sq.

531 1390 746 1473 ἄγριον
790 1385 928 1472 ἦτορ
973 1390 1149 1471 ἔχει,
1190 1391 1298 1457 καὶ
1342 1389 1656 1473 θέλγεται
1705 1391 1866 1458 οὔτ’
1913 1391 2041 1457 ἐπὶ
2089 1394 2295 1474 χρυσῷ

624 1496 763 1563 οὔτε
813 1493 1102 1579 ζωροτέρῳ
1147 1495 1374 1576 μείζονι
1417 1496 1746 1578 κοσσυβίῳ.

256 1602 398 1670 Imo
441 1620 627 1669 vero:
676 1600 865 1669 οὔτε
909 1626 987 1669 τι
1033 1604 1268 1685 χρυσῷ.
1431 1593 1437 1600 ”

353 1708 603 1774 Ibidem
648 1706 727 1772 9:

439 1833 446 1839 ’
626 1813 678 1876 εἰ
724 1810 780 1878 δ’
824 1810 991 1877 ἐτεὸν
1033 1813 1138 1878 τὸν
1177 1814 1437 1879 ’Ἄδωνιν
1484 1812 1751 1896 ἐφίλαο,
1799 1810 2253 1893 Περσεφόνεια,

261 1916 442 1984 Haec
499 1914 719 1984 fabula
776 1921 928 1982 nata
987 1917 1244 1984 videtur
1305 1937 1454 1983 cum
1517 1938 1553 1984 e
1610 1917 1887 1984 duorum
1933 1915 2251 1984 similium
2304 1919 2640 1984 nominum

262 2020 614 2110 (Ἂῖδωνεύς
675 2026 741 2087 et
794 2021 1079 2106 Ἄδωνις)
1144 2022 1508 2090 confusione
1523 2068 1542 2101 ,
1603 2028 1747 2088 tum
1796 2022 1944 2088 inde
1989 2021 2157 2107 quod
2198 2022 2642 2110 progrediente

261 2131 550 2212 tempore
610 2126 822 2193 Venus
880 2132 946 2192 et
1007 2126 1404 2215 Persephone
1455 2128 1688 2194 habere
1732 2132 2071 2213 coeperunt
2115 2126 2427 2212 quaedam
2472 2146 2643 2193 com·

260 2234 506 2298 munia.
578 2228 678 2298 Cf.
726 2231 1035 2297 Pluinma
1080 2232 1277 2318 Myth.
1330 2234 1539 2298 Graec.
1589 2231 1640 2297 Ι.
1686 2252 1835 2320 pag.
1886 2229 2037 2298 662.

355 2335 577 2425 Epigr.
626 2333 782 2415 297,
832 2334 871 2400 5
907 2356 997 2421 sq.

1739 2442 1845 2508 καὶ
1894 2441 2043 2507 κατ’
2094 2444 2327 2521 ἀγυιάς

579 2546 1046 2630 πλάζονται
1091 2548 1409 2631 γραφίδων
1454 2547 1746 2628 χρώμασι
1794 2548 2327 2631 ῥεμβόμενοι.

260 2651 552 2719 Absurde
587 2655 680 2720 sic
715 2658 944 2721 coeunt
982 2652 1177 2719 verba
1212 2653 1716 2730 ἰσοδυναμοῦντα.
1766 2653 1951 2721 Nihil
1986 2656 2138 2720 novi
2159 2653 2393 2719 melius
2415 2671 2645 2739 qnam:

626 2757 972 2841 πλάζονται
1018 2756 1339 2840 γραφίδων
1380 2761 1670 2838 χρώμασι
1718 2757 2236 2838 τερπόμενοι.

354 2863 580 2951 Epigr.
630 2862 800 2942 299,
851 2863 892 2931 3
915 2884 1007 2949 sq.

675 2967 779 3034 καὶ
826 2969 1042 3052 ψυχὴν
1089 2964 1398 3032 δοκέεσκον
1443 2963 1591 3040 ὅλην
1637 2966 1737 3031 ἐπὶ
1786 2966 2002 3048 χερσὶν
2047 2967 2215 3044 ε’μεῒο

763 3073 998 3138 κεῖσθαι
1044 3080 1157 3147 τῆς
1205 3070 1413 3151 κούρης
1458 3079 1570 3146 τῆς
1617 3070 1804 3154 τάχα
1842 3069 2209 3152 κερδαλέης·

260 3177 552 3244 Absurde
589 3180 896 3265 interpres
932 3177 1234 3243 Latinus:
1282 3191 1596 3242 ronsrrm
1634 3176 1856 3241 calbide
1891 3176 2251 3240 simulatam.
2299 3173 2444 3240 Non
2469 3176 2642 3241 enim

261 3285 474 3369 potuit
530 3284 843 3371 Agathias
900 3282 1185 3368 puellam
1205 3327 1224 3360 ,
1289 3283 1470 3347 cuius
1531 3281 1986 3365 calliditatem,
2047 3285 2123 3347 ut
2167 3285 2428 3367 apparet
2470 3301 2504 3347 e
2549 3301 2643 3347 se-

261 3388 604 3475 quentibus
619 3435 637 3466 ,
682 3389 876 3473 probe
915 3391 1297 3475 cognoverat
1311 3432 1330 3465 ,
1376 3386 1485 3451 hic
1520 3405 1746 3454 vocare
1765 3388 2043 3472 fortasse
2061 3386 2418 3450 simulatam.
2468 3382 2640 3452 Cave

258 3499 478 3560 tamen
538 3496 818 3582 corrigas
876 3499 989 3567 τῆς
1051 3490 1219 3570 μάλ
1240 3515 1283 3556 α
1328 3490 1677 3571 κερδαλέης.
1755 3490 1926 3557 Nam
1968 3489 2197 3558 vocula
2237 3488 2422 3570 τάχα
2469 3488 2640 3576 apud

256 3598 447 3665 hosce
503 3596 957 3664 versificatores
1019 3596 1287 3663 subinde
1347 3594 1523 3662 valet
1583 3597 1805 3683 utique.
1892 3592 1990 3664 Of.
2051 3595 2167 3663 IX..
2234 3594 2365 3663 665
2381 3616 2401 3677 3
2463 3594 2637 3663 XVI.

259 3701 414 3770 337.
463 3702 505 3768 2
522 3722 539 3782 ;
582 3699 741 3785 357.
793 3701 870 3779 3,
922 3694 1098 3767 alibi.

346 3808 571 3896 Epigr.
621 3807 773 3875 302.

760 3915 931 3989 ποίην
977 3936 1070 3985 τις
1119 3911 1265 3992 πρὸς
1310 3910 1537 3994 ἔρωτας
1588 3910 1668 3978 ἔοι
1715 3912 1959 3995 τρίβον;

348 4018 529 4085 Imo:
577 4019 656 4102 ἴῃ.
1189 4070 1194 4076 .
1269 4072 1276 4077 .

345 4124 573 4191 Finem
638 4125 811 4191 hisce
877 4127 943 4189 in
989 4128 1204 4210 ‚caput
1261 4125 1561 4211 quintum
1623 4122 2051 4210 Anthologiae
2119 4125 2631 4190 annotationibus

254 4232 584 4315 imponam
622 4229 991 4317 corrigendo
1013 4231 1460 4297 obscurissimo
1487 4230 1764 4295 carmine
1779 4276 1796 4307 ,
1841 4228 2017 4312 quod
2031 4228 2272 4316 legitur
2296 4250 2486 4316 supra
2512 4228 2633 4295 46:
