2934 5050
373 274 508 339 250
1170 290 1481 339 nocuum
1533 292 1603 339 er
1652 292 1964 341 nocuum.

366 459 453 527 sit
500 458 668 526 illisx
721 473 916 547 ἆρον,
962 459 1220 538 redere,
1263 462 1466 538 colus,
1514 462 1699 529 elovil
1748 481 1863 549 pro
1905 461 2095 529 elavit
2146 466 2264 527 aut
2300 458 2457 526 eluit
2493 453 2719 543 (xxvi

371 568 499 641 61,
547 566 604 631 si
649 565 812 633 baec
859 586 1010 634 vera
1062 566 1250 634 lectio
1294 575 1426 645 est,
1476 567 1731 655 dequo
1782 567 1977 642 infra;
2019 566 2203 635 codd.
2246 564 2495 653 elevit),
2534 560 2725 627 eluvies

366 693 486 761 pro
550 673 787 747 eluvies
853 672 1066 757 (codd.
1135 693 1264 740 uno
1322 674 1456 742 loeo
1504 675 1762 753 elevieS,
1810 677 2015 742 altero
2062 673 2299 742 eluvies
2346 671 2434 738 ib.
2486 669 2628 759 59),
2665 666 2729 733 iti

366 798 485 867 pro
531 779 633 845 illi
685 778 946 847 xxvn.
1000 784 1085 847 20
1137 787 1203 849 et
1251 787 1376 857 55,
1427 781 1480 847 ci
1530 801 1644 867 pro
1691 780 1913 848 eodem
1961 782 2119 870 (iam
2170 778 2325 846 olim
2372 797 2411 843 a
2458 776 2538 842 Μ.
2575 794 2727 842 com·

370 883 788 965 mendatum,
871 884 984 952 sed
1057 906 1182 952 non
1245 888 1454 973 magis
1520 886 1917 975 probandum
1984 906 2186 974 quam
2251 886 2307 950 si
2368 904 2469 950 ese
2522 888 2636 949 aut
2682 900 2733 946 ιο

369 1010 485 1078 pro
544 996 681 1057 esse
743 991 1064 1080 scribas),
1121 991 1532 1081 philosophus
1594 1003 1659 1060 et
1705 1004 1950 1060 atomus
2000 996 2064 1059 in
2112 991 2485 1059 accusativo
2530 984 2732 1075 planti

369 1097 664 1164 xxvlu.
734 1101 814 1162 12
878 1108 943 1165 et
1008 1105 1085 1166 15
1140 1097 1276 1188 (ubi
1329 1102 1393 1164 in
1438 1099 1892 1186 philosophus,
1940 1109 2186 1165 atomus
2226 1115 2509 1184 agnosco
2553 1103 2731 1160 trans·

367 1203 753 1290 scriptiones
830 1204 1225 1272 Graecorum
1287 1205 1711 1288 φιλοσόφους,
1777 1205 2113 1295 ἀτόμους),
2177 1204 2532 1279 insimilas,
2594 1204 2732 1287 parl-

370 1328 582 1397 praeS.
631 1332 715 1366 =
758 1311 1118 1377 insimilatus
1168 1310 1367 1379 XXX.
1420 1314 1507 1379 29
1561 1312 1652 1402 ¹),
1703 1331 1868 1398 quae
1917 1332 2041 1378 non
2096 1312 2313 1379 minus
2361 1317 2516 1377 sunt
2549 1326 2585 1373 a
2622 1302 2732 1371 vul·

368 1419 509 1502 gari
560 1416 810 1482 ratione
856 1416 1087 1485 aliena.
1183 1417 1360 1484 »Nec
1410 1417 1635 1495 vero”,
1686 1418 1903 1505 inquit
1952 1417 2163 1485 Muell.
2216 1438 2279 1505 p.
2332 1415 2542 1493 XLII,
2586 1420 2733 1477 »tola

371 1522 608 1589 Lucilii
661 1522 835 1589 salus
884 1524 948 1589 in
995 1547 1080 1603 u,
1135 1524 1226 1601 ei,
1273 1544 1342 1590 ec
1390 1543 1506 1610 pro
1554 1544 1634 1612 y,
1686 1524 1747 1602 i,
1796 1546 1878 1590 eae
1927 1523 2351 1605 restituendis
2394 1522 2495 1589 vel
2541 1516 2733 1587 simili-

372 1627 491 1694 bus
539 1636 839 1695 versatur
884 1629 1253 1697 minutiis”.
1354 1629 1479 1696 Sed
1531 1650 1655 1696 non
1707 1632 1916 1717 magis
1964 1640 2262 1698 versatur
2312 1631 2379 1696 in
2432 1628 2559 1695 illis
2594 1642 2735 1712 qnae

371 1733 452 1801 Μ.
503 1732 736 1821 cupide
783 1754 859 1801 ex
906 1734 1085 1802 MSS.
1138 1736 1392 1822 repetit.
1489 1734 1558 1803 Si
1607 1737 1754 1822 quis
1802 1757 1881 1802 ex
1931 1737 2146 1806 verbis
2192 1735 2406 1803 allatis
2453 1734 2735 1803 editorem

371 1840 552 1926 parvi
600 1841 813 1906 facere
866 1840 1026 1907 tales
1074 1843 1485 1927 quaestiones
1519 1840 2056 1932 orthographicas
2102 1844 2546 1918 existimaret,
2587 1837 2734 1906 salle·

373 1955 586 2022 retum
663 1966 812 2013 nam
883 1948 1140 2033 saepius
1213 1956 1507 2015 moratur
1572 1949 1637 2014 in
1710 1948 1848 2029 his,
1919 1950 2029 2016 ubi
2103 1951 2402 2036 graviora
2467 1951 2736 2035 poterant

370 2050 633 2132 offerri,
683 2060 750 2121 et
797 2051 904 2125 ubi
953 2053 1093 2140 ipse
1143 2052 1461 2121 Lucilium
1512 2053 1851 2135 emendat,
1900 2057 2059 2123 solet
2105 2055 2280 2124 nullo
2319 2074 2473 2161 cum
2515 2051 2735 2122 emolu·

373 2166 596 2225 mento
644 2158 702 2224 ei
749 2157 907 2225 illud
958 2158 1181 2226 sedulo
1226 2158 1555 2227 adbibere.

463 2265 738 2332 Miratur
785 2265 865 2334 Μ.
913 2286 975 2353 p.
1027 2270 1158 2332 219
1203 2265 1402 2334 fuisse
1438 2267 1552 2353 qui
1594 2266 1675 2335 de
1713 2266 1930 2335 dativo
1972 2269 2038 2334 in
2080 2289 2114 2334 e
2154 2267 2346 2335 breve
2370 2266 2737 2334 dubitarent.

373 2369 687 2458 Equidem
747 2370 933 2438 facile
969 2370 1169 2438 seram
1214 2392 1317 2439 me
1358 2374 1762 2440 commisisse
1803 2373 1971 2461 quod
2024 2374 2182 2441 mibi
2219 2394 2371 2441 cum
2416 2370 2738 2441 Rilscbelio

375 2496 723 2546 commune
783 2488 903 2546 est.
1001 2479 1239 2546 Tamen
1310 2458 1434 2545 non
1503 2478 1773 2547 verebor
1834 2477 2062 2562 lateri,
2130 2500 2232 2548 me
2289 2489 2435 2569 post
2481 2499 2555 2548 ea
2595 2493 2739 2566 quae

371 2585 604 2672 scripsi
674 2585 852 2651 Coni.
922 2585 971 2652 1.
1043 2606 1104 2673 p.
1171 2590 1255 2652 36
1320 2585 1399 2652 ad
1468 2585 1661 2652 aliam
1723 2589 2109 2654 sententiam
2157 2587 2542 2677 perductum
2586 2602 2742 2659 eme,

373 2691 781 2778 potissimum
830 2700 1216 2778 argumento
1268 2691 1306 2758 Ι.
1359 2691 1563 2759 XXX.
1618 2696 1733 2760 15:

776 2806 841 2864 et
890 2798 1128 2864 virtute
1180 2807 1331 2864 tuae
1376 2808 1441 2865 et
1497 2797 1689 2865 claris
1737 2796 2100 2866 conducere
2140 2797 2391 2866 chartis

375 2902 480 2971 ubi
526 2902 810 2980 Nonius,
854 2908 1011 2972 274.
1064 2908 1149 2971 20
1201 2913 1347 2979 tua,
1391 2905 1455 2969 in
1500 2924 1627 2992 quo
1665 2914 1808 2970 tuae
1845 2903 2269 2991 agnoscebam
2310 2904 2632 2994 (sequitur
2663 2902 2738 2988 e).

372 3009 552 3077 Idem
595 3008 960 3077 Muellerus,
1027 3008 1241 3090 Quare
1283 3030 1458 3077 nunc
1502 3030 1623 3076 non
1664 3009 1891 3076 dubito
1922 3012 2076 3098 quin
2110 3011 2245 3080 Vll.
2275 3016 2363 3078 24
2392 3010 2738 3079 »esuriente

371 3115 538 3182 leoni
578 3135 655 3182 ex
696 3135 805 3182 ore
829 3115 1168 3202 exculpere
1195 3115 1545 3203 praedam’'
1578 3125 1750 3183 recte
1775 3115 2101 3185 scribatur
2122 3168 2138 3196 ‚
2162 3126 2225 3184 et
2246 3128 2496 3203 pectore
2524 3113 2678 3182 Vssl.
2698 3117 2734 3178 ὅ

370 3221 460 3286 sit
518 3220 810 3298 dativus,
861 3222 1147 3309 itemque
1194 3243 1448 3309 corpore
1497 3222 1794 3290 xxvln.
1849 3229 1957 3290 53.
2043 3222 2311 3310 Reliqua
2360 3232 2520 3289 sunt
2562 3218 2739 3288 dubia

370 3333 485 3391 aut
547 3324 936 3405 reiicienda,
998 3336 1068 3394 ut
1118 3327 1167 3393 1.
1221 3334 1258 3395 5
1313 3329 1586 3400 »vellem
1641 3326 2075 3397 adfuissemus
2122 3331 2339 3417 priore
2387 3322 2735 3400 Concilio”·

361 3430 493 3520 leg.
536 3432 740 3521 priori
764 3454 787 3508 ,·
836 3432 950 3501 ΙΙΙ.
1001 3438 1127 3500 46:

740 3566 891 3595 -υν
945 3549 1011 3607 et
1058 3542 1338 3628 spatium
1389 3540 1680 3610 curando
1726 3561 1996 3630 corpore
2043 3541 2391 3610 honestum

738 3663 1106 3724 sumemus,

373 3770 499 3818 non
528 3759 794 3839 apparet
820 3772 853 3816 e
878 3750 1067 3819 breve
1091 3772 1254 3821 esse.
1330 3751 1552 3820 Obiter
1576 3754 1981 3841 corrigamus
2006 3761 2221 3820 onusto
2248 3772 2363 3841 pro
2388 3753 2690 3820 honestum
2714 3797 2731 3825 ,

377 3876 527 3924 nam
570 3858 839 3944 spatium
884 3857 1207 3925 honeslum
1248 3867 1381 3925 tam
1426 3861 1778 3927 insolenter
1819 3859 2061 3927 dicitur
2099 3879 2293 3947 quam
2336 3868 2508 3927 recte
2531 3851 2734 3944 cm³pus

369 3972 680 4031 ontastum.
731 3962 1032 4030 Fortasse
1074 3963 1360 4031 Lucilius
1385 3967 1649 4032 honusta
1672 3965 1888 4042 dedit,
1916 3966 2083 4054 quod
2112 3965 2356 4034 Gellius
2377 3966 2461 4035 ll.
2490 3969 2593 4033 35
2618 3961 2729 4028 l'or·

373 4088 546 4136 mam
583 4076 904 4137 vetustam
931 4070 1233 4158 appellat.
1261 4108 1353 4122 —
1377 4070 1718 4139 inficetum
1748 4082 1846 4140 est
1873 4071 2042 4159 quod
2068 4070 2309 4157 legitur
2342 4069 2622 4140 xxvm.
2650 4070 2733 4133 55

783 4175 1146 4262 pulmentas
1195 4196 1346 4244 sene
1395 4179 1493 4244 vis
1542 4186 1735 4265 alque
1783 4198 1912 4245 anu
1958 4176 2353 4246 subducere.

447 4417 497 4483 l)
533 4414 734 4468 Similia
770 4414 958 4468 videsis
989 4417 1121 4481 apud
1159 4416 1368 4467 Bitscbl.
1407 4415 1592 4482 opusc.
1630 4418 1706 4467 11.
1742 4433 1790 4482 p.
1830 4420 1941 4470 785.
