2934 5050
338 313 369 373 1
387 312 466 376 18
1308 324 1730 373 nuscanum.

333 515 528 584 quam
576 496 641 563 in
689 503 943 564 vetusto
993 494 1285 562 Parisino
1329 504 1388 560 A
1435 492 1677 559 diserte
1726 492 1815 558 ita
1862 491 2179 578 scriptum
2228 506 2371 555 esse
2407 485 2534 553 vidi
2563 503 2691 551 am-

338 601 542 670 babus
590 603 887 670 manibus
935 600 1286 687 amplector
1335 600 1598 665 Porsoni
1659 598 2170 665 emendationem
2220 593 2695 679 μετεωροκόπον,

335 707 402 774 id
449 716 548 775 est
591 708 1091 791 μετεωρολέσχην
1155 706 1259 772 καὶ
1322 704 1457 788 περὶ
1522 710 1640 770 τῶν
1693 705 2005 785 μετεώρων
2051 702 2266 769 πολλοὶ
2311 702 2445 785 εἰκῇ
2490 707 2698 781 Φλυα-

333 818 571 896 ροῦντα.
625 814 949 882 ·Verbum
1014 811 1165 879 inde
1228 819 1452 878 natum
1522 809 1802 877 feliciter
1862 809 2068 876 evasit
2133 808 2198 874 in
2261 803 2702 893 Aristophanis

338 919 503 988 Pace
546 939 641 988 νε.
689 925 799 989 92.

968 1033 1079 1092 ποῖ
1116 1023 1248 1101 δῆτ’
1292 1020 1505 1096 ἄλλως
1550 1028 2062 1103 μετεωροκοτεῒς;

426 1130 680 1212 Quanta
714 1131 921 1217 igitur
958 1129 1201 1195 invidia
1238 1130 1474 1194 arserit
1517 1127 1792 1194 Pericles
1831 1127 1860 1191 ὃ
1891 1124 2383 1206 μετεωρολογίας
2422 1123 2699 1203 ἔμπλησο

333 1237 454 1310 θείς
503 1234 708 1324 (Plato
755 1236 819 1302 in
870 1234 1160 1302 Phaedro
1209 1256 1269 1321 p.
1298 1239 1429 1300 270
1451 1235 1648 1320 Α.),ὄ
1687 1232 2180 1315 μετεωρολογίας
2219 1231 2327 1296 καὶ
2373 1251 2706 1309 μεταρσιο-

336 1341 607 1423 λεσχίας
671 1340 1232 1421 ὑποπιμπλάμενος
1295 1338 1651 1429 (Plutarch.
1718 1340 1782 1403 in
1838 1337 2078 1403 Pericle
2128 1335 2194 1424 5)
2246 1333 2435 1401 facile
2485 1341 2578 1399 est
2624 1330 2704 1398 ad

336 1444 862 1532 intelligendum,
928 1447 1019 1512 ita
1086 1453 1157 1512 ut
1222 1442 1549 1531 Diopithes
1609 1443 1871 1527 γράψας
1936 1440 2384 1522 εἰσαγγέλλειν
2437 1440 2575 1513 τοὺς
2620 1437 2709 1504 τὸ

338 1552 473 1617 θεῖα
520 1554 608 1630 μὴ
656 1552 1010 1634 νομίζοντας
1056 1553 1090 1629 ἢ
1137 1549 1362 1630 λόγους
1410 1549 1543 1632 περὶ
1590 1556 1710 1617 τῶν
1765 1550 2112 1631 μεταρσίων
2170 1546 2567 1620 διδάσκοντας
2614 1562 2710 1610 se·

338 1655 550 1723 cundo
597 1656 659 1723 id
708 1657 938 1744 populo
988 1656 1198 1724 facere
1246 1656 1548 1744 potuerit.

432 1762 763 1848 Imprimis
811 1761 1225 1829 memorabile
1262 1767 1363 1829 est
1410 1759 1581 1849 quod
1619 1760 1846 1827 scribit
1890 1759 2273 1826 Plutarchus
2312 1760 2379 1825 in
2423 1759 2602 1826 Nicia
2627 1762 2711 1824 25

337 1867 587 1934 odiosos
632 1875 698 1934 et
765 1868 1004 1935 invisos
1055 1867 1287 1956 populo
1330 1868 1472 1940 τοὺς
1519 1867 1821 1950 φυσικοὺς
1858 1866 1964 1932 καὶ
2012 1864 2527 1948 μετεωρολέσχας
2572 1864 2713 1931 τότε

337 1973 748 2052 καλουμένους
817 1982 1151 2060 propterea
1217 1972 1413 2039 fuisse
1475 1973 1630 2058 quia
1687 1970 1951 2059 perinde
2000 1991 2221 2038 omnes
2265 1980 2330 2037 et
2375 1971 2533 2037 Deos
2579 1988 2715 2037 esse

341 2078 662 2164 negabant
709 2085 775 2145 et
822 2077 1105 2144 divinam
1159 2076 1626 2166 providentiam
1679 2075 2006 2143 tollebant.
2049 2078 2166 2159 ὀψὲ
2214 2076 2267 2142 δ’
2308 2079 2344 2153 ἦ
2383 2075 2715 2150 Πλάτωνος

340 2182 742 2265 ἐκλάμψασα
804 2182 955 2260 δόξα
1021 2184 1125 2250 διά
1182 2183 1285 2250 τὸν
1343 2182 1481 2261 βίον
1533 2186 1641 2248 τοῦ
1688 2182 1895 2263 ἀνδρὸς
1943 2183 2046 2248 καὶ
2096 2179 2188 2249 ὅτι
2233 2190 2416 2255 ταῖς
2463 2183 2715 2253 θείαις

344 2288 450 2353 καὶ
485 2288 864 2369 κυριωτέραις
907 2290 1142 2370 ἀρχαῖς
1191 2286 1554 2365 ὑπέταξε
1600 2288 1721 2362 τάς
1771 2287 2045 2369 Φυσικάς
2105 2286 2435 2366 ἀνάγκας,
2487 2288 2715 2371 ἀφεῖλε

342 2395 455 2468 τὴν
500 2400 618 2459 τῶν
663 2391 865 2472 λόγων
926 2393 1153 2460 τούτων
1212 2394 1511 2473 διαβολὴν
1557 2395 1661 2460 καὶ
1711 2400 1837 2466 τοῖς
1883 2392 2248 2471 μαθήμασιν
2293 2395 2379 2465 είς
2425 2391 2716 2463 ἅπαντας

343 2497 470 2564 ὁδὸν
511 2498 812 2565 ἐνέδωκεν.
914 2496 1091 2565 Plato
1130 2504 1264 2577 est,
1314 2518 1441 2586 quo
1485 2518 1671 2566 nemo
1707 2499 1925 2565 acrius
1964 2497 2236 2578 πόλεμον
2274 2495 2579 2565 ἄσπονδον
2619 2497 2712 2564 καὶ

342 2605 679 2688 ἀκήρυκτον
724 2606 870 2685 πρὸς
916 2604 1056 2678 τοὺς
1104 2605 1314 2679 ἀθέους
1360 2606 1658 2690 gesserit.
1758 2604 2016 2690 Triplex
2068 2612 2208 2671 erat
2253 2606 2398 2671 vivo
2462 2605 2720 2671 Platone

341 2717 459 2777 τῶν
505 2712 751 2791 ἀσεβῶν
792 2730 1017 2796 genus.
1111 2709 1274 2777 Malo
1321 2711 1526 2797 ipsius
1576 2710 1861 2777 Platonis
1910 2709 2120 2776 verbis
2158 2712 2256 2778 uti
2300 2710 2377 2776 dc
2416 2709 2618 2797 Leyy.
2645 2709 2720 2776 X.

347 2837 413 2902 p.
462 2821 591 2883 885
642 2828 710 2883 B.
761 2817 924 2890 θεοὺς
973 2817 1307 2896 ἡγούμενος
1356 2812 1511 2882 εἶναι
1562 2817 1735 2882 κατα
1778 2817 1991 2896 νόμους
2038 2817 2228 2889 οὐδεὶς
2288 2818 2536 2882 πώποτε
2583 2814 2722 2882 οὔτε

345 2920 519 3003 ἔργον
563 2923 793 3002 ἀσεβὲς
841 2922 1181 3005 εἰργάσατο
1229 2922 1378 2989 ἑκὼν
1424 2921 1563 2988 οὔτε
1612 2921 1798 3001 λόγον
1836 2925 2084 3003 ἀφῆκεν
2122 2921 2349 3001 άνομον
2388 2921 2547 3010 (imo
2574 2939 2724 2987 vero

346 3027 644 3115 ἀνόσιον),
710 3030 861 3096 ἀλλ’
918 3024 980 3093 ἓν
1040 3028 1112 3104 δή
1168 3052 1230 3094 τι
1294 3035 1411 3095 τῶν
1461 3033 1632 3110 τριῶν
1678 3026 1947 3108 πάσχων
1995 3028 2029 3105 ἣ
2096 3032 2276 3095 τοῦτο
2346 3024 2490 3108 ὅπερ
2556 3024 2723 3093 εἶπον

351 3129 529 3219 (εἶναι
595 3133 782 3220 θεοὺς)
846 3134 967 3213 οὐχ
1028 3134 1401 3214 ἡγούμενος,
1465 3134 1502 3210 ἢ
1566 3133 1637 3199 τὸ
1702 3134 1972 3215 δεύτερον
2036 3132 2216 3206 ὄντας
2273 3136 2338 3200 οὐ
2386 3133 2726 3215 φροντίζειν

347 3237 697 3319 ἀνθρώπων,
748 3239 782 3316 ἢ
846 3239 1045 3320 τρίτον
1104 3240 1648 3320 εὐπαραμυθήτους
1711 3236 1865 3305 εἶναι
1926 3241 2165 3313 θυσίαις
2211 3263 2281 3306 τε
2343 3238 2450 3305 καὶ
2499 3239 2726 3321 εὐχαῖς

347 3342 839 3424 παραγομένους.
890 3341 972 3408 ci.
1023 3342 1163 3408 libr.
1218 3343 1355 3410 ΧΠ.
1409 3364 1470 3429 p.
1502 3348 1656 3411 948.
1711 3354 1782 3414 C.
1829 3344 1935 3411 ubi
1986 3344 2171 3411 docet
2209 3350 2473 3431 propter
2522 3341 2726 3409 homi·

351 3465 506 3513 num
579 3447 975 3533 impietatem
1038 3447 1460 3515 iurisiurandi
1536 3447 1913 3535 religionem
1980 3470 2058 3518 ex
2120 3449 2382 3516 iudiciis
2450 3447 2722 3535 publicis

349 3551 547 3618 eximi
608 3560 921 3639 oportere.
1021 3552 1446 3621 Durissimam
1515 3553 1716 3639 igitur
1770 3553 1975 3641 legem
2023 3556 2329 3635 ἀσεβείας
2375 3552 2510 3637 πέρι
2564 3555 2718 3620 scri·

349 3658 478 3746 psit
525 3656 604 3723 X.
663 3664 740 3724 15
792 3677 1051 3724 carcere
1099 3667 1212 3725 aut
1261 3657 1522 3747 capitali
1571 3658 1885 3746 supplicio
1934 3661 2168 3748 impios
2219 3661 2572 3737 territans,
2617 3658 2717 3728 sed

353 3781 477 3828 non
528 3767 681 3828 sunt
732 3763 884 3831 baec
931 3765 1260 3844 εὐσεβείας
1305 3765 1663 3849 φάρμακα,
1711 3784 1918 3852 neque
1965 3767 2018 3833 οἱ
2065 3766 2572 3850 μετεωρολέσχαι
2617 3764 2718 3832 de·

347 3865 661 3935 fecerunt.
757 3867 853 3935 Ad
899 3869 1079 3936 Iliad.
1127 3880 1207 3938 Π.
1257 3874 1408 3937 298.

709 3974 790 4047 ὧς
837 3973 891 4039 δ’
935 3970 1027 4042 ὅτ’
1074 3977 1196 4058 ἀφ’
1243 3979 1486 4058 ὑψηλῆς
1534 3980 1795 4060 κορυφῆς
1844 3976 1999 4059 ὄρεος
2047 3976 2355 4058 μεγάλοιο

711 4081 923 4163 κινήσῃ
966 4084 1217 4160 πυκινὴν
1264 4082 1529 4166 νεφέλην
1575 4082 2029 4166 ςεροπηγερέτα
2078 4083 2231 4157 Ζεύς
2254 4134 2274 4160 ,

345 4181 557 4251 tristis
596 4179 945 4272 adscripsit
982 4190 1451 4272 grammaticus
1482 4189 1697 4255 nescio
1738 4189 1901 4275 quis:
1950 4187 2056 4254 καὶ
2102 4193 2314 4257 ταῦτα
2350 4189 2418 4255 δε
2452 4189 2717 4268 Ὄμηρος

246 4344 257 4351 .
342 4290 432 4357 τὰ
478 4289 817 4369 αὐτόματα
851 4292 1004 4365 θεοῖς
1043 4295 1399 4370 ἀνατίθησιν
1419 4343 1436 4373 ,
1474 4295 1527 4360 οἱ
1565 4294 1632 4360 δὲ
1665 4294 1808 4373 μετ’
1848 4295 2035 4360 αὐτὸν
2072 4318 2125 4374 μ
2141 4319 2172 4360 ε
2187 4317 2228 4361 τ
2242 4320 2272 4360 ε
2291 4318 2334 4359 ω
2348 4318 2378 4375 ρ
2393 4316 2422 4359 ο
2440 4309 2481 4360 λ
2494 4291 2524 4359 έ
2539 4316 2578 4357 σ
2588 4315 2716 4373 χαι

342 4393 613 4474 οὐδαμοῦ
651 4398 1071 4482 προστιθέασιν
1098 4397 1289 4481 ὄνομα
1313 4400 1465 4467 θεοῦ.
1517 4398 1639 4466 Sed
1668 4400 1743 4465 ad
1776 4399 2213 4489 psephismata
2241 4419 2381 4468 mea
2407 4407 2708 4466 revertor.
