2934 5050
410 292 535 353 156
1184 306 1657 355 oasnavmons
1707 307 1981 355 caiuma

492 473 635 540 Alia
683 474 886 540 multa
950 473 1126 540 nullo
1182 476 1437 562 negotio
1495 474 1648 541 addi
1713 486 2002 562 possunt.
2100 474 2289 563 Apud
2349 474 2758 542 Athenienses

402 581 802 666 incognitum
844 588 945 646 est
983 580 1360 646 adverbium
1404 582 1630 658 ἑκοντὶ,
1681 582 1852 668 quod
1893 602 1951 669 p.
1981 585 2135 647 241.
2181 586 2264 648 10
2308 580 2571 668 legitur.
2624 581 2758 647 Per·

403 706 620 774 peram
671 688 849 774 pouit
888 707 959 773 p.
989 675 1142 752 247.
1195 691 1234 752 4
1284 689 1319 763 ἧ
1367 688 1494 767 γάρ
1540 687 1722 768 πυρὸς
1769 687 1909 769 ὄψις
1951 689 2342 770 άμαυροῦται
2383 688 2460 754 δι’
2505 688 2759 770 ἡμέρας,
2847 705 2848 782 3

400 811 600 878 quum
648 794 784 871 μεθ’
818 792 1051 874 ἡμέραν
1092 791 1373 858 deberet.
1473 795 1811 878 Perperam
1858 802 2127 882 usurpat
2162 792 2520 860 secundum
2548 812 2752 859 casum

400 918 516 985 pro
561 906 794 983 quarto
855 917 918 984 p.
960 903 1116 963 355.
1187 901 1270 962 44
1333 899 1444 974 τὴν
1505 901 1769 980 φρουρὰν
1833 898 2106 978 ἐξήλασε
2165 899 2266 966 δύο
2324 898 2441 978 μέν
2503 924 2624 965 που
2669 899 2757 964 καὶ

394 1009 569 1086 τριῶν
629 1005 860 1084 ἡμερῶν
926 1003 1348 1083 άντισχοῦσαν
1409 1013 1470 1068 et
1539 1024 1602 1089 p.
1654 1008 1812 1071 561.
1871 1010 1948 1071 17
2014 1009 2246 1087 ἡμερῶν
2303 991 2428 1082 ἤδη·
2477 1005 2762 1071 τοσούτων

399 1108 694 1184 άπόσιτος
737 1105 913 1175 οὖσα.
1010 1108 1240 1173 Risum
1305 1119 1564 1174 movent
1626 1110 1891 1191 ἐρίτιμος
1948 1132 2011 1198 p.
2057 1115 2210 1177 266.
2263 1115 2302 1175 5
2349 1120 2413 1177 et
2462 1111 2764 1193 άρισῆμως

400 1235 465 1302 p.
496 1219 649 1281 550.
699 1221 807 1281 55.
904 1213 971 1278 Ρ.
1016 1218 1167 1279 266.
1213 1219 1297 1279 55
1346 1213 1628 1293 ποιμέσιν
1667 1215 1941 1293 ἐμαυτοῦ
1981 1214 2332 1297 παραδοὺς,
2380 1225 2497 1282 aut
2532 1216 2766 1283 erravit

400 1319 780 1386 Heliodorus
824 1327 938 1385 aut
984 1321 1248 1406 scripsit
1294 1329 1463 1393 τοῖς
1512 1320 1813 1399 ποιμέσιν.
1910 1319 2031 1387 Sed
2085 1319 2496 1388 librariorum
2539 1322 2763 1387 vitium

401 1425 560 1492 mibi
606 1445 953 1511 agnoscere
1018 1424 1234 1491 videor
1297 1446 1361 1512 p.
1407 1429 1563 1493 509.
1623 1431 1700 1490 12
1747 1427 1858 1502 την
1904 1426 2377 1502 Πυθιονίκην
2425 1426 2766 1508 ὠνόμαζεν,

401 1531 510 1597 ubi
582 1532 841 1617 requiro
907 1534 1018 1606 την
1086 1531 1335 1598 Πυθοῖ
1398 1532 1660 1609 νίκην,
1733 1532 1927 1597 sicuti
1996 1533 2187 1597 Πυθοῖ
2269 1542 2443 1598 recte
2538 1533 2767 1618 legitur
2847 1577 2848 1582 η

399 1656 463 1723 p.
511 1639 666 1702 252.
718 1640 824 1702 48.
920 1637 1130 1702 Minus
1170 1646 1344 1703 recte
1388 1634 1611 1711 ἕκαςος
1657 1635 1735 1704 de
1782 1637 2034 1703 duobus
2080 1635 2323 1708 dicitur
2373 1658 2431 1722 p.
2462 1642 2615 1703 257.
2667 1640 2766 1700 45.

400 1742 523 1807 Pro
568 1742 799 1819 πηνίκα
861 1741 1101 1828 legitur
1147 1742 1301 1809 πότε
1347 1762 1411 1829 p.
1461 1747 1619 1809 509.
1683 1747 1758 1809 51
1830 1741 1974 1808 πότ’
2018 1740 2142 1823 ἄρα
2195 1743 2250 1806 οἱ
2297 1742 2568 1818 Φοίνικες
2617 1742 2759 1821 &Sop-

395 1848 612 1927 μήσειν
679 1850 1042 1927 μέλλουσινς
1111 1859 1175 1914 et
1267 1869 1328 1935 p.
1373 1851 1530 1914 510.
1599 1851 1684 1936 59
1768 1848 2132 1914 ἐπυνθάνετο
2199 1844 2344 1913 πότ’
2421 1848 2762 1929 ἀνάγεσθαι

394 1955 724 2031 κελεύοιμι.

489 2059 898 2126 Recentiores
941 2059 1085 2124 -toti
1156 2068 1309 2125 sunt
1378 2060 1445 2123 in
1519 2057 1845 2125 veteribus
1914 2058 2249 2126 imitandis
2317 2067 2378 2125 et
2453 2063 2762 2145 usurpant

397 2163 710 2251 quidquid
754 2165 1188 2231 meminerunt
1225 2174 1376 2231 ante
1415 2184 1486 2231 se
1518 2163 1599 2230 ab
1640 2163 1784 2229 aliis
1807 2163 2136 2249 eleganter
2171 2173 2236 2230 et
2274 2174 2463 2230 acute
2486 2162 2756 2237 dictum,

398 2269 510 2337 sed
558 2290 682 2356 non
734 2271 893 2336 satis
938 2279 1129 2337 caute
1191 2271 1256 2336 in
1317 2289 1390 2336 ea
1443 2271 1802 2336 imitatione
1852 2271 2093 2336 versari
2142 2269 2346 2336 solent
2392 2277 2457 2336 et
2515 2268 2758 2355 impru-

397 2374 624 2442 dentes
681 2395 866 2461 saepe
927 2375 1317 2442 delabuntur
1376 2375 1456 2441 ad
1506 2376 1818 2461 ineptias,
1883 2376 2035 2461 quia
2085 2394 2208 2441 non
2259 2376 2420 2442 satis
2466 2383 2754 2441 accurate
2847 2381 2848 2428 ξ

395 2481 682 2568 cogitant
730 2500 934 2567 neque
982 2480 1353 2568 intelligunt
1400 2500 1527 2567 quo
1573 2479 1829 2567 singula
1878 2482 2261 2566 pertineant.
2359 2479 2588 2548 Nobile
2633 2477 2757 2545 dic-

394 2597 535 2653 tum
585 2595 683 2654 cst
730 2587 1015 2674 Dionysii
1055 2587 1377 2674 Tyranni:
1430 2588 1620 2653 καλὸν
1655 2585 1943 2670 ἐντάφιον
1982 2590 2016 2664 ἦ
2053 2587 2366 2669 τυραννίς,
2412 2586 2756 2652 multorum

395 2694 755 2759 imitatione
816 2691 1243 2771 celebratum,
1310 2692 1388 2759 de
1434 2713 1563 2779 quo
1610 2693 1736 2759 viri
1783 2692 1955 2758 docti
2006 2691 2174 2757 baud
2223 2690 2419 2757 semel
2469 2697 2758 2776 egerunt.

391 2799 693 2865 Chariton
759 2799 953 2864 etiam
1017 2818 1264 2865 memor
1322 2797 1483 2876 fuit,
1551 2818 1701 2864 cum
1764 2797 2077 2862 scriberet
2129 2802 2330 2884 p.83.
2373 2801 2413 2861 6
2478 2797 2758 2878 ἐντάφιον

388 2903 616 2982 ἔνδοξον
662 2907 698 2981 ἡ
734 2905 1059 2984 ἡγεμονία.
1136 2903 1538 2979 Heliodorust,
1586 2906 1698 2989 qui
1743 2901 1966 2967 multis
2006 2902 2375 2967 nominibus
2421 2900 2754 2967 Charitone
2847 2946 2848 2965 2

388 3011 572 3097 peius
618 3009 881 3086 scribit,
928 3020 1159 3095 quater
1204 3008 1370 3075 dixit
1439 3007 1660 3075 eodem
1714 3007 1920 3074 inodo.
2017 3007 2310 3074 Primum
2376 3026 2498 3072 non
2574 3005 2752 3073 inele-

388 3125 619 3201 ganter
663 3135 723 3201 p.
755 3119 910 3180 229.
960 3120 1044 3181 52
1103 3116 1295 3180 καλὸν
1345 3113 1635 3198 ἐντάφιον
1698 3114 1808 3188 την
1870 3114 2256 3195 σωφροσύνην
2318 3115 2751 3193 άπενεγκα·
2847 3190 2848 3193 ¹

386 3222 623 3300 μένη,
672 3219 840 3306 quod
900 3219 1311 3286 scribendum
1384 3222 1607 3306 utique
1668 3227 1767 3285 est
1815 3218 2480 3298 ἐπενεγκαμένης
2532 3215 2750 3286 deinde
2847 3220 2848 3229 ³

386 3334 487 3392 sat
532 3324 693 3392 bene
742 3345 803 3412 p.
856 3330 1009 3392 316.
1063 3331 1147 3392 48
1221 3327 1332 3401 τὴν
1390 3327 1518 3407 γάρ
1566 3327 1636 3390 ἐκ
1684 3331 1953 3406 Δελφῶν
2001 3325 2168 3406 ἱεράν
2214 3325 2447 3399 ἐσθῆτα
2487 3325 2750 3408 ἦμφίεςο
2847 3370 2848 3409 ᾗ

385 3434 463 3507 ὡς
512 3431 547 3508 ἣ
607 3433 933 3513 νικητήριον
992 3432 1027 3508 ἢ
1077 3431 1364 3513 ἐντάφιον
1420 3429 1730 3509 ἐσομένην.
1825 3430 2037 3495 Minus
2086 3429 2282 3517 probo
2328 3452 2391 3519 p.
2431 3434 2587 3496 565.
2642 3433 2746 3502 10.

389 3538 495 3603 ubi
543 3535 870 3604 Chariclea
919 3536 1161 3603 dicitur
1207 3535 1475 3604 eandem
1524 3536 1695 3602 illam
1727 3544 1968 3602 vestem
2003 3535 2146 3609 τούς
2190 3559 2260 3601 τε
2288 3536 2746 3605 συνεκτεθέντας

384 3640 596 3725 ὅρμους
644 3652 755 3721 τῆς
800 3643 1044 3719 ἐσθῆτος
1100 3642 1265 3715 ἐντὸς
1313 3642 1428 3708 ὑπὸ
1476 3641 1722 3723 yona-ipa
1767 3640 2077 3723 ζώσασθαι
2122 3636 2238 3706 οἷον
2287 3639 2567 3723 ἐντάφιά
2622 3659 2746 3705 τινα

385 3746 813 3830 ἐπιφερομένη.
907 3747 1032 3815 Sed
1073 3768 1338 3835 prorsus
1398 3747 1677 3813 absurde
1726 3751 1987 3832 reginae
2039 3746 2275 3812 monile
2321 3755 2378 3811 et
2435 3745 2745 3833 pretiosis·

387 3854 593 3919 simus
651 3852 756 3919 ille
818 3852 1130 3930 annulus,
1180 3853 1368 3918 cuius
1415 3851 1782 3918 admirabili
1844 3853 2084 3917 virtute
2130 3850 2460 3917 chariclea
2508 3857 2746 3918 servata

386 3957 544 4032 suit,
607 3956 879 4041 ἐντάφια
942 3968 1256 4024 vocantur
1336 3977 1394 4044 p.
1440 3962 1594 4024 566.
1647 3961 1772 4024 20:
1839 3959 1926 4023 τὰ
1991 3960 2118 4039 γὰρ
2176 3955 2616 4023 συνεκτεθέντα
2658 3975 2744 4034 μοι

386 4063 796 4145 γνωρίσματα
859 4064 993 4145 περὶ
1054 4073 1133 4148 τῇ
1198 4063 1386 4145 γαςρὶ
1449 4061 1770 4143 ζωσαμένη
1830 4062 2040 4144 κρύφα
2104 4063 2491 4143 ἐτύγχανον,
2555 4063 2610 4127 εἰ
2649 4059 2747 4139 μὲν

387 4167 721 4251 σωζοίμην,
787 4168 1071 4249 εὐπορίαν
1136 4167 1277 4247 βίου
1339 4168 1443 4234 καὶ
1494 4176 1612 4235 τῶν
1660 4168 2022 4248 ἀναγκαίων
2067 4205 2158 4219 ——·
2205 4188 2351 4234 nam
2395 4165 2745 4233 Charicleae

387 4272 650 4362 provida
701 4292 882 4339 mens
930 4275 1137 4339 inerat
1176 4293 1402 4360 rogum
1453 4295 1923 4341 conscensurae
1961 4312 2053 4325 —
2084 4277 2136 4341 εἱ
2186 4274 2251 4340 δέ
2293 4296 2355 4340 τι
2403 4274 2744 4356 πάσχοιμι,

387 4379 907 4461 καλλωπίσματα
952 4378 1210 4463 ἔσχατα
1257 4379 1363 4446 καὶ
1412 4380 1686 4466 ἐντάφια
1734 4381 2140 4461 γενησόμενα.
2237 4379 2348 4448 Sic
2395 4378 2604 4447 solent
2654 4396 2742 4445 re·
