2934 5050
1113 288 1192 334 An
1237 289 1635 340 ruucvnioen.
2481 287 2570 348 85

195 457 299 523 pro
368 449 516 519 ναῦς
592 468 708 516 usu
776 466 1107 544 receptum
1185 458 1386 528 fuisse
1454 461 1711 529 videtur
1781 465 1949 551 apud
2022 466 2323 535 Lacones,
2419 468 2558 537 Non

190 546 315 614 sine
375 550 687 623 allusione
722 559 822 625 ad
876 563 1087 650 ipsum
1155 564 1310 630 illud
1359 571 1536 634 κοῖλα
1584 569 1649 635 in
1702 569 2104 658 Hippocratis
2152 574 2229 640 acl
2283 573 2557 662 ephoros

190 655 439 739 epistola
508 659 855 750 Xenophon
919 669 1074 736 Hell.
1143 670 1206 751 1,
1283 681 1302 737 1
1367 677 1402 758 §
1465 680 1547 740 24
1594 677 1688 742 sie
1739 679 1972 763 porgit:
2027 679 2431 763 Φαρνάβαζος
2491 683 2562 749 δὲ.

191 760 361 825 παντὶ
402 755 507 845 τῷ
565 773 681 831 τῶν
725 777 1207 851 πελοποννησίων
1254 779 1643 877 ςρατεύματι
1692 786 1796 848 καὶ
1839 794 1967 857 τοῖς
2016 785 2383 868 συμμάχοις
2429 811 2554 854 πα-

189 980 254 1054 τῇ
309 972 656 1057 βασιλέως,
715 979 852 1057 ἕως
914 985 1009 1051 ἂν
1054 988 1152 1054 τά
1201 991 1542 1070 σώματα
1591 1001 1746 1059 σῶα
1795 994 1859 1084 (l.
1910 997 2021 1085 σοῖ)
2073 995 2130 1080 ᾖ.
2182 997 2367 1085 Apud
2402 1000 2551 1066 Ari-

186 1078 542 1163 stophanem
580 1083 701 1171 Eq.
755 1093 926 1156 1046
975 1111 1009 1157 e
1057 1091 1221 1160 libro
1272 1095 1625 1163 Ravennati
1678 1101 2155 1188 reponendum=
2204 1101 2233 1170 ὃ
2282 1106 2552 1187 σιδηροῦν

187 1183 375 1263 τεῖχός
418 1188 513 1257 ε’ςι
564 1192 670 1255 καὶ
719 1193 988 1273 ξύλων.
1036 1198 1129 1266 Cf.
1173 1200 1505 1289 Appendia:
1544 1205 1626 1270 ad
1664 1205 1884 1273 Studia
1927 1208 2152 1276 Crilae'ca
2214 1211 2280 1275 in
2332 1223 2549 1297 poetas

187 1290 432 1357 scenicos
499 1294 879 1367 Graecorum
943 1324 1087 1390 pag.
1141 1311 1247 1373 30.
1345 1308 1506 1376 Vide
1568 1313 1761 1377 etiam
1826 1312 2152 1381 Plutarchi
2202 1315 2413 1383 locum
2477 1319 2542 1383 in

189 1394 296 1458 vita
338 1400 657 1467 Aristides
703 1425 843 1492 cap.
895 1408 988 1487 X,
1053 1411 1157 1476 uhi
1211 1412 1581 1482 Mardonius
1630 1422 1983 1497 νενικήκατε
2049 1422 2537 1497 θαλασσίοις

186 1497 437 1579 ξύλοις
501 1514 838 1590 χερσαίους
899 1517 1237 1599 ἀνθρώπους
1301 1521 1409 1586 οὑκ
1455 1523 1861 1603 ἑπιςαμένους
1907 1526 2103 1604 κῶτην
2151 1529 2447 1596 ἐλαύνειν.

261 1607 399 1695 Cap.
454 1615 534 1679 14
600 1625 766 1682 extr.
816 1619 1024 1699 ἔμενον
1076 1622 1249 1690 κατὰ
1292 1627 1505 1709 χώραν
1560 1628 1687 1718 [ἐπὶ
1739 1641 1817 1716 τῇ
1867 1631 2110 1721 Πύλῳ].
2190 1634 2384 1701 Recte
2435 1655 2537 1701 me

188 1717 546 1799 expunxisse
608 1721 733 1788 tria
798 1725 1024 1793 ultima
1091 1730 1396 1798 vocabula
1463 1731 1559 1802 St.
1629 1736 1834 1803 Thuc.
1900 1759 1958 1825 p.
2029 1746 2107 1805 51
2155 1741 2348 1807 etiam
2395 1740 2544 1808 inde

187 1817 627 1906 confirmatur,
678 1829 846 1914 quod
895 1829 1172 1900 formula
1217 1836 1418 1915 μένειν
1465 1841 1637 1908 κατὰ
1675 1845 1890 1925 χώραν
1936 1844 2106 1932 apud
2150 1847 2352 1912 nostri
2399 1846 2540 1913 imi·

191 1929 429 1994 latorem
497 1929 769 1999 Dionem
826 1935 1116 2006 Cassium
1188 1940 1710 2032 frequentissime
1770 1950 1952 2016 obvia
2019 1950 2254 2038 ubique
2301 1951 2541 2038 legitur

188 2028 303 2097 sine
344 2032 814 2106 additamento.

258 2134 390 2224 Cap.
464 2145 548 2210 18
617 2145 818 2213 καίτοι
868 2150 1010 2217 οὔτε
1057 2151 1370 2234 δυνάμεως
1418 2156 1615 2244 ἐνδείᾳ
1665 2159 1974 2242 ἐπάθομεν
2016 2165 2167 2232 αὑτὸ
2216 2164 2357 2231 οὔτε
2403 2166 2542 2245 ριεί-

188 2239 320 2319 ζονος
376 2250 866 2330 προσγενομένης
934 2256 1336 2340 ὑβρίσαντες,
1402 2262 1530 2331 άπὸ
1590 2266 1652 2331 δὲ
1694 2274 1812 2332 τῶν
1857 2270 1954 2335 άεὶ
2006 2270 2538 2353 ὑπαρχόντων

190 2348 371 2434 γνώμη
415 2354 812 2437 σφαλέντες,
862 2361 924 2425 ἐν
966 2357 1010 2445 ᾧ
1059 2369 1219 2432 πᾶσι
1262 2366 1347 2432 τὸ
1396 2370 1594 2436 αὑτὸ
1641 2373 1857 2452 ὁμοίως
1900 2376 2278 2462 ὑπάρχει.
2332 2377 2540 2444 Verba

188 2459 237 2516 et
268 2453 531 2526 obscura
574 2469 640 2528 et
682 2474 944 2553 propter
988 2473 1330 2557 repetitum
1376 2475 1516 2543 sine
1556 2483 1750 2547 causa
1791 2480 2016 2550 idonea
2059 2482 2228 2552 idem
2272 2482 2536 2552 verbum

190 2796 286 2848 wis·
326 2783 684 2863 σφαλέντες
731 2785 791 2850 ἑν
838 2781 882 2867 ᾧ
932 2785 1003 2874 (i.
1056 2808 1110 2853 e.
1160 2789 1223 2853 ἐν
1268 2791 1461 2873 τούτῳ
1508 2795 1567 2860 ἐν
1615 2793 1695 2880 ᾧ,
1756 2801 1893 2867 scil.
1943 2802 2009 2868 ἰιι
2059 2804 2209 2869 belli
2251 2804 2532 2893 fortuna)

193 2884 315 2949 rim
375 2890 693 2956 ταύτὸν
751 2891 967 2970 ὁμοίως
1029 2892 1149 2965 ἔτι
1214 2896 1601 2980 πάσχειν.
1699 2905 1940 2994 Nempe
2001 2910 2303 2977 ταύτὸν
2375 2911 2536 3000 (sive

197 2995 392 3058 τοῦτο
438 2995 632 3062 malis
684 2998 963 3084 mecum)
1011 3009 1111 3065 est
1162 3001 1366 3086 ipsum
1421 3004 1575 3074 illud
1622 3014 1871 3091 γνώμης
1914 3019 2258 3097 σφαλῆναι.
2332 3015 2537 3082 Facil-

196 3086 313 3161 lime
355 3101 664 3167 confundi
711 3106 993 3189 potuisse
1032 3106 1135 3210 5⁸
1185 3098 1532 3199 πασχεῖεῑ
1574 3117 1879 3200 ὑπάρχει,
1931 3118 2121 3204 idque
2147 3140 2221 3186 eo
2248 3120 2534 3201 facilius,

195 3203 280 3270 ubi
322 3211 500 3280 modo
548 3230 991 3302 praecesserat
1036 3221 1473 3303 ὑπαρχόντων,
1524 3244 1709 3291 nemo
1757 3224 1944 3292 facile
1993 3225 2274 3312 negabit:

265 3312 396 3403 Cap.
467 3326 573 3388 19.
645 3323 774 3389 εἴτε
833 3326 884 3406 β
900 3329 924 3392 ι’
938 3350 983 3410 α
1048 3329 1415 3413 διαφύγοιεν
1461 3330 1946 3413 παρατυχούσης
1992 3332 2150 3406 τινὸς
2195 3336 2530 3417 σωτηρίας,

196 3420 296 3488 εἶτε
372 3433 473 3498 καὶ
552 3435 1115 3518 ἕκπολιορκηθέντες
1179 3445 1426 3519 μᾶλλον
1498 3437 1589 3504 ἂν
1648 3437 2012 3519 χειρωθεῖεν.
2133 3438 2374 3506 Vocula
2459 3439 2536 3507 ἄν

200 3544 297 3594 non
349 3542 820 3628 transponenda
882 3565 1036 3611 cum
1101 3547 1396 3632 Kregero
1450 3553 1600 3609 aute
1646 3541 2042 3623 διαφύγοιεν,
2105 3543 2213 3609 sed
2266 3543 2532 3612 delenda

200 3632 436 3708 videtur.
488 3644 733 3713 Contra
780 3650 928 3735 βίᾳ
979 3650 1185 3718 locum
1231 3652 1438 3737 magis
1480 3647 1776 3714 idoneum
1818 3650 2301 3736 nancisceretur
2330 3660 2537 3719 trans-

201 3741 364 3820 posita
423 3749 485 3814 in
551 3751 765 3818 locum
823 3757 1179 3840 particulae
1226 3754 1697 3825 conditionalis.
1792 3759 2032 3837 Χειροὺν
2082 3777 2135 3822 s.
2183 3760 2532 3839 χειροῦσθαι

200 3841 295 3929 βίᾳ
334 3861 389 3918 et
429 3858 570 3938 πρὸς
612 3859 771 3938 βίαν
818 3859 1202 3929 familiarem
1253 3862 1517 3931 Graecis
1556 3880 1694 3927 esse
1736 3862 2259 3947 compositionem
2305 3865 2369 3930 in
2398 3863 2531 3930 vul·

202 3964 299 4029 81¹8
337 3966 546 4031 uotum
600 3973 719 4029 est.

272 4054 402 4147 Gap·
449 4070 529 4131 52
581 4068 729 4135 init.
780 4067 925 4149 ἅμα
973 4073 1035 4138 δὲ
1082 4070 1156 4154 ἕῳ
1211 4070 1625 4162 [γιγνομένη.
1694 4073 2108 4139 Homericum
2152 4085 2250 4140 est
2288 4072 2405 4155 ἅμ’
2443 4079 2540 4153 ἠοῖ

203 4162 610 4255 Φαινομένηφι,
656 4174 765 4241 sed
805 4175 1172 4264 exemplum
1219 4177 1549 4253 desider-0,
1597 4176 1701 4242 ubi
1737 4179 1989 4244 Atticus
2014 4181 2292 4265 scriptor
2318 4181 2532 4266 pedes-

211 4267 288 4328 ter
352 4269 899 4361 frequentissimae
965 4279 1281 4349 formulae
1364 4280 1481 4361 ἅμ’
1551 4278 1624 4365 ἕῳ
1694 4282 2016 4350 addiderit
2086 4285 2528 4371 participium.

210 4363 387 4446 Quare
425 4397 541 4447 non
586 4403 887 4471 possum,
934 4388 1094 4474 quin
1141 4387 1502 4475 magistello
1551 4387 1833 4456 tribuam
1883 4390 2236 4475 γιγνομένη.
