2934 5050
1088 323 1487 370 communica
1538 322 1767 368 ιΑτιηΑ.
2484 308 2611 371 597

342 488 648 556 Similiter
690 492 853 577 quod
898 501 1077 578 turpe
1120 491 1260 556 avis
1306 502 1465 570 erat,
1512 489 1762 557 decebat
1807 488 2142 555 Iuvenalis
2177 487 2487 574 aequales.

1213 595 1345 661 Sat.
1396 595 1495 672 ll,
1544 601 1650 661 45.

893 699 1137 766 faciunt
1187 722 1247 766 ni
1298 721 1526 774 ΡιυιιΑ,
1574 708 1728 765 cett.

334 806 774 871 Coniecturam
826 811 1032 871 meam
1074 825 1283 870 verona
1327 805 1432 893 (el.
1481 806 1564 870 vl
1587 855 1604 883 ,
1665 811 1782 870 154
1833 812 1898 868 et
1951 803 2118 880 xlv,
2161 802 2274 889 57)
2316 804 2444 868 iam
2488 822 2619 869 me·

252 910 515 974 moravit
566 908 891 976 Scholtius
941 911 1002 975 in
1048 908 1374 976 dissertat.
1426 929 1573 997 pag.
1636 913 1750 983 10,
1799 928 1917 973 nee
1964 908 2352 974 sententiam
2405 915 2610 974 muto.

248 1012 456 1099 Neque
504 1016 678 1081 enim
737 1015 929 1101 plura
992 1035 1106 1100 pro
1162 1015 1355 1101 plura
1416 1014 1589 1079 mala
1650 1022 1762 1078 aut
1823 1032 1937 1097 pro
1993 1012 2142 1099 plus
2185 1010 2341 1077 mali
2387 1011 2612 1077 Latine

247 1118 386 1202 poni
447 1138 631 1206 posse
690 1117 1007 1197 arbitror,
1073 1138 1278 1205 neque
1342 1118 1459 1185 boe
1533 1138 1704 1183 nune
1775 1117 2157 1203 quaeritur,
2232 1115 2360 1181 utri
2421 1116 2613 1201 plura

243 1219 475 1290 saciant
522 1223 646 1289 viri
693 1242 774 1289 an
831 1223 1167 1301 mulieres,
1216 1222 1327 1289 sed
1375 1223 1506 1289 utri
1560 1224 1814 1307 peiora,
1882 1219 2424 1307 quemadmodum
2475 1220 2614 1305 lege

242 1324 602 1404 Scantinia,
648 1348 815 1414 quae
864 1330 991 1395 lata
1038 1337 1137 1395 est
1179 1329 1242 1394 in
1281 1328 1505 1395 molles
1539 1329 1651 1414 qui
1680 1326 1951 1393 nefanda
1982 1344 2210 1392 venere
2237 1333 2612 1401 uterentur,

239 1450 272 1496 e
307 1430 618 1499 Laroniae
656 1434 974 1499 sententia
1019 1434 1231 1520 peiora
1278 1432 1711 1519 puniebantur
1751 1430 1992 1517 flagitia
2034 1450 2226 1517 quam
2268 1429 2407 1515 lege
2446 1428 2608 1495 lulia

239 1534 312 1601 de
354 1534 728 1612 adulteriis,
776 1556 970 1623 qnam
1025 1538 1211 1602 modo
1260 1546 1440 1622 poeta
1481 1538 1731 1601 vocavit
1778 1555 2062 1602 amaram
2106 1535 2392 1600 omnibus
2426 1544 2610 1620 alque

188 1642 351 1725 'ipsi
423 1641 651 1707 Veneri
705 1641 1018 1728 Martique
1085 1642 1450 1709 timendam.
1564 1643 1741 1722 Quae
1801 1641 1932 1706 sint
2001 1638 2337 1706 adulteriis
2395 1641 2611 1725 peiora

236 1744 457 1813 deinde
536 1746 801 1812 Laronia
866 1757 1126 1813 enarrat
1188 1766 1311 1812 vss.
1378 1750 1464 1811 46
1522 1767 1661 1833 sqq.
1754 1741 2166 1831 Corruptelae
2232 1742 2443 1810 facilis
2508 1753 2607 1810 est

232 1849 590 1937 explicatio.
639 1849 904 1917 PLVRA
953 1870 1155 1937 prono
1199 1870 1455 1929 errore,
1507 1849 1615 1915 eui
1668 1850 1919 1917 favebat
1965 1867 2242 1934 sequens
2276 1869 2606 1925 vitamet-us,

232 1954 293 2020 in
341 1953 647 2022 palona
696 1956 981 2035 abierat,
1031 1976 1159 2041 quo
1210 1954 1395 2021 -sacto
1455 1975 1653 2021 ruens
1724 1965 2003 2021 metrum
2072 1953 2394 2020 fulserunt
2460 1934 2601 2019 edr-

232 2067 514 2125 reetores
560 2060 802 2125 inserto
848 2061 1243 2148 pronomine.
1339 2059 1519 2141 Quod
1559 2070 1774 2126 autem
1826 2057 2150 2125 Seboltius
2189 2055 2367 2122 addit
2409 2074 2600 2123 versu

224 2165 516 2249 sequenti
564 2184 681 2250 pro
724 2180 1024 2231 numerm
1071 2165 1314 2251 requiri
1363 2186 1593 2229 cuneus
1642 2165 1898 2251 pauciS,
1961 2172 2036 2230 ut
2081 2161 2401 2236 arbitror,
2458 2180 2598 2249 per·

222 2267 534 2335 suadebit.
634 2268 981 2336 Contendit
1039 2269 1213 2335 enim
1279 2269 1550 2335 Laronia
1612 2267 1782 2353 quod
1835 2288 2055 2333 verum
2107 2275 2205 2333 est
2255 2267 2345 2353 (et
2393 2265 2490 2332 vel
2538 2266 2593 2331 si

222 2389 436 2439 verum
510 2392 635 2439 non
701 2385 868 2440 esset
930 2393 1114 2444 suam
1179 2394 1441 2440 eausam
1505 2372 1870 2439 defendenti
1938 2375 2253 2459 potuisset
2298 2370 2590 2458 concedi)

223 2478 529 2547 maiorem
572 2498 713 2549 esse
751 2497 1096 2547 numerum
1139 2480 1427 2546 virorum
1472 2477 1840 2565 probrosam
1881 2484 1947 2543 et
1973 2474 2354 2562 flagitiosam
2392 2476 2585 2543 vitam

220 2583 573 2651 viventium
624 2604 815 2671 quam
864 2584 1236 2652 mulierum.

1191 2690 1324 2757 Sat.
1373 2690 1455 2766 11,
1509 2695 1614 2755 78.

1123 2795 1298 2861 dedit
1350 2793 1516 2859 liano
1558 2794 1839 2879 eontaqio
1883 2792 2124 2869 labem,

529 2909 596 2966 et
642 2900 821 2967 dabit
870 2903 934 2965 in
983 2899 1233 2989 plures:
1284 2901 1450 2965 sicut
1502 2885 1657 2984 greik
1708 2905 1881 2963 totus
1929 2897 1993 2962 in
2043 2898 2218 2982 agris

529 3006 727 3072 unius
773 3004 988 3073 scabie
1033 3005 1206 3072 eadit
1250 3013 1315 3071 et
1362 3003 1692 3091 porrigine
1740 3001 1939 3086 porei,

530 3129 782 3197 uvaque
825 3121 1144 3197 conspecta
1191 3111 1455 3177 livorem
1506 3108 1687 3174 ducit
1732 3106 1813 3171 ab
1864 3126 2005 3172 uva.

299 3213 659 3281 Audiamus
728 3214 1187 3283 Weidnerum:
1257 3214 1383 3281 »Es
1429 3212 1691 3279 bandelt
1739 3210 1875 3278 sieb
1926 3230 2053 3278 nur
2097 3231 2220 3279 von
2268 3210 2412 3280 dem
2466 3231 2583 3280 na·-

219 3317 577 3394 ·turlieben
647 3319 898 3387 Farhen
965 3319 1078 3386 des
1126 3318 1448 3386 Trauben.
1544 3317 1773 3383 Zuerst
1836 3315 2002 3382 sarbt
2073 3316 2210 3383 sich
2283 3336 2409 3384 nur
2477 3315 2586 3383 die

219 3441 484 3492 naussen
548 3444 651 3490 am
722 3424 1097 3491 Weinstoek
1147 3421 1662 3507 hervorragende
1724 3420 2016 3500 Traube,
2063 3442 2185 3488 uva
2230 3431 2586 3507 conspecta,

217 3525 422 3594 »dann
467 3528 818 3596 verbreitet
862 3528 1001 3596 sicli
1049 3528 1393 3595 almablicb
1439 3526 1545 3593 die
1581 3525 1786 3593 Farbe
1818 3524 1985 3591 aueb
2027 3526 2191 3598 uber
2229 3524 2332 3592 die
2368 3526 2584 3590 inner-

220 3630 403 3697 ·halb
447 3632 562 3700 des
623 3634 1041 3702 Weinlaubes
1108 3632 1246 3700 sich
1320 3630 1741 3699 befindenden
1804 3629 2172 3696 Trauben.''
2265 3629 2584 3696 Germano

216 3736 518 3803 scribenti
558 3737 638 3803 de
681 3739 809 3803 vini
864 3739 1120 3805 cultura
1163 3738 1422 3804 tametsi
1468 3756 1591 3802 non
1628 3733 1893 3801 eredere
1920 3734 2134 3811 nefas,
2183 3733 2336 3820 quid
2369 3743 2580 3801 tamen

216 3838 292 3906 ad
336 3860 473 3907 rem
525 3841 717 3909 faeiat
766 3842 921 3910 haee
969 3842 1296 3909 adnotatio
1344 3841 1839 3927 haudquaquam
1892 3839 2218 3924 intellego,
2267 3840 2459 3926 quia,
2512 3848 2584 3906 ut

217 3963 435 4011 verum
482 3947 569 4012 sit
630 3967 755 4011 non
818 3948 899 4014 de
959 3948 1338 4034 contagione
1382 3948 1600 4032 itaque
1647 3944 1727 4010 de
1777 3943 1995 4009 morbo
2043 3944 2258 4030 aliquo
2306 3963 2578 4010 uvarum

219 4049 316 4133 agi
367 4049 558 4137 (quod
616 4061 829 4118 tamen
897 4063 1155 4141 propter
1202 4069 1577 4140 praegressa
1625 4051 2034 4136 suspicemur
2075 4068 2275 4135 paene
2322 4068 2582 4115 necesse

217 4154 381 4240 est),
431 4153 997 4224 demonstrandum
1062 4157 1274 4224 fuerat
1337 4176 1532 4222 unam
1586 4175 1776 4221 uvam
1825 4155 2098 4221 colorem
2150 4174 2341 4221 suum
2393 4163 2580 4221 natu·

222 4257 416 4324 ralem
481 4259 717 4327 ducere
769 4262 847 4327 ab
902 4263 1099 4328 altera
1128 4282 1173 4340 ,⁴
1216 4271 1286 4327 nt
1332 4281 1458 4326 una
1509 4261 1644 4326 ovis
1694 4279 1988 4346 uncisque
2036 4279 2269 4346 porcus
2315 4278 2576 4325 eausam

219 4365 533 4442 eontinet,
600 4386 719 4432 eur
779 4367 977 4433 altera
1048 4369 1181 4432 ovis
1246 4368 1534 4450 alterque
1605 4385 1834 4449 porcus
1899 4374 2204 4450 aegrotet.
2303 4364 2431 4430 Hae
2502 4364 2579 4428 de
