2934 5050
1158 310 1582 362 ruucrmnm.
2478 290 2559 354 21

218 481 377 563 λόχοι
420 481 602 546 πάλιν
648 478 727 547 αὖ
773 481 949 564 σφίσι
998 479 1353 562 προσμῖξαι.
1398 532 1432 561 ,,
1449 506 1599 550 cum
1636 485 1847 548 nuntio
1886 485 2057 547 misso
2093 480 2344 546 Sciritis
2379 498 2556 542 man-

217 586 467 653 davisset
522 594 595 653 ut
651 607 867 652 rursus
926 607 1120 674 prope
1163 608 1230 653 se
1272 586 1711 677 reliquamque
1765 590 1967 653 aciem
2011 586 2260 653 ordines
2303 582 2559 649 reduce·

213 691 397 757 rent'’.
486 692 608 773 Qui
648 692 826 759 locus
840 740 859 770 ‚
920 699 994 757 ut
1037 691 1105 757 id
1150 693 1354 759 obiter
1395 713 1690 760 moneam
1709 739 1728 771 ,
1790 713 1988 779 prava
2030 690 2434 757 distinctione
2481 709 2558 752 ex

213 805 406 881 aperto
466 798 949 864 obscurissimus
1013 798 1217 863 factus
1282 803 1411 877 est3
1483 819 1633 864 nam
1694 805 1837 885 post
1897 794 2232 878 προσμῖξαι
2298 791 2560 879 virgula

209 905 394 984 posita
445 909 651 969 cetera
706 923 834 969 uno
893 907 1107 968 tenore
1164 902 1297 990 legi
1341 904 1703 988 oportebat:
1768 906 1859 982 μὴ
1906 902 2220 977 δυνηθῆναι
2268 898 2356 965 ἔτι
2403 897 2556 975 μηδὲ

209 1005 432 1080 τούτους
479 1008 567 1096 (h.
614 1028 668 1073 e.
714 1027 840 1073 non
881 1011 1094 1094 mag-is
1137 1028 1333 1093 quam
1376 1008 1818 1094 Hipponoidae
1865 1014 1930 1073 et
1974 1005 2305 1072 Aristoclis
2347 1002 2555 1087 λόχοι)

209 1109 555 1194 {furmina
605 1113 669 1177 h.
718 1132 771 1177 e.
823 1161 858 1190 ,‚
871 1132 1151 1180 vacuum
1210 1115 1492 1198 spatium
1548 1112 1816 1200 implere
1872 1133 1952 1178 ne
2011 1110 2090 1178 ab
2151 1112 2331 1176 hoste
2378 1127 2559 1173 occu·

206 1217 500 1299 paretur”.
594 1216 686 1282 Ut
726 1217 833 1282 hic
877 1216 1228 1299 ξυγκλῇσαι
1273 1219 1343 1281 in
1387 1218 1686 1283 omnibus
1724 1217 1908 1283 libris
1953 1221 2079 1292 est,
2143 1217 2234 1281 sic
2278 1213 2443 1278 infra
2488 1214 2556 1275 in

205 1339 325 1404 cap.
383 1318 424 1384 8
467 1321 609 1386 Lib.
667 1320 790 1397 IV,
854 1341 978 1407 quo
1035 1341 1201 1386 nunc
1259 1321 1477 1412 rede0‚
1541 1342 1655 1407 pro
1710 1324 1956 1404 nafis-ew
2020 1331 2075 1386 A
2121 1325 2188 1386 et
2231 1330 2274 1383 B
2321 1317 2557 1384 habent

205 1425 578 1501 συγκλήισειν
596 1476 613 1500 ,
661 1426 829 1511 quod
872 1425 1144 1491 libenter
1186 1428 1549 1511 receperim.

281 1529 426 1595 Mox
487 1530 803 1618 legimus:
866 1530 976 1603 τῆν
1035 1530 1097 1595 δὲ
1151 1539 1322 1605 νῆσον
1379 1529 1617 1606 ταύτην
1674 1532 2046 1615 φοβούμενοι
2109 1531 2200 1609 uis
2246 1527 2314 1607 ἐξ
2355 1528 2550 1600 αὐτῆς

203 1632 295 1696 τὸν
330 1634 601 1712 πόλεμον
644 1634 826 1716 σφίσι
874 1640 1158 1700 ποιῶνται
1182 1683 1198 1711 ,
1258 1636 1524 1708 ὁπλίτας
1569 1636 1949 1715 διεβίβασαν
1994 1636 2056 1708 ἐς
2102 1634 2321 1708 αὐτήν.
2369 1631 2556 1698 valde

206 1736 475 1824 displicet
532 1740 640 1804 τὸν
699 1738 971 1816 πόλεμον
1028 1745 1346 1814 ποιῶνται,
1413 1743 1595 1825 quasi
1653 1739 2025 1827 Sphacteria
2075 1739 2359 1805 universi
2403 1734 2557 1801 belli

203 1843 361 1909 sedes
399 1845 623 1911 futura
664 1849 846 1911 esset.
917 1842 1298 1933 Cogitabam
1346 1843 1416 1921 ἐξ
1463 1847 1658 1918 αὐτῆς
1705 1845 1809 1909 τὸν
1852 1842 2122 1923 πόλεμον
2165 1843 2421 1908 resectis
2465 1839 2555 1917 μῆ

203 1947 364 2029 σφίσι
407 1951 700 2014 ποιῶνται
753 1971 883 2027 „ne
926 1950 1342 2015 Athenienses
1396 1949 1675 2015 insulam
1696 1950 1845 2015 sibi
1889 1952 2183 2034 caperent
2223 1946 2329 2012 vel
2370 1965 2554 2011 suam

203 2052 510 2119 faceretne&
606 2052 733 2119 Sed
788 2073 1009 2120 vereor
1065 2059 1143 2118 ut
1195 2054 1316 2121 hoc
1374 2054 1694 2121 Graecum
1738 2056 1843 2119 sit.
1936 2053 2223 2120 Fortasse
2266 2051 2551 2136 scripsit:

200 2157 276 2232 μὴ
319 2156 387 2234 ἐξ
423 2159 624 2231 αὐτῆς
670 2158 883 2241 σφίσιν
930 2159 1276 2224 hlamma.
2528 2188 2533 2194 ·

275 2261 426 2328 Mox
467 2265 705 2329 merito
749 2263 942 2331 verba
984 2262 1129 2343 πρὸς
1176 2263 1247 2328 τὸ
1294 2264 1575 2339 πέλαγος
1622 2267 1688 2329 in
1734 2262 2012 2329 Bekkeri
2057 2262 2334 2329 editione
2378 2263 2551 2327 unci-

199 2367 285 2431 nis
322 2366 570 2434 inclusa
611 2372 778 2433 sunt.

276 2469 461 2540 Haud
516 2473 751 2539 inutile
811 2477 975 2538 esset
1034 2475 1249 2539 omnia
1306 2474 1674 2540 huiusmodi
1733 2472 2173 2561 supplementa
2226 2476 2295 2539 in
2348 2495 2552 2540 unum

199 2574 475 2665 colligere
489 2627 508 2657 ,
561 2584 638 2644 ut
678 2581 939 2643 iuvenes
978 2579 1244 2644 studiosi
1280 2578 1763 2643 scholiastarum
1796 2579 2183 2646 lineamenta
2219 2586 2550 2666 tamquam

200 2680 257 2741 in
308 2683 716 2767 pinacotheca
759 2685 1044 2767 exposita
1101 2685 1419 2748 intuentes
1462 2703 1502 2747 a
1543 2686 1712 2749 notis
1773 2684 1853 2749 ad
1916 2684 2164 2750 occulta
2217 2690 2551 2772 pergentes

197 2786 483 2871 quidquid
529 2788 846 2853 eiusmodi
891 2790 1255 2853 etiamnunc
1297 2790 1366 2852 in
1403 2789 1585 2853 bonis
1619 2788 1982 2855 auctoribus
2016 2787 2175 2855 latet
2215 2810 2548 2878 agnoscere

198 2892 251 2950 et
289 2891 618 2977 explodere
661 2897 1148 2958 consuescerent.

269 2993 387 3061 Pro
431 2996 930 3074 κατειλημμένου
974 3000 1142 3061 recte
1185 2994 1515 3061 Bekkerus
1558 2998 2071 3075 κατειλημμένον.

271 3098 431 3179 Quid
487 3103 616 3167 sibi
675 3101 821 3166 vult
861 3106 1206 3186 utrumque
1248 3099 1362 3165 καί
1402 3105 1472 3166 in
1517 3110 1660 3167 ΚΑΙ
1708 3100 2068 3182 διεβίβαζον
2113 3110 2177 3170 et
2221 3107 2288 3172 in
2332 3122 2545 3174 τελευ-

190 3210 333 3268 ταῖοι
377 3214 522 3272 ΚΑΙ
573 3203 1182 3288 ἐγκαταληφθέντες.
1274 3204 1416 3271 Hoc
1470 3212 1638 3272 certe
1682 3228 1936 3273 merum
1979 3215 2075 3274 est
2119 3212 2357 3278 scribae
2401 3236 2544 3301 sup-

188 3304 569 3389 plementum
626 3330 751 3375 non
806 3309 1229 3398 intelligentis
1279 3331 1474 3395 quam
1519 3318 1690 3377 arcte
1735 3322 2080 3380 τελευταῖοι
2124 3317 2541 3403 ἐγκαταληφ-

187 3409 365 3487 θέντες
411 3416 802 3481 cohaereant.

261 3621 331 3687 In
373 3644 508 3709 cap.
561 3622 622 3688 9.
672 3622 926 3689 difficile
972 3624 1149 3691 dictu
1212 3632 1307 3690 est
1350 3626 1504 3710 quid
1549 3625 2006 3694 Demosthenes
2051 3631 2269 3697 fecerit
2335 3655 2535 3719 quum

185 3724 288 3799 τοὶς
342 3730 596 3809 τριήρεις
658 3727 1243 3810 ΠΡΟΟεςαύρωο-εν.
1350 3727 1550 3797 Credo
1610 3752 1761 3796 eum
1820 3752 1943 3799 non
2005 3733 2149 3815 πρός
2170 3784 2189 3813 ,
2253 3738 2362 3802 sed
2422 3743 2534 3822 πρὸ

185 3835 287 3895 τῶν
348 3833 592 3915 τριήρων
661 3833 917 3912 ςαυροὺς
985 3833 1373 3911 καταπῆξαι.
1467 3835 1634 3901 Tum
1693 3838 1763 3901 in
1821 3837 1926 3903 καὶ
1989 3840 2128 3912 τοὺς
2186 3841 2417 3918 ναύτας
2466 3845 2538 3925 ἐξ

185 3937 368 4002 αὐτῶν
410 3935 675 4004 ὥπλισεν
720 3939 940 4004 ἀσπίσι
982 3962 1055 4004 τε
1098 3939 1383 4020 Φαύλαις
1430 3940 1538 4005 καὶ
1587 3941 1873 4014 οἶσυΐναις
1918 3950 2060 4016 ταῖς
2100 3957 2370 4022 πολλαῖς
2408 3956 2534 4036 pri-

187 4058 352 4105 mum
396 4040 467 4119 ἐξ
512 4044 710 4108 αὐτῶν
767 4064 890 4107 non
944 4063 1057 4108 suo
1099 4043 1238 4110 loco
1282 4047 1566 4129 positum
1611 4051 1708 4112 est
1750 4052 1814 4112 et
1856 4048 2190 4135 garrulum
2234 4054 2537 4140 interpre-

187 4152 304 4209 tem
359 4151 578 4235 arguit
589 4168 606 4226 ;
673 4146 897 4213 deinde
952 4171 1025 4212 τε
1071 4148 1177 4213 καὶ
1225 4149 1391 4213 unde
1448 4148 1575 4215 huc
1634 4154 1999 4236 irrepserint
2060 4154 2316 4223 difficile
2360 4159 2535 4226 dictu

188 4256 291 4313 est.
378 4251 578 4317 Sensu
624 4253 882 4338 quidem
929 4262 1139 4318 carent
1183 4254 1291 4319 sed
1333 4253 1510 4318 nulla
1556 4275 1742 4320 causa
1778 4254 1935 4344 fingi
1972 4265 2180 4342 potest
2215 4283 2326 4325 cur
2367 4270 2534 4349 quis-

188 4373 363 4435 quam
405 4364 539 4421 tam
585 4357 814 4422 inutile
857 4359 1099 4442 pondus
1145 4361 1406 4424 orationi
1461 4359 1733 4424 adderet.
1831 4360 1996 4440 Quid
2044 4366 2098 4429 si
2145 4365 2385 4449 aliquid
2433 4391 2535 4431 ex-
