2934 5050
318 287 404 350 50
1305 299 1709 347 nisecrranaa

319 479 550 536 rantur
611 490 687 537 ex
751 469 1114 536 Aristonico
1174 468 1254 535 ad
1320 466 1501 535 Iliad.
1569 475 1652 533 N.
1702 470 1854 532 658.
1948 463 2255 532 Zenodoti
2318 463 2542 543 lectio,
2608 462 2707 531 vel

320 576 532 662 potius
577 574 737 642 levis
786 575 1197 651 coniectura,
1250 572 1428 640 Iliad.
1480 582 1554 637 Ε.
1608 575 1762 639 576.
1860 570 2259 649 Κολαιμένεα
2309 590 2423 657 pro
2469 580 2709 636 Πυλαι-

321 681 513 761 μένεα
572 681 638 746 in
687 679 962 749 Scholiis
1028 699 1151 744 non
1216 688 1795 755 commemoratur,
1858 674 2397 764 quemadmodum
2463 675 2705 763 passim

323 806 496 853 nunc
550 788 748 853 multa
809 783 1264 851 desiderantur
1311 803 1477 870 quae
1538 783 1690 849 olim
1742 785 1804 849 in
1867 783 1948 848 iis
1993 784 2237 869 scripta
2287 780 2485 848 fuisse
2548 782 2709 847 satis

321 900 593 958 constat.
671 890 1002 979 Reliquam
1057 902 1301 976 partem
1366 889 1711 975 fragmenti
1763 908 1908 954 mox
1959 907 2108 953 cnm
2163 886 2511 953 Aristonici
2565 885 2711 953 reli·

321 998 493 1084 quiis
549 1016 1042 1084 componemu8‚
1108 995 1346 1082 quibus
1400 994 1700 1060 omnibus
1746 993 2088 1079 diligenter
2134 994 2432 1080 expensis
2476 1012 2709 1059 conce-

323 1103 475 1169 dent
517 1101 718 1178 mihi,
769 1121 990 1188 spero,
1038 1100 1331 1167 homines
1376 1100 1548 1166 docti
1594 1110 1839 1185 partem
1884 1097 2306 1165 Praefationis
2353 1097 2706 1165 Aristonici

322 1206 402 1273 ad
455 1228 570 1274 nos
618 1208 1006 1295 pervenisse.
1100 1206 1285 1273 Nunc
1335 1203 1567 1273 valebit
1617 1205 1771 1272 illud
1827 1203 2250 1290 Euripideum

955 1309 1140 1391 λόγος
1189 1311 1316 1392 γὰρ
1363 1310 1431 1378 ἔκ
1473 1312 1541 1377 τ’
1589 1310 1957 1388 ἀδοξούντων
2001 1310 2100 1376 ἰών

684 1419 809 1483 κάκ
848 1418 965 1483 τῶν
1013 1417 1335 1484 δοκούντων
1383 1420 1569 1491 αὐτὸς
1619 1419 1683 1483 οὐ
1730 1415 1958 1482 ταυτὸν
2003 1415 2216 1481 σθένει.

418 1520 608 1588 Aliud
660 1532 755 1588 est
807 1523 1307 1608 grammaticum
1357 1524 1496 1588 sine
1548 1523 1805 1589 nomine
1848 1523 2131 1589 incertae
2172 1521 2400 1588 aetatis
2447 1519 2708 1600 audire,

323 1627 495 1695 aliud
540 1628 879 1714 antiquum
924 1636 985 1694 et
1029 1627 1302 1694 nobilem
1346 1627 1659 1695 Criticnm
1699 1627 1930 1694 harum
1973 1647 2190 1694 rerum
2234 1627 2704 1714 peritissimum

324 1743 386 1800 et
437 1735 501 1798 in
552 1732 911 1799 Aristarchi
970 1735 1230 1820 scriptis
1291 1744 1354 1801 et
1402 1734 1886 1800 commentariis
1942 1733 2054 1799 diu
2120 1741 2183 1799 et
2234 1731 2509 1799 multum
2565 1752 2705 1798 ver-

326 1847 536 1904 satum
601 1847 826 1905 testem
891 1838 1140 1906 habere.
1235 1841 1359 1905 Τὸν
1421 1840 1484 1907 δὲ
1547 1840 1805 1921 ὀβελόν,
1877 1840 2117 1925 inquit,
2177 1837 2410 1918 ἔλαβεν
2470 1840 2538 1905 ἐκ
2590 1845 2704 1914 τῆς

329 1943 651 2020 Ζηνοδότου
692 1943 1074 2026 διορθώσεως·
1124 1947 1433 2028 παρετίθει
1472 1946 1536 2013 δὲ
1577 1947 1761 2011 αὐτὸν
1799 1953 1924 2017 τοῖς
1966 1944 2450 2023 ἐκβαλλομένοις
2484 1945 2553 2010 ἐκ
2591 1951 2704 2019 τῆς

324 2054 616 2126 ποιήσεως
684 2051 885 2130 ςίχοις
931 2054 1008 2126 ὥς
1070 2059 1196 2125 τοῖς
1244 2060 1468 2133 νεκροῖς
1518 2059 1634 2118 τῶν
1693 2050 2026 2132 άνθρώπων.
2123 2046 2300 2128 Quae
2356 2050 2505 2136 quia
2573 2051 2708 2135 ipse

323 2155 729 2222 Aristonicus
776 2153 936 2221 dicit
995 2166 1236 2222 certam
1287 2156 1520 2224 habent
1582 2166 1650 2223 et
1710 2155 2102 2241 exploratam
2156 2154 2366 2221 fidem.
2462 2153 2702 2221 Eodem

327 2259 514 2326 modo
560 2259 877 2347 quidquid
923 2259 1000 2327 de
1043 2262 1380 2329 Pisistrato
1424 2272 1488 2328 et
1537 2261 1855 2328 Pisistrati
1896 2257 2219 2326 sodalibus
2259 2262 2526 2347 antiqua
2563 2280 2706 2327 car·

330 2366 504 2430 mina
552 2365 1089 2452 interpolantibus
1129 2366 1294 2453 apud
1340 2368 1670 2453 sequiores
1710 2373 2015 2432 narratur
2062 2368 2281 2433 minus
2322 2365 2512 2433 habet
2553 2387 2707 2453 pon·

325 2470 500 2538 deris
550 2490 743 2557 quam
808 2473 1011 2558 ipsius
1074 2473 1419 2540 Aristonici
1483 2472 1563 2540 de
1614 2470 1986 2538 Aristarcho
2044 2470 2360 2540 disertum
2422 2474 2707 2542 testimo·

331 2578 545 2643 nium:
619 2578 646 2643 ὅ
713 2578 776 2643 δὲ
832 2578 1254 2666 (Ἀρίςαρχος)
1318 2581 1527 2647 αἰτίαν
1583 2580 1858 2661 ἐπιφέρει
1918 2581 1996 2654 ὥς
2044 2586 2161 2645 τῶν
2221 2580 2582 2659 ποιημάτων
2631 2582 2707 2648 ἐν

327 2693 418 2767 τῇ
466 2680 697 2759 τάξει
745 2684 1265 2767 διημαρτημένων.
1331 2685 1463 2751 lam
1508 2706 1584 2753 ex
1624 2685 1968 2752 Aristonici
2013 2685 2404 2771 praefatione
2442 2705 2706 2771 gravem

328 2808 611 2856 errorem
662 2790 1046 2856 eximamus.
1144 2791 1435 2857 Primum
1490 2810 1625 2857 rem
1668 2791 1914 2876 ipsam.
1963 2810 2090 2877 qna
2138 2790 2216 2858 de
2257 2792 2508 2878 agitur,
2557 2810 2707 2879 pau·

330 2897 424 2962 cis
470 2914 843 2986 proponam.
940 2896 1206 2982 Legitur
1254 2898 1317 2961 in
1371 2896 1567 2962 Iliade
1614 2895 1711 2961 bis
1761 2915 1980 2962 versus
2030 2895 2219 2962 idem.
2265 2905 2348 2962 A.
2408 2902 2554 2965 177.

603 3000 844 3084 ἕχθιςος
891 3002 957 3069 δέ
1003 3003 1111 3081 μοί
1154 3004 1284 3070 ἔσο-ι
1327 3004 1686 3086 διοτρεφέων
1725 3003 2085 3082 βασιλήων,

606 3109 728 3174 αἰεὶ
773 3108 898 3189 γάρ
939 3132 1029 3174 τοι
1078 3107 1193 3189 ἔρις
1238 3133 1310 3175 τε
1355 3112 1513 3192 (plan
1563 3108 1830 3188 πόλεμοί
1875 3132 1946 3175 τε
1993 3107 2213 3189 μάχαι
2256 3133 2347 3175 τε.

333 3224 397 3281 et
446 3225 520 3280 Ε.
569 3219 722 3281 891.

602 3319 843 3400 ἔχθιςος
892 3317 957 3385 δέ
1012 3319 1121 3399 μοί
1165 3321 1294 3385 ἔσο-ι
1345 3320 1485 3385 θεῶν
1532 3313 1587 3386 οἳ
1626 3319 1964 3398 Ὄλυμπον
2012 3317 2260 3402 ἔχουσιν
2282 3342 2297 3358 ·

601 3425 723 3492 aie)
772 3422 897 3506 γάρ
941 3449 1033 3491 τοι
1081 3423 1195 3506 ἔρις
1242 3450 1314 3491 τε
1351 3426 1510 3509 <plan
1561 3425 1827 3504 πόλεμοί
1870 3449 1942 3490 τε
1986 3425 2205 3506 μάχαι
2251 3450 2341 3491 τε.

422 3531 591 3599 Haec
637 3530 716 3596 ab
767 3530 911 3596 love
960 3532 1126 3596 irato
1172 3530 1251 3597 ad
1310 3532 1577 3597 Martem
1629 3530 1968 3608 dicuntur,
2038 3532 2143 3596 illa
2191 3530 2271 3596 ab
2334 3531 2500 3597 irato
2549 3532 2709 3618 Aga·

333 3656 673 3704 memnone
719 3634 799 3701 ad
865 3635 1197 3703 Achillem.
1292 3635 1648 3704 Aristarchi
1699 3645 1837 3703 erat
1899 3636 2218 3703 sententia
2280 3655 2354 3701 ea
2415 3638 2479 3702 in
2542 3637 2709 3704 lovis

334 3742 410 3808 ad
460 3742 728 3808 Martem
780 3743 1068 3808 oratione
1119 3750 1295 3808 recte
1355 3743 1485 3809 dici
1532 3752 1598 3809 et
1646 3763 1774 3808 suo
1810 3741 1946 3808 loeo
1999 3761 2140 3808 esse
2189 3742 2432 3829 posita,
2483 3752 2708 3810 contra

337 3849 401 3913 in
467 3848 753 3913 oratione
816 3847 1315 3933 Agamemnonis
1379 3847 1457 3914 ad
1519 3847 1827 3915 Achillem
1893 3849 2246 3934 incongrua
2302 3868 2444 3915 esse
2503 3857 2567 3915 et
2629 3869 2705 3916 ex

339 3952 501 4018 libro
536 3973 583 4014 jv
650 3953 715 4017 in
764 3961 791 4016 1
839 3952 1231 4020 versiculum
1287 3954 1451 4020 male
1514 3962 1580 4021 et
1628 3960 2036 4041 praepostere
2093 3974 2235 4022 esse
2300 3954 2706 4022 translatum.

332 4057 556 4143 Itaque
593 4055 673 4122 ad
719 4067 795 4123 A.
837 4061 957 4123 177
998 4061 1208 4144 posuit
1249 4059 1470 4139 δβελὸν
1507 4063 1651 4140 μετ’
1684 4062 2002 4142 duplo-nov
2035 4059 2409 4146 significans
2449 4080 2707 4129 versum

331 4183 470 4230 esse
522 4162 813 4240 Homeri,
861 4163 971 4230 sed
1022 4163 1229 4231 alieno
1276 4165 1412 4232 loco
1458 4167 1737 4252 positum
1787 4174 1852 4232 et
1897 4166 2435 4254 expungendum,
2482 4175 2708 4233 contra

331 4268 409 4334 ad
457 4278 533 4336 E.
583 4273 707 4335 891
779 4270 1095 4351 άςερίσκον
1150 4271 1455 4353 παρέθηκε
1502 4271 1815 4338 denotans
1879 4291 2138 4338 versum
2189 4270 2362 4337 hunc
2412 4281 2588 4339 recte
2645 4280 2704 4339 et

332 4372 555 4441 ordine
598 4392 770 4441 nunc
804 4375 927 4461 legi
964 4374 1073 4441 sed
1118 4374 1268 4443 hinc
1316 4396 1652 4465 perperam
1690 4378 1752 4442 in
1798 4376 2070 4446 alienam
2114 4376 2329 4447 sedem
2372 4380 2708 4468 migrasse.
