2934 5050
992 327 1312 377 tumtum·
1348 328 1421 374 ιτ
1468 329 1778 377 nummu.
2441 313 2581 378 245

203 491 505 577 spicatur.
577 494 905 563 Praecciso
943 496 1080 564 XX.
1125 501 1163 562 2
1208 516 1342 563 non
1361 497 1680 566 intellexit
1705 499 1818 585 qui
1848 497 2057 567 Guell'.
2085 498 2388 585 scripsit,
2417 497 2568 565 inde

200 596 504 685 effingens
562 602 880 691 praecioso
947 601 1235 691 (proca),
1298 603 1468 690 quod
1534 605 1740 692 prima
1806 624 2061 692 quoque
2091 603 2286 673 Leid.
2337 624 2571 671 manus

199 701 417 784 habet,
479 706 589 775 sed
653 708 786 775 Vll.
858 715 935 775 15
993 709 1337 796 praeceidit
1398 711 1744 796 vestigium
1810 709 2193 796 diphthongi
2244 712 2565 789 incertum

198 820 324 890 est,
385 813 556 900 quod
612 815 934 901 praecedit
989 816 1052 880 in
1123 817 1310 882 Bern.
1375 823 1439 881 et
1500 815 1655 882 Gen.
1711 836 1746 883 e
1801 816 2176 883 confusione
2228 815 2571 883 verborum

188 918 541 1003 praecidere
592 929 659 987 et
695 922 1068 1006 praecedere
1115 929 1340 989 natum
1391 941 1532 989 esse
1582 929 1810 1009 potest.
1912 922 2100 989 Libro
2149 922 2288 989 XV.
2341 928 2379 988 ὅ
2431 943 2571 988 ma-

191 1021 347 1089 iorei
373 1026 588 1112 spatio
633 1026 719 1093 Μ.
773 1046 888 1114 pro
934 1028 1172 1094 maiore
1215 1029 1283 1094 in
1330 1028 1552 1115 spolio.
1631 1027 1755 1095 Sed
1800 1037 1939 1115 post
1980 1028 2138 1094 alios
2182 1027 2570 1104 Buecheler,

192 1126 291 1194 lat.
342 1130 585 1198 Declin.
635 1153 698 1219 p.
748 1140 866 1199 51:
915 1133 1025 1199 Bei
1072 1133 1196 1200 den
1241 1132 1740 1222 Comparativcn
1781 1134 1866 1200 ist
1902 1134 2130 1201 maiori
2178 1133 2570 1219 heutzutage

189 1234 361 1301 nicht
411 1237 908 1306 nachzuweisen
957 1259 1072 1305 vor
1131 1239 1347 1306 Lucan
1399 1239 1532 1306 und
1582 1240 1702 1307 den
1755 1240 2061 1307 Dichtern
2104 1240 2352 1307 welche
2394 1239 2562 1304 Pris-

188 1342 320 1407 cian
371 1347 410 1409 7
456 1348 492 1430 §
548 1348 635 1410 69
681 1355 919 1423 neunt,
972 1344 1139 1411 denn
1188 1345 1292 1413 die
1341 1346 1946 1432 republicanischen
1996 1345 2386 1412 lnschril'ten
2430 1343 2562 1410 und

184 1443 290 1512 das
332 1449 794 1536 augusteische
840 1449 1145 1518 Zeitalter
1187 1452 1439 1519 kennen
1483 1451 1783 1538 lediglich
1822 1454 2077 1531 maiore,
2110 1454 2365 1539 priore,·
2408 1449 2564 1516 aber

183 1549 319 1619 dass
367 1557 644 1622 maior-id
688 1555 855 1623 auch
904 1577 986 1623 zu
1032 1559 1264 1624 maior-⁷2·
1308 1556 1532 1636 ward,
1582 1559 1668 1624 ist
1717 1578 1799 1625 an
1848 1558 1988 1625 sich
2036 1557 2381 1644 glfflihlich.
2433 1556 2561 1623 Nos

185 1665 386 1727 tamen
440 1669 573 1728 tam
623 1664 873 1730 incerta
913 1665 1304 1729 auctoritate
1352 1683 1476 1730 non
1530 1662 1902 1732 credemus,

262 1763 543 1834 Omnino
592 1777 727 1835 tam
773 1770 961 1835 exilia
1013 1768 1169 1836 haec
1214 1779 1405 1845 sunt,
1453 1778 1528 1836 ut
1572 1770 1813 1852 nisiex
1857 1769 2063 1857 ipsius
2105 1770 2339 1837 Lucilii
2381 1769 2564 1835 testi-

175 1862 383 1938 ‘monio
433 1873 758 1941 sciremus
802 1875 1121 1962 placuisse
1168 1878 1226 1942 ei
1279 1877 1344 1942 in
1397 1877 1643 1958 nomin.
1697 1875 1865 1963 plur.
1903 1897 1997 1953 si,
2046 1896 2123 1942 ex
2161 1874 2343 1942 libris
2380 1873 2558 1941 MSS.

179 1994 291 2042 non
339 1980 855 2066 suspicaremur.

256 2080 428 2163 Quin
477 2084 768 2153 Lucilius
816 2087 883 2153 in
933 2089 1233 2172 genetivo
1277 2100 1337 2153 ai
1382 2088 1822 2174 usurpaverit,
1873 2107 1997 2154 non
2047 2085 2417 2162 dubitatum
2463 2084 2550 2153 cf.

175 2184 288 2254 ine.
344 2195 466 2265 12,
521 2190 633 2257 sed
682 2191 761 2259 de
807 2192 1084 2279 singulis
1132 2193 1288 2259 locis
1340 2212 1378 2258 a
1427 2192 1505 2258 M.
1557 2213 1674 2280 ope
1716 2195 1996 2279 genetivi
2033 2192 2207 2259 illius
2231 2190 2556 2259 restitutis

173 2289 513 2363 dissentire
575 2297 760 2374 licet:
821 2318 970 2365 nam
1030 2298 1197 2386 quod
1262 2298 1371 2365 IV.
1439 2303 1522 2364 57
1593 2298 1810 2367 dedit:
1878 2298 2164 2366 »catulos
2217 2286 2557 2384 fetumque

173 2397 436 2481 »lerai”,
486 2401 674 2471 codd.
729 2408 931 2492 serat,
991 2404 1289 2491 displicet
1336 2404 1742 2472 collectivum
1794 2408 1962 2493 fera:
2024 2404 2165 2471 Vll.
2218 2408 2303 2471 23
2342 2403 2548 2491 »serui

172 2504 244 2569 nd
307 2506 562 2575 catulos
637 2509 943 2578 accedere
1019 2510 1349 2579 inultum”
1425 2512 1800 2578 coniectura
1867 2513 2245 2578 restitutum
2305 2518 2405 2578 est
2466 2528 2545 2576 ex

171 2622 291 2679 rate
333 2615 450 2692 ad,
514 2623 589 2681 ut
634 2615 888 2684 litterae
937 2623 1004 2704 se
1049 2616 1361 2685 excidisse
1412 2626 1760 2704 putentur,
1811 2615 1922 2684 sed
1971 2618 2228 2684 lectioni
2276 2627 2415 2683 rata
2460 2615 2545 2681 ad

173 2717 310 2801 quid
360 2719 556 2787 obiici
601 2724 799 2808 possit
848 2743 974 2788 non
1029 2721 1243 2798 video;
1291 2724 1461 2789 runai
1507 2734 1603 2792 est
1647 2724 1710 2791 in
1755 2723 1987 2809 fragm.
2023 2721 2369 2789 admodum
2404 2740 2541 2787 cor-

174 2831 348 2909 rupto
415 2827 533 2894 lll.
603 2831 685 2894 27
711 2878 729 2907 ,
790 2830 856 2894 in
903 2850 1034 2916 quo
1079 2829 1435 2896 secundum
1489 2830 1572 2899 Μ.
1623 2831 2004 2896 incrtastatus
2036 2828 2207 2896 calix
2251 2836 2315 2894 et
2362 2835 2542 2892 rutae

171 2930 358 2995 catalis
400 2931 673 3000 deliciae
721 2934 1073 3015 dicuntur,
1123 2937 1306 3022 quasi
1361 2954 1515 3001 vero
1570 2936 2002 3003 incrustatum
2061 2932 2361 3022 poculum
2403 2949 2542 2997 cer·

173 3040 298 3103 tum
363 3037 622 3126 aliquod
670 3042 802 3108 vini
851 3063 1058 3128 genus
1104 3042 1504 3109 continuerit
1557 3042 1666 3129 (cl'.
1715 3042 1893 3108 Coni.
1947 3042 1996 3108 l.
2061 3061 2123 3128 p.
2178 3039 2310 3128 18).
2411 3036 2535 3103 Sed

171 3158 284 3207 non
341 3143 609 3226 dubito,
675 3149 828 3234 quin
898 3158 1071 3216 recte
1135 3148 1476 3235 scripserit
1525 3148 1631 3215 IX.
1682 3152 1767 3213 22
1810 3148 1971 3234 pilai
2019 3148 2084 3213 in
2133 3146 2251 3212 hoc
2301 3162 2530 3211 versu:

176 3249 562 3318 mestitiam.
611 3261 868 3321 tenuest
919 3276 936 3320 ι
987 3254 1140 3342 pilai
1189 3274 1315 3342 qua
1364 3252 1676 3322 ludimus,
1722 3250 1977 3339 pilam''
2027 3264 2091 3320 et
2138 3252 2321 3319 horai
2367 3249 2532 3319 XlV.

177 3354 280 3420 27:
325 3367 603 3444 »puncto
632 3380 757 3425 uno
800 3359 977 3426 horai
1022 3361 1411 3447 quicomque
1451 3361 1690 3427 invasit
1734 3362 1961 3425 υ-υ.”
2010 3359 2245 3426 Notatu
2286 3376 2542 3446 quoque

176 3454 424 3545 dignum
472 3465 539 3531 αι’
584 3466 649 3531 in
701 3485 898 3533 unam
949 3465 1261 3555 syllabam
1318 3466 1656 3543 contrahi,
1705 3476 1768 3533 et
1816 3464 2079 3533 elisione
2128 3466 2152 3530 i
2197 3467 2533 3541 amittere,

177 3566 332 3649 quod
383 3569 763 3651 Lucretius,
820 3593 949 3660 quo
1012 3592 1201 3639 nemo
1269 3570 1677 3660 frequentius
1743 3571 1849 3639 illa
1915 3570 2122 3638 forma
2186 3589 2341 3637 usus
2402 3576 2539 3647 est,

183 3687 291 3738 uon
331 3674 449 3742 sihi
501 3678 818 3765 permisit.
909 3679 992 3746 Et
1039 3687 1256 3746 tamen
1308 3698 1384 3745 eo
1429 3678 1681 3745 ducunt
1727 3677 1875 3745 libri
1926 3678 2037 3745 xl.
2089 3683 2171 3744 4:

1689 3804 1816 3851 viai

342 3888 708 3957 sternendai
760 3890 1127 3959 iaciendum
1178 3890 1305 3958 huc
1354 3910 1611 3977 agerem
1662 3899 1728 3958 et
1772 3889 1838 3955 id
1886 3889 2080 3976 genu’
2128 3888 2332 3956 rudus

184 3985 278 4054 ubi
320 3993 501 4062 codd.
551 3997 678 4062 vim
726 4005 791 4064 et
837 3996 1167 4064 sternenda
1209 4006 1307 4074 et,
1351 3996 1573 4064 eodem
1630 4016 1867 4082 genere
1923 3994 2363 4082 corruptelae,
2409 4015 2538 4082 quo

184 4093 235 4157 εἰ
268 4095 326 4161 in
371 4120 403 4165 e
447 4110 506 4166 el
552 4121 750 4189 supra
799 4104 1081 4170 transire
1127 4102 1742 4181 animadvertimuS,
1792 4110 1859 4168 et
1904 4103 2031 4169 viai
2070 4103 2263 4169 XXX.
2300 4107 2417 4181 ὃὸ,
2456 4124 2537 4170 ex

183 4198 353 4270 vient.
445 4206 674 4294 ltaque
738 4219 912 4277 recte
977 4208 1156 4275 horai
1219 4208 1435 4298 disyll.
1480 4209 1857 4276 restitutum
1907 4228 1985 4274 ex
2032 4207 2214 4276 codd.
2264 4207 2536 4275 lectione

186 4300 323 4373 hora
383 4310 520 4379 XX.
573 4318 692 4392 13,
743 4324 815 4381 ut
858 4314 1027 4404 apud
1077 4315 1453 4382 Lucretium
1509 4334 1708 4403 paene
1756 4334 2012 4402 semper
2053 4315 2116 4380 in
2165 4313 2434 4400 oblongo
2472 4320 2538 4379 et

186 4410 479 4493 quadrato
535 4421 876 4506 genetivus
939 4421 1044 4492 ille
1106 4429 1457 4510 corruptus
1520 4428 1652 4499 est;
1711 4429 1775 4489 et
1834 4420 2107 4488 fortasse
2157 4420 2360 4489 XXX.
2411 4422 2539 4500 68,
