2934 5050
357 336 485 409 242
1162 348 1473 397 ructuant
1523 349 1593 396 ιτ
1645 348 1951 397 tuentum.

354 519 574 588 versui
618 516 911 607 adaptari
958 538 1085 588 non
1134 527 1388 606 posset,
1439 519 1503 587 iu
1553 526 1849 607 poemate
1893 515 2160 586 Numeri
2205 517 2542 595 ferendum
2585 535 2722 584 esse

356 634 582 714 putat:

1179 730 1479 798 servandi
1537 731 1823 821 [numeri
1868 741 1933 799 et
1983 752 2210 800 versus
2260 729 2542 799 faciendi

485 837 646 915 .Nos
692 837 906 926 Cium]
959 836 1235 916 Nouem,
1286 857 1632 904 numerum
1684 846 1758 905 ut
1806 840 2129 905 servemu’
2181 837 2596 923 modumque.

365 946 492 1013 inc.
540 942 622 1012 fr.
669 948 797 1024 56,
840 945 991 1009 olim
1032 943 1197 1008 libro
1240 943 1349 1009 lx.
1393 948 1460 1010 6.
1530 945 1605 1011 In
1646 944 1884 1032 quibus
1927 942 2124 1012 verba
2151 943 2414 1012 inducta
2442 945 2741 1009 nituntur
2844 978 2845 1019 ;

362 1049 582 1118 codice
629 1051 880 1117 Dousae
927 1049 1161 1137 patriS,
1208 1050 1318 1136 qui
1369 1069 1486 1116 nec
1535 1050 1786 1118 fraudis
1836 1071 1953 1117 nec
2001 1051 2246 1117 erroris
2301 1050 2600 1116 convinci
2648 1068 2746 1135 po·

362 1166 534 1239 test;
590 1177 738 1223 uam
789 1159 844 1223 si
897 1158 1044 1243 quis
1092 1154 1265 1222 dicat
1312 1156 1497 1222 Casu
1549 1155 1840 1224 additum
1902 1155 2177 1244 prodere
2224 1155 2744 1243 interpolatorem

364 1262 669 1350 quoniam
717 1262 923 1333 ciam
977 1271 1188 1348 posset
1227 1271 1403 1329 certe
1454 1271 1660 1329 metro
1700 1261 2022 1351 adaptari,
2068 1262 2352 1331 fateatur
2393 1271 2616 1329 tamen
2651 1279 2747 1327 ne·

366 1389 545 1438 cesse
606 1375 742 1447 est,
808 1366 1130 1455 plerisque
1194 1368 1353 1435 locis
1407 1368 1591 1435 Cum
1640 1366 1897 1435 facilius
1946 1389 2202 1436 versum
2256 1366 2512 1456 ingredi
2555 1384 2743 1454 quam
2844 1416 2845 1459 3

371 1473 777 1564 trisyllabam
848 1471 1142 1542 sormam.
1240 1472 1545 1542 Ceterum
1618 1472 1700 1540 cl.
1774 1475 2055 1541 Coniect.
2129 1474 2182 1541 1.
2256 1494 2321 1561 p.
2376 1477 2486 1539 43.
2582 1470 2751 1537 Idem

368 1581 659 1649 Lucilius
707 1580 771 1645 in
824 1582 1113 1647 vocativo
1159 1580 1454 1668 probavit
1501 1602 1561 1647 ιι
1597 1581 1708 1647 lx.
1760 1584 1875 1647 19:
1926 1600 2185 1647 mannam
2230 1599 2528 1656 sumnus:
2564 1576 2753 1645 addes

377 1709 413 1754 ι
466 1706 615 1754 cum
687 1684 880 1753 »nann'
944 1687 1163 1753 runm'’
1225 1687 1567 1754 iusseris”.
1664 1685 1797 1753 lain
1851 1706 2002 1753 vero
2048 1687 2104 1752 si
2154 1696 2343 1773 poeta
2388 1705 2577 1752 suam
2630 1685 2755 1771 ipse
2844 1708 2845 1761 j

370 1792 729 1860 doctrinam
782 1800 1045 1858 secutus
1085 1800 1225 1870 est,
1276 1792 1343 1857 in
1386 1793 1683 1879 genetivo
1729 1792 1899 1879 sing.
1940 1793 2233 1859 omnium
2275 1793 2343 1858 in
2380 1813 2460 1857 us
2500 1790 2752 1877 scripsit

372 1922 428 1979 1,
492 1900 559 1973 in
625 1898 863 1963 nomin.
929 1896 1095 1984 plur.
1153 1899 1491 1964 nominum
1543 1899 1608 1963 in
1657 1920 1733 1964 us
1777 1906 1842 1965 et
1892 1899 2180 1965 vocativo
2228 1898 2647 1985 propriorum
2692 1897 2750 1961 in

367 2006 472 2072 ius
527 2025 625 2082 ει,
675 2005 896 2090 itaque
943 2003 1156 2081 Aelei,
1203 2003 1430 2082 Lucci,
1480 2003 1767 2070 Ambivei
1814 2004 2072 2093 (vocat.)
2122 2012 2189 2070 et
2234 2004 2617 2083 sceler-osci,
2665 2023 2754 2069 ce·

374 2110 552 2190 terei,
600 2109 813 2187 testei,
862 2109 1145 2188 miser-ei,
1181 2110 1499 2198 reliqi'osei
1537 2109 1736 2198 (nom.
1772 2109 1975 2199 plur.)
2027 2110 2170 2176 Alia
2211 2108 2519 2195 ambigua
2552 2107 2757 2176 ortho-

378 2215 688 2304 graphiae
749 2236 866 2303 ope
928 2214 1238 2283 distincta
1301 2215 1536 2294 voluit,
1602 2223 1673 2281 ut
1708 2216 1845 2302 pila
1889 2225 1955 2284 et
1992 2216 2241 2304 peilam
2293 2214 2488 2304 (plur.
2532 2215 2754 2304 peila).

378 2322 628 2410 Ubique
673 2331 933 2401 autem,
981 2322 1265 2409 exceptis
1311 2321 1470 2399 illis,
1522 2321 1600 2388 de
1640 2321 1878 2409 quibus
1911 2322 2124 2390 adhuc
2160 2324 2566 2409 expositum,
2615 2339 2755 2389 eum

379 2437 494 2496 aut
552 2449 613 2494 ιιι
678 2437 791 2494 aut
858 2447 883 2494 1
945 2427 1262 2517 (longum)
1327 2427 1667 2514 scripsisse
1727 2429 2036 2496 constitui
2099 2447 2223 2494 non
2274 2436 2506 2515 potest.
2604 2427 2755 2495 Nam

381 2535 734 2602 »librorum
790 2534 1176 2622 corruptelis
1223 2535 1393 2600 haud
1438 2557 1589 2600 sane
1624 2535 1848 2622 paucis
1895 2553 2209 2623 apparere
2256 2554 2405 2601 eum
2460 2533 2759 2621 diphton-

382 2660 538 2728 gum
601 2640 949 2708 maluisse'’
1020 2638 1108 2729 (p.
1174 2642 1330 2729 225)
1399 2661 1526 2707 non
1582 2641 1880 2708 dixerim.
1976 2641 2232 2707 Etenim
2286 2641 2367 2706 iis
2414 2640 2607 2717 locis,
2660 2638 2755 2706 ubi

385 2767 560 2816 nunc
624 2747 705 2813 M.
758 2747 815 2816 ei
863 2746 1189 2822 restituit,
1242 2765 1439 2833 paene
1486 2746 1788 2814 omnibus
1836 2767 1959 2813 non
2008 2746 2265 2814 litterae
2310 2746 2762 2821 inveniuntur,

382 2873 549 2942 quae
595 2873 744 2920 cum
796 2854 855 2919 ei
901 2851 1144 2919 formae
1192 2851 1521 2939 quandam
1568 2852 2062 2920 similitudinem
2105 2851 2374 2928 habent,
2423 2851 2535 2918 sed
2581 2852 2759 2919 modo
2844 2919 2845 2934 ξ

387 2983 492 3040 ae,
553 2959 739 3027 modo
783 2981 852 3039 o,
913 2958 1102 3025 modo
1148 2980 1215 3036 e,
1280 2957 1468 3025 modo
1515 2960 1580 3039 i,
1649 2958 1838 3025 modo
1885 2982 1991 3040 er,
2061 2956 2251 3024 modo
2299 2979 2415 3038 en,
2467 2958 2667 3027 veluti
2712 2957 2757 3024 1.

388 3072 474 3134 52
554 3087 953 3154 quaecunque
1023 3065 1132 3131 ubi
1206 3065 1292 3133 M.
1341 3063 1686 3131 admodum
1761 3063 1957 3131 dubia
2032 3064 2467 3132 correctione:
2542 3083 2764 3153 »porro
2844 3131 2845 3136 ,

389 3173 820 3262 queicumque
860 3171 1045 3261 et‘(?)
1073 3172 1440 3258 cuicunque
1468 3220 1483 3238 .
1516 3221 1530 3237 .
1561 3170 1965 3238 .obstiterit'’
1992 3190 2105 3257 pro
2127 3190 2530 3259 quaecunque
2554 3181 2615 3239 et
2636 3170 2765 3258 qui·
2844 3217 2845 3246 ¹

386 3299 671 3367 cunque‚·
723 3277 840 3343 vn
891 3278 1107 3365 »queis
1153 3276 1322 3343 oculi
1375 3297 1498 3343 non
1546 3278 1743 3342 sunt’'
1789 3296 1867 3343 ex
1905 3297 2090 3363 quos:
2140 3276 2250 3343 IX.
2303 3281 2390 3342 54
2442 3275 2751 3354 »servem
2844 3323 2845 3326 =

388 3385 493 3453 nei
552 3384 850 3470 longum,
913 3403 1134 3450 verum
1200 3383 1323 3450 hoc
1367 3382 1735 3451 lectoribus
1779 3381 2076 3449 tradam’'
2127 3380 2321 3449 dubia
2366 3384 2759 3452 correctione

392 3513 508 3583 pro
569 3513 691 3570 ne:
758 3490 1206 3578 praetulerim:
1271 3490 1561 3557 »fervere
1621 3509 1702 3556 ne
1760 3489 2023 3575 longum
2090 3490 2202 3578 (sc.
2269 3489 2542 3580 facias),
2589 3487 2763 3556 verbo

392 3600 515 3666 hoc
573 3598 615 3665 l.
680 3597 807 3674 t.'';
857 3596 995 3662 XV.
1056 3600 1140 3662 27
1193 3605 1332 3663 »ter
1378 3615 1521 3674 sex,
1583 3604 1790 3662 aetate
1838 3596 2060 3682 quasi,
2111 3598 2368 3665 anneis''
2419 3617 2498 3665 ex
2544 3615 2759 3670 mos,-

393 3706 562 3774 XVI.
627 3709 668 3772 6
733 3704 979 3792 »atquei
1038 3701 1194 3790 quid
1245 3701 1610 3769 mundnm”
1659 3722 1736 3770 ex
1780 3712 2000 3790 atque,
2059 3702 2231 3790 quod
2281 3702 2536 3771 librarii
2580 3699 2759 3769 solita

390 3810 681 3881 socordia
730 3831 881 3878 cum
925 3811 1098 3898 alqui
1143 3807 1608 3884 confuderunt3
1657 3808 1939 3876 xxvut.
1980 3813 2065 3876 49
2095 3810 2441 3896 praetr-cito
2478 3828 2553 3875 ex
2590 3826 2760 3894 prae·

389 3919 537 3985 trito
602 3916 738 4007 (sed
800 3916 978 3983 locus
1025 3916 1175 3983 dub.
1223 3915 1307 3983 cl'.
1357 3914 1600 4006 infra);
1668 3914 1869 3982 XXX.
1921 3919 2005 3981 95
2056 3915 2308 3981 libentes·
2353 3934 2437 3982 ex
2481 3915 2756 3990 libentem

392 4024 478 4091 ib.
534 4027 661 4090 129
712 4023 841 4089 »sei
887 4022 1334 4089 nutricatum’'
1383 4042 1462 4089 ex
1508 4043 1638 4088 sen.
1733 4020 1847 4088 His
1898 4021 2099 4107 igitur
2147 4021 2303 4088 locis
2353 4020 2530 4088 nulla
2570 4017 2758 4107 palae·

392 4128 740 4216 ographica
788 4149 978 4196 causa
1022 4138 1120 4197 est
1159 4148 1281 4196 cur
1320 4128 1399 4196 de
1437 4149 1499 4194 ιι
1538 4126 1905 4194 oblitterato
1945 4127 2158 4213 potius
2191 4128 2555 4213 cogitemus
2578 4142 2757 4212 quam

396 4235 475 4301 de
531 4233 656 4300 alia
711 4233 989 4322 quadam
1034 4234 1424 4320 corruptela.
1520 4233 1651 4300 Nec
1698 4231 1883 4299 video
1929 4252 2048 4298 cur
2085 4234 2318 4321 polit-ei
2366 4233 2474 4299 VI.
2522 4237 2563 4299 6
2610 4230 2760 4296 scri-

390 4340 654 4419 bamuS,
702 4340 871 4427 quod
920 4343 986 4407 in
1039 4361 1167 4408 uno
1220 4339 1391 4407 Harl.
1438 4340 1680 4427 potire,
1724 4341 1789 4404 in
1834 4338 2100 4425 reliquis
2133 4340 2328 4426 potiri
2364 4346 2611 4432 exstat,
2652 4353 2759 4401 nec

386 4469 507 4517 cur
545 4446 850 4536 publiceis
897 4443 1157 4514 XXVII.
1218 4451 1332 4523 15,
1386 4445 1556 4534 quod
1605 4444 1753 4513 libri
1795 4444 2031 4513 habent
2064 4447 2352 4533 pulices,
2396 4454 2512 4514 aut
2546 4443 2759 4512 cicino·
