2934 5050
958 278 1347 328 ruicocoemn
1396 281 1469 328 111·
1514 283 1769 332 cumea.
2437 265 2555 331 151

301 435 523 504 Addam
584 439 933 509 ridiculum
998 464 1326 530 errorem,
1401 450 1464 515 in
1532 469 1724 536 quem
1787 470 1855 516 se
1904 449 2169 518 Photius
2223 449 2439 518 induit.
2496 474 2558 521 v,

221 551 701 612 Ξενοκοπεῖνε
770 549 910 615 άντὶ
978 556 1086 617 τοῦ
1149 554 1482 633 πληγάς
1553 553 1880 636 ἔλαβον.
1945 553 2095 621 οὕτω
2159 556 2556 637 Μεταγένης.

218 645 423 714 Suidae
466 657 690 737 stupor
734 655 962 734 λαβεῖν
1007 654 1186 723 dedit
1232 678 1346 744 pro
1391 657 1643 737 ἔλαβον.
1739 660 2094 727 Meinekius
2131 679 2351 726 verum
2397 663 2557 729 vidit

219 751 521 828 Ξυνεκόπνιν
568 775 915 842 reponens;
967 759 1085 826 hoc
1132 770 1229 829 est
1276 764 1539 841 πληγὰς
1586 761 1853 845 ἔλαβον,
1906 774 1978 832 111
2036 762 2411 843 ξυγκόπτειν
2457 776 2557 833 est

214 858 457 925 τύπτειν.
549 860 576 926 1
627 881 799 928 nunc
842 874 903 929 et
954 864 1145 933 crede
1190 869 1659 953 grammaticis,

289 961 625 1033 Verborum
672 987 749 1035 ex
798 979 1038 1036 -κοπεῖν
1084 974 1586 1060 compositorum
1623 972 1746 1040 alia
1790 981 2048 1040 servant
2090 972 2264 1038 verbi
2305 972 2554 1041 κόπτειν

212 1068 711 1153 significationem
773 1075 1097 1161 propriam
1147 1079 1249 1160 (ut
1287 1079 1811 1158 θαλαττοκοπεῑν,
1861 1079 2288 1159 ὄρτυγοκοπεῒν
2311 1128 2330 1158 ,
2375 1093 2552 1154 τηλο-

211 1185 390 1240 κοπεῒν
407 1225 426 1255 ,
473 1177 895 1258 ἕρμοκοπίδαι,
939 1181 1304 1271 ςυφοκόποι)
1325 1232 1342 1259 ,
1389 1182 1517 1249 alia
1564 1183 2043 1271 metaphoricam
2062 1233 2081 1261 ,
2128 1203 2255 1270 qua
2302 1183 2551 1250 κόπτειν

209 1279 330 1346 τινά
379 1289 474 1347 cst
534 1283 869 1351 obtundere
928 1285 1205 1373 aliquem
1269 1297 1333 1354 et
1389 1309 1686 1368 enecare,
1751 1295 1823 1354 ut
1879 1288 2048 1375 apud
2114 1288 2547 1377 Hegesippum

210 1383 483 1454 Athenaei
530 1408 595 1476 p.
643 1391 775 1456 290
821 1401 889 1456 Β.

1254 1496 1289 1573 ἢ
1338 1497 1541 1578 λέγων
1587 1497 1815 1581 φαίνου
1859 1499 1925 1565 τί
1968 1521 2071 1578 μοι

531 1601 736 1667 καινὸν
778 1600 951 1683 παρὰ
998 1601 1139 1675 τοὺς
1184 1600 1519 1684 ἔμπροσθεν
1568 1601 1603 1678 ἢ
1649 1605 1748 1681 μὴ
1791 1603 2039 1671 κόπτε
2085 1626 2208 1683 με.

285 1705 492 1792 ltaque
537 1706 589 1771 οἱ
635 1705 1075 1784 βουλοκοπίδαι
1098 1757 1117 1786 ,
1167 1709 1219 1772 οἱ
1260 1706 1745 1788 δημοκοποῦντες
1793 1717 1859 1775 et
1905 1712 2445 1784 πολιτοκοποῦντες
2482 1718 2548 1775 et

206 1809 709 1891 θεατροκοποῦντες
736 1819 797 1876 et
828 1813 1311 1894 ὃχλοκοποῦντες
1352 1821 1505 1878 sunt
1548 1815 1656 1900 qui
1685 1822 1978 1880 senatum
2002 1866 2022 1892 ‚
2064 1812 2368 1900 populum
2392 1863 2410 1892 ,
2451 1814 2544 1880 ci-

205 1934 323 1992 ves,
347 1923 766 2003 spectatores,
815 1915 1205 2001 plebeculam
1246 1915 1514 1984 dicendo
1553 1926 1619 1983 et
1667 1917 2049 1985 blandiendo
2089 1915 2361 2003 fatigant
2398 1937 2547 2003 gra-

202 2020 335 2086 tiam
379 2031 440 2087 et
488 2019 767 2087 favorem
811 2028 1179 2107 captanteS,
1220 2031 1286 2089 et
1322 2031 1473 2088 sunt
1501 2021 1658 2089 haec
1682 2024 1897 2089 omnia
1924 2021 2229 2089 vocabula
2252 2031 2318 2089 et
2356 2021 2547 2090 male·

202 2122 348 2194 dicta
381 2127 783 2193 comicorum
820 2127 956 2191 ioco
1004 2126 1153 2192 ficta
1200 2135 1266 2194 et
1323 2126 1759 2206 πεπαιγμένα.
1857 2125 2096 2193 Eadem
2155 2134 2255 2193 est
2303 2126 2547 2194 indoles

202 2229 608 2318 reliquorum:
672 2230 1122 2313 μετεωροκόπος
1184 2240 1282 2298 est
1347 2231 1701 2299 deridentis
1768 2240 1834 2298 ut
1883 2230 2420 2314 μεταρσιολέσκῆς
2481 2241 2547 2298 et

202 2334 725 2419 μετεωροφένακες.
788 2346 1236 2416 Κρημνοκοπεῖν
1274 2337 1480 2425 lepide
1506 2347 1569 2404 et
1595 2340 1755 2405 scite
1795 2336 2016 2403 lictum
2058 2336 2246 2403 estin
2288 2345 2541 2423 poetam

202 2440 516 2525 ςόμφακα.
546 2441 975 2522 κρημνοποιόν,
1020 2450 1093 2508 111
1118 2442 1510 2533 Aeschylum
1549 2442 1825 2531 appellat
1872 2440 2286 2531 Phidippides
2325 2442 2388 2506 in
2418 2440 2544 2507 Nu·

203 2544 350 2611 bibus
374 2567 430 2613 v.
466 2551 657 2613 1567.
734 2546 840 2614 Sic
888 2556 951 2615 et
995 2553 1341 2631 ρησικοπεῒν
1382 2548 1662 2626 dicitur,
1709 2557 1772 2615 et
1797 2546 2017 2616 eodem
2072 2547 2258 2613 modo
2303 2548 2546 2634 qim-iac

199 2649 374 2718 inanis
390 2662 664 2739 captator
686 2651 902 2720 odiose
930 2652 1267 2725 dicebatur
1291 2653 1608 2732 δοξοκόποις
1634 2662 1699 2720 et
1726 2652 2067 2732 δοξοκοπεῖν
2086 2652 2235 2743 (non
2264 2651 2543 2732 δοξοκόμ-

196 2779 288 2830 τος
318 2767 374 2825 et
407 2759 849 2844 δοξοκομπεῖν),
897 2766 962 2824 et
1001 2757 1151 2824 binc
1175 2767 1440 2846 apparet
1470 2758 1889 2826 Plutarchum
1918 2758 2285 2844 scripsisse:
2313 2757 2453 2831 τοὺς
2478 2758 2541 2825 δὲ

193 2868 280 2927 τοῦ
324 2864 678 2946 Περικλέους
739 2864 849 2938 τὴν
911 2862 1269 2943 σεμνότητα
1331 2863 1812 2941 δοξοκοπίαν
1859 2888 1931 2929 τε
1981 2862 2087 2928 καὶ
2135 2867 2333 2945 τῦφον
2380 2865 2541 2930 άπο-

191 2973 507 3044 καλοῦντας
541 2970 571 3034 ὅ
614 2969 816 3045 Ζήνων
856 2967 1195 3050 παρεκάλει
1242 2968 1347 3034 καὶ
1395 2969 1620 3043 αὐτούς
1661 2993 1722 3035 τι
1761 2974 2027 3036 τοιοῦτον
2065 2964 2538 3044 δοξοκοπεῖν.

268 3178 402 3266 Cap.
446 3185 509 3247 6.
561 3179 616 3267 (ὃ
664 3177 992 3265 Περικλῆς)
1043 3178 1148 3244 καὶ
1199 3176 1674 3259 δεισιδαιμονίας
1717 3180 1885 3246 δοκεῖ
1917 3178 2203 3260 γενέσθαι
2243 3180 2540 3263 καθυπέρ-

192 3306 332 3363 τερος
374 3281 513 3361 ὅσην
556 3284 630 3350 τὸ
678 3282 821 3365 πρὸς
870 3284 957 3348 τά
1002 3283 1280 3364 μετέωρα
1329 3284 1571 3365 θάμβος
1622 3284 1952 3367 ἐργάζεται
1994 3294 2119 3360 τοῖς
2153 3285 2382 3353 τούτων
2417 3288 2537 3362 τὰς

195 3387 374 3460 αἰτίας
417 3392 764 3468 ἀγνοοῦσιν.
863 3388 1000 3453 Duo
1060 3389 1122 3452 in
1191 3387 1292 3453 his
1354 3390 1509 3455 vitia
1570 3398 1752 3455 sunt:
1816 3410 1892 3456 ex
1952 3400 2163 3458 vetere
2212 3393 2535 3478 scriptura

193 3499 963 3560 ΚΑΘΤΠΕ-ΡΤΕΡΟΟΗΝ
1007 3492 1168 3558 male
1204 3491 1589 3560 effinxerunt
1627 3494 2063 3576 καθυπέρτερος
2111 3491 2293 3576 ὅσην,
2333 3517 2534 3584 quum

193 3605 334 3662 esset
376 3598 817 3680 καθυπέρτερος
866 3589 933 3671 ἣν
996 3596 1434 3663 scribendum.
1535 3597 1772 3664 Deinde
1819 3599 1875 3664 si
1921 3600 2066 3686 quis
2114 3599 2266 3687 quid
2315 3601 2382 3666 in
2432 3601 2537 3668 lio·

192 3699 403 3767 utinum
446 3703 677 3768 animis
721 3703 1005 3769 excitare
1051 3701 1327 3782 dicitur,
1373 3703 1725 3789 composito
1765 3705 2195 3787 ἐνεργάζεσθαι
2236 3726 2351 3792 pro
2385 3708 2535 3773 sim-

194 3802 318 3886 plici
358 3807 721 3891 ἐργάζεσθαι
773 3806 1079 3874 utendum
1184 3807 1640 3896 Exemplorum
1677 3808 1860 3894 plena
1900 3819 2053 3876 snut
2091 3812 2327 3878 omnia.
2379 3811 2533 3878 Gon·

193 3904 525 3979 funduntur
595 3914 957 3979 sexcenties
1028 3913 1092 3978 in
1174 3911 1399 3991 libris,
1473 3910 1582 3979 sed
1673 3915 1885 3980 verior
1951 3916 2275 4001 scriptura
2348 3915 2534 3984 l'acile

192 4018 568 4095 agnoscitur,
614 4026 689 4083 ut
734 4018 799 4083 111
851 4018 1119 4084 vicinia:
1174 4020 1202 4085 ὅ
1252 4017 1509 4101 Φυσικὸς
1556 4017 1743 4097 λόγος
1788 4019 1927 4085 άντ)
1976 4026 2084 4094 τῆς
2125 4058 2215 4070 --
2250 4021 2537 4088 δεισιδαι-

190 4120 380 4195 μονίας
424 4123 534 4198 τὴν
567 4159 657 4170 --
698 4121 1024 4203 εὐσέβειαν
1087 4124 1456 4205 ἐργάζεται,
1520 4124 1649 4189 11110
1700 4143 1847 4191 vero
1894 4124 2332 4206 ἐνεργάζεται,
2382 4125 2536 4211 quia

193 4230 434 4291 naturae
478 4226 763 4314 cognitio
808 4248 924 4315 pro
969 4229 1429 4315 superstitione
1476 4229 1780 4315 pietatem
1827 4229 1895 4295 in
1944 4229 2267 4297 hominum
2308 4229 2538 4296 animis

195 4329 441 4398 avitare
482 4329 751 4400 dicitur.
