2934 5050
1015 342 1412 389 communen
1462 342 1692 389 mm.
2413 324 2539 388 413

195 525 371 594 quam
423 507 772 576 adversarii
837 508 1047 574 simile
1092 507 1446 595 quidquam
1497 509 1791 595 reperiri.
1863 505 2100 574 Eodem
2168 508 2324 573 vitio
2385 504 2536 574 olim

190 610 534 679 Hsannuus
581 614 875 680 liberavit
921 613 1179 693 locum,
1230 614 1340 699 qui
1388 621 1489 679 est
1540 612 1672 679 Ecl.
1722 612 1801 689 X,
1854 616 1982 677 44:

441 738 611 784 nunc
660 720 925 783 insanus
971 738 1153 783 amor
1200 717 1348 783 duri
1391 738 1473 784 us
1522 717 1743 783 Martis
1793 718 1856 782 in
1905 717 2109 783 armis

437 823 560 888 tela
604 824 776 889 inter
824 821 1029 888 media
1080 832 1272 909 atque
1318 821 1621 888 adversos
1668 821 1915 887 detinet
1963 820 2164 887 hostis

186 925 574 992 rescribendo
619 948 731 1004 re,
780 925 1024 993 frustra
1072 928 1396 1013 vulgatam
1445 925 1936 999 defendentibus
1980 926 2346 1013 Wagnero,
2386 924 2539 992 Jah-

178 1031 297 1107 uio,
344 1029 723 1117 Forbigero,
770 1031 932 1097 aliis.

259 1134 412 1201 Hinc
460 1146 719 1203 transeo
766 1136 845 1202 ad
893 1140 1248 1215 Acacium,
1296 1139 1358 1201 in
1409 1158 1538 1223 quo
1580 1138 1867 1204 carmine
1919 1138 2198 1223 primum
2242 1135 2535 1203 conside·

176 1258 375 1305 remus
423 1241 672 1317 locum,
721 1243 833 1327 qni
884 1241 1121 1339 legitur
1172 1244 1234 1307 in
1278 1242 1468 1307 nobili
1499 1242 1604 1316 illa
1632 1242 2063 1329 descriptione
2100 1241 2527 1329 tempestati8‚

177 1363 284 1429 qua
323 1345 483 1410 luno
525 1347 703 1414 Aeoli
744 1366 861 1433 ope
896 1346 1107 1413 delere
1132 1357 1403 1414 conatur
1425 1347 1693 1412 classem
1725 1348 2064 1413 Troianam
2096 1347 2173 1433 (Ι,
2208 1353 2331 1414 115
2359 1349 2529 1434 sqq.)

292 1449 491 1517 Unam
544 1452 827 1538 (navem)
878 1471 1041 1537 quae
1081 1452 1315 1540 Lycios
1366 1452 1692 1538 fidumque
1740 1451 2007 1518 vehebat
2053 1451 2359 1519 Orontem

289 1555 489 1641 ipsius
537 1560 844 1642 (Aeneae)
894 1565 1043 1622 ante
1090 1555 1306 1622 oculos
1351 1557 1581 1641 ingens
1625 1575 1660 1621 a
1712 1557 1951 1623 vertice
1999 1565 2233 1643 pontus

287 1659 346 1723 in
398 1663 665 1746 puppim
718 1659 900 1727 l'erit:
948 1662 1278 1727 excutitur
1321 1680 1691 1748 pronusque
1741 1663 2051 1747 magister

288 1761 565 1832 volvitur
614 1768 676 1830 in
725 1775 952 1852 caput;
998 1775 1099 1831 ast
1152 1766 1322 1831 illam
1376 1777 1478 1832 ter
1525 1766 1763 1833 fluctus
1813 1767 2047 1833 ibidem

283 1877 537 1955 torquet
588 1888 785 1956 agens
833 1872 1078 1935 circum
1130 1879 1194 1937 et
1241 1870 1508 1956 rapidus
1557 1880 1735 1936 vorat
1784 1891 2059 1958 aequore
2097 1881 2338 1938 vortex.

281 1972 607 2059 Adparent
659 1975 791 2040 rari
840 1984 1066 2042 naiites
1114 1975 1178 2039 in
1229 1977 1487 2060 gurgite
1538 1984 1736 2041 vasto.

282 2078 487 2164 [arma
540 2080 756 2145 virum
808 2079 1186 2166 tabulaeque
1232 2091 1296 2146 et
1345 2081 1533 2146 Troia
1581 2099 1735 2166 gaza
1785 2099 1898 2168 pcr
1946 2079 2176 2169 undas]

235 2180 587 2251 Praeeunte
636 2184 880 2273 Heynio
930 2187 1476 2272 interpretantur:
1524 2185 1987 2272 conspiciuntur
2018 2186 2260 2272 passim
2296 2194 2515 2251 nantes

158 2303 221 2348 ιτ
272 2309 447 2354 amm
507 2299 650 2355 ceu.
751 2290 865 2366 At,
926 2299 996 2355 ut
1061 2300 1305 2356 taceam
1370 2289 1726 2377 asyndeton
1799 2309 2065 2376 prorsus
2136 2281 2510 2367 insolitum,

157 2387 317 2472 plane
364 2391 746 2460 incredibile
797 2393 1088 2473 videtur,
1137 2395 1555 2481 sequentibus
1603 2393 1911 2460 subiectis
1955 2416 2173 2473 arma,
2224 2394 2504 2472 tabulae,

153 2512 325 2577 gaza,
388 2501 676 2586 primum
741 2509 802 2566 et
861 2500 1245 2588 primarium
1310 2498 1672 2566 subiectum
1737 2499 2130 2577 sententiae,
2193 2499 2361 2585 quod
2410 2509 2507 2567 est

153 2601 258 2665 vin·
297 2608 468 2688 (nam
515 2604 820 2692 adparent
864 2606 999 2670 rari
1046 2616 1298 2685 nantes,
1342 2608 1404 2688 ‚si
1457 2604 1722 2691 Vergilii
1771 2614 1871 2671 cst
1920 2625 2142 2672 versus
2189 2626 2498 2692 sequenS,

158 2721 327 2787 paene
371 2711 741 2776 necessario
787 2720 883 2777 est
929 2710 1434 2797 praedicatum),
1483 2732 1519 2776 a
1565 2722 1742 2797 poeta
1774 2712 2054 2797 potuisse
2096 2712 2330 2776 omitti.
2381 2709 2500 2774 Ac·

156 2810 302 2878 cedit
353 2814 525 2901 quod
594 2824 737 2901 post
800 2815 990 2881 verba
1046 2817 1150 2882 illa
1198 2818 1263 2880 in
1308 2818 1556 2902 quryite
1600 2827 1769 2881 vasto
1820 2836 1940 2882 non
1989 2816 2497 2902 elegantissime.

157 2923 214 2979 ut
254 2917 406 2985 mihi
453 2920 719 3007 quidem
769 2919 1058 2998 videtur,
1110 2919 1371 2986 additur
1411 2915 1529 3007 per
1579 2921 1801 2986 undas.
1851 2920 1966 2986 His
2012 2920 2091 2986 de
2126 2923 2374 2996 causis,
2431 2928 2501 2985 ut

153 3036 350 3088 versus
393 3026 722 3111 genuinus
768 3029 888 3104 sit,
940 3026 1216 3092 multum
1268 3045 1510 3092 vereor.
1591 3024 1771 3091 Troia
1816 3046 1980 3110 qaza
2025 3024 2104 3090 ab
2152 3024 2503 3112 interpola-

154 3129 268 3192 tore
312 3133 438 3216 peti
491 3133 704 3218 potuit
751 3152 827 3198 ex
878 3132 973 3209 11,
1023 3136 1187 3209 763,
1235 3132 1344 3198 ubi
1395 3131 1726 3218 aliquanto
1772 3132 1984 3217 aptior
2032 3131 2133 3197 bis
2171 3130 2383 3199 verbis
2409 3130 2501 3197 lo-

154 3246 251 3295 cus
289 3242 415 3310 est,
460 3245 525 3301 et
576 3258 756 3301 arma
802 3237 1004 3302 virum
1055 3256 1243 3324 saepe
1291 3237 1529 3321 legitur
1578 3238 1644 3301 in
1694 3235 1992 3302 Aeneide.

226 3334 348 3402 Non
395 3359 514 3425 ego
567 3342 817 3425 primus
864 3340 1086 3407 dubito
1133 3339 1210 3406 de
1258 3341 1535 3406 sanitate
1574 3339 1733 3418 loci,
1782 3340 1892 3426 qui
1936 3341 2029 3406 sic
2069 3341 2285 3408 editur
2321 3360 2358 3409 e
2395 3361 2494 3409 co·

155 3432 377 3510 ilicibus
422 3465 516 3510 vs.
573 3451 699 3512 375
749 3466 933 3532 sqq:

393 3549 523 3615 Nos
572 3551 1116 3636 Troia‘antiqua,
1167 3551 1219 3616 si
1267 3559 1511 3617 vestras
1556 3553 1722 3639 sorte
1770 3571 1882 3638 per
1926 3550 2107 3616 auris

396 3653 627 3722 Troiae
676 3676 907 3722 nomen
960 3653 1065 3734 iit,
1116 3655 1365 3722 diversa
1417 3676 1532 3743 per
1577 3674 1854 3740 aequora
1903 3663 2117 3721 vectos

393 3762 561 3843 sorte
607 3782 719 3825 sua
770 3760 1023 3849 Libycis
1073 3768 1421 3847 tempestas
1467 3758 1718 3845 adpulit
1762 3759 1914 3824 oriS.

228 3855 590 3948 corruptela
644 3865 1094 3932 vocabulorum
1146 3870 1309 3952 sorte
1355 3887 1467 3930 sna
1519 3874 1646 3929 tam
1697 3863 2034 3930 manifesta
2082 3870 2220 3940 est,
2269 3868 2345 3929 ut
2390 3863 2499 3930 vix

158 3955 531 4049 intellegeres
586 3967 951 4036 defensores
1000 3980 1213 4037 tamen
1266 3981 1519 4036 nactam
1570 3989 1708 4034 esse
1754 3987 1895 4033 eam
1943 3965 2318 4045 lectionem,
2368 3968 2493 4034 nisi

156 4058 299 4132 idem
363 4075 853 4160 corruptissimo
914 4076 1148 4161 cuique
1209 4075 1344 4141 loco
1391 4072 1682 4139 accidere
1733 4072 2000 4138 videres.
2093 4073 2228 4139 Non
2277 4072 2495 4160 inepte

158 4163 395 4240 Gentius
446 4180 725 4245 coniecit
773 4191 905 4245 orla
950 4186 1210 4267 furens,
1264 4178 1375 4245 sed
1426 4178 1665 4243 rectius
1714 4177 2195 4266 Peerlkampius
2242 4178 2493 4246 intelle-

157 4287 295 4352 gens
354 4277 673 4368 frequenti
735 4304 954 4351 errore
1011 4287 1356 4371 repetitum
1405 4302 1543 4348 esse
1594 4281 1970 4350 vocabulum
2018 4285 2183 4371 sorte
2227 4304 2264 4350 e
2312 4303 2498 4370 prae-

158 4383 407 4461 gressis,
454 4387 656 4456 nimio
708 4398 915 4456 tamen
968 4388 1295 4455 molimine
1342 4388 1648 4454 coniecit:
