2934 5050
1053 315 1137 360 An
1186 315 1715 362 mnopnmsruu.
2489 293 2569 356 61

209 502 329 546 non
369 479 437 546 οἵ.
528 482 624 546 Ex
685 486 825 568 ipsa
878 487 970 548 rei
1015 490 1244 549 natura
1288 484 1524 548 dicitur
1568 485 1835 561 πέμπειν
1880 485 2050 556 τινὰς
2101 484 2422 563 ἐροῦντας,
2479 483 2574 545 αἱ·

212 587 430 664 ρεῑσθαί
470 611 637 659 τινας
688 589 1282 667 ἐπιμελησομένους,
1328 610 1453 652 non
1492 591 1632 662 τοὺς
1667 590 1981 668 ἐροῦντας,
2028 588 2167 659 τοὺς
2201 588 2574 664 ἐπιμελησο-

209 693 432 765 μένους.
499 691 600 756 Ad
647 693 808 758 hane
859 695 1064 779 igitur
1099 713 1388 758 normam
1436 693 1853 778 Theophrasti
1889 693 2066 758 locus
2102 691 2578 758 constituendus

208 801 314 859 est.

286 1004 441 1070 Ibid.
491 1005 674 1078 δεινὸς
723 1014 849 1078 τοῖς
895 1006 1182 1079 τοιούτοις
1222 1015 1339 1071 τῶν
1382 1008 1587 1085 λόγων
1625 1008 1977 1087 χρησασθαι
2009 1003 2101 1071 ὅτι
2144 1054 2178 1080 ,,
2197 1013 2318 1070 Δεῖ
2349 1005 2575 1077 αὐτοὺς

205 1111 359 1186 ἡμᾶς
407 1111 805 1184 συνελθόντας
852 1113 984 1193 περὶ
1032 1112 1279 1177 τούτων·
1305 1112 1766 1190 βουλεύσασθαι
1806 1113 1909 1175 καὶ
1962 1112 2029 1174 ἐκ
2074 1116 2182 1174 τοῦ
2229 1109 2422 1191 ὄχλου
2469 1111 2574 1175 καὶ

202 1222 304 1287 τῆς
347 1216 582 1295 άγορᾶς
629 1217 1093 1295 άπαλλαγῆναι
1141 1217 1248 1282 καὶ
1289 1218 1653 1282 παύσασθαι
1692 1218 1925 1297 άρχαῖς
1965 1214 2427 1296 πλησιάζοντας
2469 1217 2574 1280 καὶ

206 1320 310 1382 ὑπὸ
374 1321 603 1385 τούτων
667 1323 894 1395 αὐτοὺς
962 1321 1383 1402 ὑβριζομένους
1430 1324 1464 1398 ἢ
1514 1320 1937 1409 τιμωμένους.]
2026 1321 2401 1385 Extremam
2455 1319 2579 1384 loci

201 1431 436 1508 partem
485 1433 621 1491 atra
666 1448 793 1493 nox
837 1430 1090 1512 premit.
1186 1426 1540 1513 Affulgebit
1581 1426 1695 1491 lux
1742 1430 1797 1490 si
1844 1427 2037 1492 verba
2081 1429 2173 1489 ita
2216 1422 2574 1489 refluxeris:

202 1529 296 1591 καὶ
380 1530 747 1596 παύσασθαι
835 1530 1478 1612 άρχαιΡΕΕιάζοντας
1563 1532 1639 1602 ὥς
1712 1531 1827 1596 ὑπὸ
1896 1531 2124 1595 τούτων
2192 1537 2576 1594 ΜΑΛΛΟΝ

205 1632 617 1715 ὑβριζομένους
667 1639 701 1712 ἢ
749 1636 1147 1715 τιμωμένους.
1258 1637 1658 1714 „Ambiendi,
1730 1639 1973 1722 inquit,
2032 1640 2224 1720 finem
2263 1636 2580 1721 faciamus

201 1761 386 1804 censeo
403 1787 420 1816 ,
470 1762 720 1826 namque
764 1763 834 1803 ea
875 1763 970 1804 res
1013 1742 1181 1804 nobie
1212 1743 1356 1824 plue
1402 1742 1788 1806 contumeliae
1841 1745 2020 1829 affert
2063 1764 2235 1826 quam
2279 1741 2574 1805 honorif.

200 1844 493 1910 videlieet
538 1849 594 1910 si
639 1845 905 1911 honores
951 1846 1029 1909 ab
1077 1848 1156 1909 iis
1202 1848 1484 1930 petimus
1504 1895 1521 1924 ,
1571 1867 1728 1931 quos
1772 1846 1919 1912 dare
1964 1846 2260 1932 indignos
2306 1866 2438 1911 esse
2484 1866 2578 1911 ar-

201 1947 532 2014 bitramur.

281 2156 438 2223 Ibid.
510 2158 611 2224 διὰ
671 2159 812 2232 τοὺς
875 2159 1275 2239 συκοφάντας
1321 2162 1427 2224 οὐκ
1477 2159 1739 2233 οἱκητέον
1786 2161 1912 2228 ἐςὶν
1958 2160 2019 2223 ἐν
2062 2170 2140 2241 τῇ
2188 2158 2414 2247 πόλει.]
2503 2158 2580 2223 In

203 2260 486 2329 Palatino
531 2263 695 2329 libro
741 2270 835 2328 est
872 2267 981 2329 οὐκ
1020 2251 1149 2338 oin}
1198 2271 1382 2331 acuto
1442 2268 1625 2330 iuxta
1683 2268 1950 2350 scripto:
2022 2266 2295 2331 secunda
2349 2284 2580 2330 manus

203 2390 270 2446 ωρ
316 2368 655 2453 adscripsit
698 2370 948 2447 οἰκήτωρ
968 2419 986 2444 ,
1035 2370 1203 2454 quod
1248 2391 1502 2456 prorsus
1549 2371 1895 2435 absurdum
1940 2377 2052 2435 est.
2125 2371 2199 2436 In
2243 2361 2373 2444 οἲκῖι
2416 2373 2581 2435 inest

204 2472 424 2545 οἷκητόν
495 2476 621 2538 sio:
690 2473 790 2539 δια
851 2474 992 2546 τοὺς
1057 2475 1456 2558 συκοφάντας
1520 2476 1628 2540 οὐκ
1676 2475 1911 2550 οἷκητόν
1959 2476 2082 2545 ε’ςιν
2126 2477 2186 2540 ἐν
2233 2484 2309 2557 τῇ
2357 2472 2575 2552 πόλει,

203 2577 263 2638 in
303 2580 444 2642 urbe
492 2579 757 2643 habitari
817 2603 934 2644 non
981 2588 1210 2663 potest,
1275 2582 1343 2646 id
1389 2587 1520 2645 est:
1586 2603 1704 2644 non
1750 2587 1838 2644 est
1882 2582 2091 2645 vitalis
2132 2582 2260 2645 vita
2304 2581 2371 2643 in
2415 2581 2576 2643 urbe.

208 2683 461 2757 Οἱκητόν
513 2684 749 2748 dieitur
793 2691 869 2748 ut
913 2685 1139 2763 βιωτόν
1160 2736 1176 2761 ,
1223 2685 1479 2750 άνεκτόν
1525 2692 1589 2750 et
1634 2684 1893 2749 similia.

287 2785 606 2854 Continuo
650 2792 939 2873 sequitur
983 2791 1086 2855 καὶ
1135 2793 1212 2862 ὥς
1262 2796 1409 2868 ,,Ἐν
1454 2798 1582 2861 τοῖς
1629 2789 1986 2870 δικαςηρίοις
2034 2789 2199 2854 δεινὰ
2243 2788 2580 2870 πάσχομεν

101 2918 108 2927 ·
210 2891 314 2955 ὑπὸ
359 2900 478 2959 τῶν
531 2892 1023 2980 δικαζομένων”.]
1119 2895 1427 2960 Omnium
1473 2916 1773 2961 consensu
1814 2895 2123 2961 mendum
2168 2899 2265 2960 est
2308 2896 2375 2958 in
2414 2893 2582 2958 δικα-

208 2993 481 3074 ζομένων.
599 2996 818 3082 Itaque
890 2998 1249 3080 δικαζόντων
1319 3003 1750 3076 coniecerunt,
1819 2999 2157 3065 infeliciter
2215 2999 2580 3065 admodum.
2652 3006 2657 3011 “

205 3098 442 3167 Minore
490 3101 824 3168 molimine
871 3107 1126 3169 restitui
1167 3111 1377 3189 potest
1419 3126 1570 3171 vera
1612 3104 1835 3181 lectio,
1884 3125 2045 3189 quae
2089 3110 2185 3169 est
2230 3103 2583 3185 δεκαζομέ-

204 3228 321 3270 νων.
420 3255 456 3283 ,,
479 3207 833 3271 Delatorum
863 3210 1056 3292 plena
1097 3217 1238 3273 eunt
1282 3211 1481 3274 omnia
1527 3216 1583 3273 et
1627 3209 1854 3272 iudices
1897 3210 2134 3273 venales
2175 3208 2369 3273 suns&
2433 3208 2582 3273 Ver-

205 3308 348 3374 bum
414 3314 712 3377 Atticum
777 3317 840 3377 et
902 3311 1235 3379 Graeculis
1294 3317 1697 3400 incognitum
1757 3313 2032 3394 δεκάζειν
2092 3319 2157 3377 et
2221 3311 2582 3393 δεκάζεσθαι

210 3419 592 3498 (eorrumpere
651 3420 716 3479 et
775 3419 1094 3502 corrumpi)
1152 3422 1391 3503 passim
1437 3438 1476 3483 a
1520 3419 1743 3483 scribis
1788 3420 1855 3481 in
1902 3416 2165 3498 δικάζειν
2222 3424 2290 3482 et
2338 3416 2582 3497 δικάζε-

208 3519 335 3582 σθαι
398 3520 818 3604 depravatum
867 3523 1134 3588 videbis.
1229 3523 1603 3608 Numquam
1650 3522 1778 3587 fere
1839 3520 2137 3601 δεκάζειν
2185 3543 2262 3586 ex
2322 3520 2585 3586 illorum

207 3626 496 3689 manibus
542 3628 862 3691 intactum
909 3625 1201 3691 elabitur.
1272 3627 1569 3693 Indicabo
1614 3645 1847 3713 pauca:
1895 3626 2223 3692 Demosth.
2272 3648 2333 3711 p.
2387 3622 2581 3702 1137,

211 3726 264 3791 1.
353 3730 650 3795 Aeschin.
713 3732 783 3794 in
848 3729 1015 3794 Tim.
1084 3729 1191 3795 87.
1285 3730 1575 3817 Xenoph.
1643 3731 1721 3796 R.
1782 3734 1862 3797 A.
1923 3730 2035 3794 III.
2103 3728 2162 3796 7.
2254 3729 2582 3794 Plutarch.

210 3828 378 3897 Tom.
428 3833 510 3898 Π.
562 3854 709 3920 pag.
762 3832 869 3899 92.
918 3853 977 3899 Β.
1071 3833 1194 3900 Dio
1239 3832 1465 3921 Chrys.
1515 3835 1566 3900 Ι.
1618 3834 1768 3901 108.
1831 3835 2065 3900 Pollux
2108 3834 2214 3899 VI.
2260 3833 2373 3919 36.

294 4041 455 4108 Ibid.
502 4043 606 4108 τὸν
671 4044 883 4119 Θησέα
950 4051 1182 4124 πρῶτον
1240 4052 1442 4127 φῆσαι
1501 4052 1618 4110 τῶν
1664 4048 1868 4110 κακῶν
1914 4054 1993 4127 τῇ
2040 4044 2217 4110 πόλει
2261 4045 2583 4123 γεγονέναι

215 4144 420 4212 αἴτιον.
470 4154 680 4214 τοῦτον
728 4150 856 4229 γάρ
906 4149 973 4212 ἐκ
1020 4149 1251 4214 δώδεκα
1299 4148 1535 4215 πόλεων
1582 4152 1667 4221 εἰς
1707 4150 1858 4228 μίαν
1895 4149 2358 4227 καταγαγόντα
2395 4153 2586 4218 λυθεί-

218 4270 323 4322 σας
371 4253 706 4329 βασιλείας
769 4254 877 4319 καὶ
927 4253 1135 4319 δίκαια
1194 4256 1382 4321 αὐτὸν
1431 4257 1687 4320 παθεῖν·
1751 4260 1978 4332 πρῶτον
2024 4255 2149 4334 γὰρ
2197 4256 2381 4320 αὐτὸν
2428 4258 2586 4321 άπο-

219 4354 420 4421 λέσθαι
485 4358 591 4422 ὑπ’
655 4359 907 4442 αὐτῶν]
1005 4357 1109 4423 Sic
1167 4358 1502 4425 Palatinus
1563 4361 2061 4427 mendosissime.
2154 4359 2393 4425 Verum
2455 4381 2587 4426 esse
