2934 5050
988 317 1308 368 cumcurm·
1344 318 1417 365 ιτ
1464 319 1773 368 nummu.
2437 303 2567 367 245

203 481 501 568 spicatur.
576 484 901 554 Praeceiso
939 487 1077 554 XX.
1121 491 1160 553 2
1202 506 1337 554 non
1357 487 1676 555 intellexit
1701 489 1813 576 qui
1843 487 2054 557 Guell'.
2080 488 2384 576 scripsit,
2414 487 2563 554 inde

201 587 501 677 effingens
560 593 877 682 praecioso
943 592 1233 682 (praet),
1296 594 1463 680 quod
1531 595 1738 682 prima
1803 614 2058 682 quoque
2088 592 2282 661 Leid.
2335 602 2568 660 manus

199 692 412 776 habet,
474 698 588 766 sed
648 697 782 766 vu.
854 706 932 767 15
992 700 1333 787 praeceidil
1395 701 1740 786 vestigium
1807 699 2189 787 diphthongi
2239 701 2563 767 incertum

197 811 319 882 est,
381 804 554 892 quod
610 805 931 891 praecedit
987 806 1050 872 in
1121 807 1306 873 Bern.
1371 814 1435 874 et
1496 805 1651 873 Gen.
1708 826 1743 873 e
1798 806 2173 874 confusione
2224 805 2567 872 verborum

188 910 536 994 praecidere
590 920 656 978 et
692 912 1066 997 praecedere
1113 920 1338 979 natum
1388 931 1528 980 esse
1581 920 1808 1000 potest.
1909 912 2098 979 Libro
2146 910 2285 978 XV.
2338 918 2377 978 ὅ
2428 932 2568 976 ma-

192 1013 343 1080 iores·
384 1017 585 1104 spatio
631 1017 716 1085 lli.
770 1037 887 1105 pro
932 1019 1169 1085 maiore
1212 1020 1280 1085 in
1327 1020 1550 1106 spolio.
1628 1017 1753 1086 Sed
1797 1027 1939 1105 post
1977 1017 2135 1086 alios
2179 1016 2567 1093 Buecheler,

193 1117 288 1184 lat.
338 1121 582 1189 Declin.
634 1144 696 1211 p.
746 1130 864 1191 διε
915 1124 1024 1190 Bei
1071 1123 1192 1191 den
1239 1122 1737 1212 comparativen
1778 1124 1863 1190 ist
1899 1125 2127 1190 maiori
2177 1123 2567 1208 heutzulage

188 1223 357 1291 nicht
403 1228 907 1296 nachzuweisen
956 1249 1071 1296 vor
1129 1230 1346 1297 Lucan
1397 1231 1529 1296 und
1580 1230 1700 1297 den
1753 1229 2058 1297 Diclntern
2100 1229 2350 1296 welche
2391 1228 2561 1293 Pris-

188 1332 316 1399 cian
366 1338 405 1401 7
451 1339 486 1422 §
542 1339 633 1401 69
679 1345 919 1413 nenut,
969 1335 1138 1402 deun
1185 1334 1290 1402 die
1340 1336 1944 1422 republicanischen
1995 1334 2384 1402 lnschriften
2429 1331 2560 1399 und

186 1435 287 1503 das
328 1441 792 1527 augusteische
837 1440 1143 1508 Zeitalter
1186 1442 1437 1509 kennen
1483 1441 1781 1528 lediglich
1821 1443 2075 1521 maiore,
2107 1443 2363 1529 priore,·
2405 1438 2562 1505 aber

184 1539 316 1610 dass
362 1548 643 1613 maior-id
687 1545 856 1614 auch
903 1567 985 1613 zu
1032 1549 1264 1614 maiori
1308 1546 1532 1626 ward,
1580 1549 1667 1613 ist
1716 1568 1796 1615 an
1846 1547 1986 1614 sich
2034 1546 2379 1634 glaublich.
2430 1544 2559 1611 Nos

185 1656 381 1718 tamen
430 1662 571 1719 tam
623 1655 870 1721 incerta
912 1656 1304 1720 auctoritate
1352 1673 1476 1719 non
1530 1651 1901 1720 credemus,

260 1753 538 1824 Omnino
589 1768 725 1827 tam
771 1759 960 1826 exilia
1012 1759 1168 1826 haec
1214 1769 1405 1836 sunt,
1454 1767 1528 1826 ut
1571 1759 1697 1826 nisi
1736 1779 1813 1827 ex
1857 1759 2061 1846 ipsius
2103 1759 2337 1826 Lucilii
2378 1757 2563 1823 testi-

175 1850 378 1929 'monic
425 1865 757 1932 sciremus
799 1865 1120 1953 placuisse
1167 1867 1225 1933 ei
1277 1867 1344 1932 in
1396 1866 1643 1933 nomin.
1695 1864 1864 1954 plur.
1903 1885 1997 1942 ιιι,
2046 1885 2123 1931 ex
2160 1864 2342 1931 libris
2379 1860 2556 1930 MSS.

179 1985 290 2033 non
335 1972 854 2058 suspicaremur.

77 2142 80 2165 ᾗ
253 2071 421 2154 Quin
470 2076 768 2144 Lucilius
816 2078 883 2144 in
933 2079 1230 2163 genetivo
1277 2090 1336 2143 ai
1381 2077 1822 2164 usurpaverit,
1872 2095 1997 2142 non
2047 2074 2417 2149 dubitatum
2462 2072 2549 2141 cf.

77 2186 80 2253 l,
175 2175 284 2245 inc.
340 2186 458 2259 12,
515 2181 634 2249 sed
681 2182 760 2249 de
808 2183 1083 2269 singulis
1131 2183 1288 2249 locis
1340 2202 1378 2248 a
1425 2182 1506 2248 Μ.
1558 2201 1674 2269 ope
1716 2184 1996 2268 genetivi
2034 2180 2207 2246 illius
2232 2178 2555 2245 restitutis

77 2306 80 2371 '.
173 2280 508 2355 dissentire
575 2288 761 2365 licet:
822 2309 969 2356 nam
1029 2287 1198 2377 quod
1262 2287 1371 2354 lv.
1438 2293 1522 2353 37
1595 2287 1810 2355 dedit:
1878 2286 2164 2353 »catulos
2219 2276 2555 2371 fetumque

77 2444 78 2477 ἶ
175 2387 428 2473 »ferai'’,
480 2392 674 2462 codd.
728 2398 931 2483 serat,
992 2393 1290 2482 displicet
1336 2392 1742 2461 collectivum
1794 2397 1963 2481 sera:
2025 2392 2165 2458 Vll.
2218 2395 2303 2458 23
2341 2390 2549 2478 »serui

77 2494 80 2499 ’
172 2496 242 2561 ad
304 2498 563 2567 catulos
635 2498 943 2569 accedere
1020 2500 1350 2569 inultum’'
1426 2501 1801 2567 coniectura
1867 2501 2242 2566 restitutum
2305 2505 2404 2564 est
2467 2515 2546 2563 ex

172 2612 287 2669 rate
329 2606 443 2684 cd,
511 2614 590 2671 ut
634 2606 889 2674 litterae
937 2613 1004 2693 se
1049 2607 1362 2675 excidisse
1414 2615 1761 2693 putentur,
1812 2604 1923 2672 sed
1970 2605 2229 2672 lectioni
2275 2613 2415 2670 rata
2461 2601 2547 2667 ad

172 2708 308 2792 quid
356 2710 556 2778 obiici
601 2715 801 2798 possit
849 2733 976 2779 non
1030 2712 1245 2787 videm
1292 2714 1462 2778 rucei
1509 2722 1604 2779 est
1649 2713 1712 2778 in
1757 2712 1988 2798 fragm.
2024 2709 2370 2776 admodum
2405 2726 2542 2773 cor-

174 2823 343 2899 rupto
409 2817 532 2884 111.
601 2821 686 2885 27
711 2868 729 2898 ,
791 2819 856 2885 in
905 2840 1033 2907 quo
1080 2819 1436 2886 secundum
1491 2819 1574 2888 Μ.
1624 2819 2006 2884 incrustatus
2037 2815 2208 2884 calix
2252 2823 2317 2881 et
2363 2821 2543 2877 rutae

79 2925 80 3006 j
171 2920 351 2986 ematis
393 2922 674 2990 deliciae
722 2924 1075 3003 dicuntur,
1123 2926 1307 3011 quasi
1363 2943 1516 2990 vero
1572 2924 2003 2990 incrustatum
2062 2920 2363 3009 poculum
2405 2935 2545 2982 cer·

79 3053 80 3098 f
174 3031 294 3093 tum
354 3028 623 3116 aliquod
671 3032 804 3097 vini
852 3051 1060 3119 genus
1105 3032 1506 3098 continuerit
1558 3029 1669 3117 (οἱ.
1718 3030 1896 3095 Coni.
1949 3029 1998 3094 1.
2063 3047 2124 3115 p.
2181 3025 2312 3114 18).
2413 3021 2537 3090 Sed

173 3149 280 3199 non
336 3134 610 3216 dubito,
676 3139 831 3223 quin
899 3146 1074 3205 recte
1136 3137 1478 3224 scripserit
1526 3136 1633 3203 IX.
1684 3138 1769 3201 22
1813 3133 1974 3221 pilai
2022 3134 2088 3198 in
2135 3132 2254 3198 hoc
2303 3148 2533 3197 versu:

176 3241 564 3309 omeilitiam.
612 3250 870 3311 tenuest
920 3265 939 3310 ι
990 3243 1144 3331 pilai
1190 3263 1318 3331 qua
1367 3240 1678 3311 ludimus.
1726 3236 1980 3327 pilam''
2029 3250 2095 3308 et
2140 3238 2324 3305 horai
2369 3233 2535 3304 xlv,

176 3345 276 3410 27:
319 3356 605 3435 »puncto
633 3369 759 3415 uno
803 3348 980 3416 horai
1025 3350 1414 3436 quicomque
1455 3349 1693 3414 invasit
1737 3349 1964 3413 ν-υ.”
2014 3345 2248 3413 Notatu
2289 3360 2545 3430 quoque

175 3444 424 3536 dignum
474 3455 542 3521 αι’
586 3456 651 3521 ἰιι
704 3475 901 3522 unam
952 3454 1263 3544 syllabam
1321 3453 1658 3530 contrahi,
1707 3462 1772 3520 et
1819 3452 2082 3520 elisione
2130 3452 2155 3516 i
2200 3452 2537 3525 amittere,

177 3557 326 3640 quod
382 3560 766 3640 Lucretius,
824 3580 953 3649 quo
1014 3580 1204 3628 nemo
1275 3559 1680 3648 frequentius
1746 3559 1852 3626 illa
1918 3557 2125 3624 forma
2190 3574 2345 3624 usus
2406 3560 2544 3630 est,

181 3679 286 3729 non
327 3664 450 3733 sibi
503 3668 820 3754 permisit.
912 3666 997 3735 Et
1045 3676 1260 3735 tamen
1312 3686 1388 3733 eo
1433 3665 1684 3733 ducunt
1728 3665 1878 3732 libri
1929 3664 2041 3732 XI.
2091 3669 2174 3731 4:

1692 3791 1819 3838 viai

341 3878 711 3946 sternendai
764 3880 1131 3948 iaciendum
1184 3879 1309 3946 huc
1359 3897 1617 3965 agerem
1666 3885 1731 3944 et
1776 3875 1841 3942 id
1889 3876 2083 3962 genu’
2131 3872 2336 3942 rudus

182 3977 275 4046 ubi
318 3983 502 4053 codd.
553 3987 682 4051 vim
729 3995 796 4054 et
841 3985 1171 4054 sternenda
1213 3994 1312 4062 et,
1357 3983 1578 4051 eodem
1635 4001 1872 4069 genere
1927 3979 2366 4067 corruptelae,
2414 3997 2543 4066 quo

182 4085 230 4149 ei
263 4088 327 4153 in
374 4110 406 4155 e
449 4101 507 4158 et
556 4111 752 4179 supra
805 4092 1086 4158 transire
1131 4090 1747 4168 animadvertimus,
1797 4095 1862 4153 et
1908 4088 2035 4152 viai
2074 4087 2267 4154 XXX.
2303 4091 2423 4165 65,
2461 4105 2541 4153 ex

184 4189 356 4261 vient.
446 4195 678 4284 ltaque
742 4207 917 4265 recte
982 4197 1161 4264 horai
1223 4194 1440 4286 disyll.
1486 4194 1862 4262 restitutum
1912 4211 1989 4258 ex
2036 4191 2219 4258 codd.
2267 4191 2539 4257 lectione

185 4291 323 4365 Bora
384 4301 521 4371 XX.
576 4307 692 4381 13,
746 4312 817 4371 ut
863 4302 1031 4392 apud
1082 4302 1459 4370 Lucretium
1514 4318 1714 4388 paene
1760 4317 2016 4385 semper
2057 4297 2121 4362 in
2172 4295 2439 4383 oblongo
2477 4300 2544 4360 et

185 4402 479 4485 quadrato
536 4411 880 4497 genetivus
943 4408 1050 4477 ille
1112 4415 1464 4495 corruptus
1525 4414 1659 4485 θεὶς
1717 4414 1781 4474 et
1840 4402 2114 4471 sortasse
2163 4398 2367 4470 XXX.
2417 4403 2546 4479 68,
