2934 5050
1023 304 1110 351 m
1158 300 1688 350 rnormsruu.
2456 282 2535 346 41

263 468 413 535 Ibid.
459 470 560 534 καὶ
611 469 799 544 αὐτὸς
848 471 909 534 ἐν
956 479 1098 544 ταῖς
1150 470 1509 548 ἐπιδείξεσιν
1556 469 1758 551 ὕςερον
1808 473 2037 538 ἔπεισιν
2085 472 2184 537 ἐπὶ
2234 475 2352 535 τῶν
2400 472 2538 533 θεω-

157 571 358 654 ’μένων
402 575 544 657 πρὸς
589 575 692 640 τὸν
743 573 940 657 ἕτερον
987 572 1078 642 ὅτι
1130 625 1165 655 „
1185 577 1422 644 Τούτου
1470 578 1596 648 gelu
1645 580 1678 654 ἦ
1723 578 2135 662 naas-paq.
2230 574 2546 661 Corrupta

175 681 319 747 haec
373 687 519 747 sunt
575 687 641 748 et
699 681 969 748 mutila:
1042 683 1299 749 adiutus
1358 684 1696 750 hominum
1767 685 2099 751 doctorum
2166 683 2544 748 coniecturis

172 786 373 853 locum
438 788 1000 877 redintegrandum
1069 808 1202 854 esse
1271 788 1542 854 arbitror
1600 792 1669 854 in
1727 790 1896 855 hunc
1963 789 2266 855 modum:
2340 785 2544 868 ὕςερον

177 895 566 961 ἕπεισιΕΝΔΙ
628 893 743 964 ὅτε
806 895 1003 960 εἷπεῒν
1062 918 1201 960 τινα
1248 901 1364 960 τῶν
1412 896 1717 974 θεωμένων
1766 896 1910 977 πρὸς
1958 894 2156 977 ἕτερον
2207 897 2356 984 (11011
2402 893 2545 975 πρὸς

175 1008 346 1066 TON
410 998 633 1082 ἕτερον)
699 1050 734 1079 ,,
755 1000 994 1067 Τούτου
1056 1002 1181 1071 ἕςὶν
1207 1005 1266 1078 ,ἦ
1330 1001 1711 1083 aramis-pff.
1829 1000 1958 1082 Qui
2021 1025 2148 1067 sero
2194 1009 2335 1086 post
2396 1000 2549 1064 alios

171 1129 349 1173 omes
407 1109 475 1172 in
533 1107 917 1195 palaestram
974 1108 1234 1186 introit,
1296 1128 1424 1174 non
1487 1107 1823 1189 ἐπέρχεται
1847 1158 1865 1186 ,
1931 1108 2042 1174 sed
2088 1107 2543 1187 ἐπεισέρχεται.

171 1212 673 1304 Expungendum
734 1221 828 1280 est
882 1212 986 1279 τόν
1032 1217 1100 1279 111
1148 1214 1291 1295 πρὸς
1341 1216 1443 1280 τὸν
1493 1212 1725 1296 ἕτερον,
1786 1236 1867 1281 110
1912 1215 2031 1280 duo
2076 1220 2329 1280 tantum
2375 1234 2545 1298 spec-

171 1327 392 1388 tatores
438 1322 654 1389 adesse
698 1321 1058 1388 videantur.

253 1531 400 1621 Gap.
449 1532 591 1600 VII.
640 1537 915 1608 Λαλιᾶς.

252 1642 354 1705 καὶ
414 1638 570 1706 ὅταν
631 1663 712 1719 γε
771 1640 912 1714 τοὺς
961 1640 1100 1704 καθ’
1146 1636 1255 1703 ἕνα
1301 1640 1830 1720 ἆποΓΤΜΝΩσῃ
1874 1638 2058 1711 δεινὸς
2106 1639 2209 1704 καὶ
2258 1638 2358 1703 ἐπὶ
2409 1638 2549 1710 τοὺς

172 1746 397 1828 ἁθρόους
466 1745 603 1832 [καὶ
650 1743 1088 1834 συνεςηκότας]
1133 1746 1540 1829 πορευθῆναι]
1633 1743 1708 1809 111
1752 1744 1981 1810 multis
2037 1742 2350 1809 lectorum
2409 1763 2550 1808 con·

168 1856 442 1933 iacturis,
510 1873 671 1939 quae
732 1855 802 1916 in
864 1852 1279 1918 deterioribus
1337 1851 1522 1917 libris
1566 1854 1969 1937 reperiuntur
1983 1900 2002 1930 ,
2068 1870 2548 1935 nonnumquam

167 1957 317 2024 bona
358 1964 425 2025 et
485 1957 644 2024 felix
704 1957 1065 2024 emendatio
1112 1963 1403 2043 apparet,
1463 1962 1541 2022 ut
1582 1956 1648 2022 h.
1694 1955 1740 2021 1.
1834 1955 2205 2022 Absurdum
2252 1960 2348 2020 est
2395 1956 2545 2021 ἄπο·

171 2064 448 2148 γυμνῶσῃ
467 2113 486 2143 ,
559 2064 671 2129 sed
733 2062 939 2129 nihilo
1004 2062 1239 2129 melius
1304 2070 1401 2128 est
1469 2062 1636 2149 quod
1705 2063 2041 2128 substituit
2106 2061 2331 2127 Editor
2388 2064 2547 2127 ἀπο-

171 2171 405 2253 γυιώσῃς.
504 2169 849 2258 Appellant
901 2170 1020 2237 hoc
1063 2192 1267 2259 genus
1313 2170 1567 2238 dicendi
1606 2169 1808 2257 lepidi
1854 2177 1919 2237 et
1961 2173 2218 2238 venusti
2260 2171 2552 2237 homines

171 2277 232 2341 in
273 2274 543 2344 Graecia
598 2279 677 2349 ὥς
739 2277 837 2342 ἐπ’
885 2276 1352 2356 Ἀγαμέμνονος
1400 2277 1846 2356 διαλέγεσθαι,
1908 2283 1984 2343 ut
2026 2280 2096 2342 in
2141 2277 2297 2343 urbe
2340 2276 2550 2343 Roma

172 2403 292 2463 eos,
324 2386 438 2471 qui
469 2383 816 2450 verborum
851 2381 1280 2449 obsoletorum
1302 2384 1540 2450 foetore
1570 2387 1640 2449 in
1678 2384 1943 2450 dicendo
1980 2384 2354 2464 utebantur,
2389 2384 2551 2451 salse

176 2490 322 2578 loqui
377 2512 512 2555 eum
571 2496 760 2555 matre
811 2488 1094 2555 Euandri
1140 2489 1540 2558 dictitabant.
1634 2489 1844 2557 Nemo
1889 2490 2381 2558 Atheniensium
2427 2493 2552 2557 isto

173 2599 321 2664 vitio
376 2596 713 2663 laborabat
771 2601 836 2662 et
894 2597 1283 2675 αἐπογυιῶσαι
1344 2597 1541 2683 (quod
1606 2618 1686 2663 ne
1756 2596 2221 2686 significatione
2290 2599 2551 2685 quidem

175 2705 474 2787 praesenti
534 2700 674 2768 loco
733 2702 1285 2769 accommodatum
1345 2709 1467 2786 est)
1522 2724 1650 2770 non
1692 2707 1906 2793 magis
1952 2706 2122 2792 apud
2167 2727 2272 2772 eos
2319 2709 2387 2771 in
2430 2727 2553 2771 usu

177 2815 262 2874 est
301 2831 498 2896 quam
564 2812 649 2875 τὰ
711 2816 866 2887 γυῖα
926 2830 1039 2895 pro
1097 2810 1180 2874 τὼ
1226 2817 1400 2891 χεῖρε
1452 2811 1557 2877 καὶ
1605 2812 1688 2875 τὼ
1736 2811 1904 2878 πόδε.
2004 2810 2174 2892 Quid
2220 2814 2553 2897 scripserat

175 2916 361 3002 igitur
421 2912 933 3001 Theophrastus?
1001 2913 1352 3002 Repertum
1412 2916 1482 2981 id
1544 2923 1640 2983 est
1685 2938 1724 2983 a
1766 2920 1977 2983 nescio
2037 2937 2162 3004 quo
2210 2923 2553 2982 correctore

176 3025 276 3106 qui
315 3024 456 3095 τοὺς
509 3021 651 3086 καθ’
698 3016 806 3085 ἕνα
852 3023 1269 3104 ἆποΚΝΛΙσῃ
1332 3024 1690 3089 substituit.
1783 3022 1925 3090 Hoc
1969 3044 2232 3103 verum,
2295 3022 2415 3089 hoc
2462 3042 2556 3088 sa-

174 3147 318 3194 num
376 3134 510 3206 est,
574 3126 694 3192 hoc
754 3131 980 3212 aptum
1039 3130 1133 3193 rei
1195 3133 1260 3194 et
1304 3129 1609 3194 idoneum
1670 3135 1784 3194 est.
1836 3129 2226 3196 ’Λποκναίειν
2272 3131 2445 3196 0111111
2492 3132 2559 3194 et

175 3235 520 3301 ἀποκναίειν
567 3231 756 3315 ἀηδίᾳ
804 3238 901 3298 est
948 3234 1267 3298 obtundere
1310 3239 1376 3300 et
1421 3235 1557 3300 odio
1603 3257 1845 3300 enecare
1862 3285 1881 3315 ,
1938 3256 2064 3322 quo
2109 3234 2279 3301 1111111
2322 3233 2556 3301 melius

175 3340 428 3424 quadrat
497 3341 566 3405 in
631 3341 1071 3431 importunam
1132 3343 1199 3404 et
1255 3339 1596 3407 molestam
1662 3340 2133 3429 garrulitatem.
2239 3340 2551 3408 Dicebant

179 3445 386 3512 eodem
445 3466 638 3513 sensu
696 3450 761 3510 et
822 3441 1073 3510 κόπτειν
1135 3444 1276 3510 τινά
1338 3453 1402 3513 et
1447 3446 1868 3513 κατακόπτειν
1888 3498 1904 3526 ,
1975 3447 2085 3513 sed
2129 3447 2560 3512 ἐττικῶτατον

179 3559 264 3617 est
305 3554 374 3618 in
417 3573 496 3618 ea
531 3572 600 3618 re
646 3550 1017 3617 ἀποκναίειν.

255 3656 675 3746 Opponuntur
710 3659 877 3724 inter
898 3678 964 3723 se
989 3658 1039 3722 οἱ
1066 3657 1206 3721 καθ’
1229 3653 1337 3721 ἕνα
1366 3663 1432 3723 et
1454 3659 1507 3723 ol
1530 3657 1779 3739 ἀθρόοι.
1802 3657 2219 3744 quamobrem
2259 3658 2365 3723 καὶ
2393 3682 2559 3724 συνε·

176 3763 433 3840 catedras
470 3763 884 3830 resecandum
922 3783 1057 3829 esse
1096 3782 1333 3829 censeo.
1382 3763 1738 3831 Andocides
1775 3785 1926 3851 pag.
1962 3762 2043 3829 31
2070 3811 2089 3843 ,
2136 3761 2239 3829 13.
2281 3763 2561 3830 διατετέ-
2658 3768 2663 3771 ’

179 3883 343 3936 λεκεν
393 3869 637 3952 ἀθρόους
683 3871 799 3946 μὲν
839 3869 1005 3946 ὑμᾶς
1053 3868 1439 3948 κολακεύων,
1502 3865 1613 3935 ἕνα
1651 3870 1703 3935 δ’
1752 3866 1971 3939 ἕκατον
2018 3870 2512 3954 προπηλακίζων.

262 4080 422 4148 Ibid.
486 4083 1054 4165 προσδιηγήσασθαι
1117 4083 1179 4149 δὲ
1237 4084 1341 4147 καὶ
1389 4087 1502 4160 τὴν
1549 4085 1647 4161 ἐπ’
1698 4084 2141 4167 ’Λριςοφῶντός
2192 4108 2344 4150 ποτε
2391 4108 2565 4163 γενο-

185 4185 357 4262 μένην
418 4195 525 4256 τοῦ
588 4192 827 4272 ῥήτορος
890 4189 1163 4274 μάχηνῖ.
1260 4188 1442 4270 Quod
1500 4189 1667 4254 mihi
1726 4188 2198 4276 Theophrastus
2245 4192 2566 4277 scripsisse

184 4292 430 4360 videtur
444 4343 464 4373 ‚
523 4297 593 4363 id
652 4295 864 4362 iudice
924 4294 1185 4361 Editore
1243 4317 1535 4379 „prorsus
1578 4301 1817 4361 temere
1862 4296 2105 4383 quidam
2147 4296 2563 4380 empserwnf’.

188 4417 408 4484 nempe
459 4404 568 4478 τὴν
613 4409 732 4467 τῶν
778 4401 1028 4484 ρητόρων
1074 4401 1293 4480 μάχην
1316 4450 1334 4481 ,
1370 4425 1639 4485 pstquam
1683 4401 1844 4467 inter
1887 4404 2035 4469 duo-9
2079 4411 2359 4468 oratores.
2448 4401 2568 4466 De-
