2934 5050
777 388 786 397 α
915 316 1001 363 An
1048 316 1316 367 srosAm
1362 318 1812 367 rnonmsemn.
2430 300 2558 366 105

191 486 514 566 δησάμενοι.
612 485 685 550 In
731 488 1034 551 extremis
1093 489 1304 553 verbis
1365 488 1527 554 latet
1588 490 1848 555 vitium.
1944 486 2184 552 Licet-as
2226 487 2452 552 discere
2497 494 2563 555 et

189 594 387 657 docere
429 590 666 659 Graece
710 590 947 656 dicitur
988 592 1119 657 eine
1162 594 1420 657 articulo
1464 592 1828 673 γράμματα
1875 590 2205 670 μανθάνειν
2251 597 2317 658 et
2356 591 2559 660 διδάσ-

192 721 310 762 κειν
353 697 717 780 γράμματα
740 746 758 774 ,
806 706 884 762 ut
928 699 996 761 in
1041 697 1458 764 Menandreo:

453 802 816 885 γράμματα
863 804 1081 881 μαθεῖν
1128 803 1224 869 δεῖ
1264 803 1369 868 καὶ
1414 804 1697 882 μαθόντα
1744 807 1875 869 νοῦν
1922 800 2108 882 ἔχειν.

189 916 250 973 et
292 909 368 975 de
412 912 686 995 captivis
727 909 1217 974 Atheniensium
1263 912 1332 974 in
1379 907 1639 975 Sicilia:

453 1014 582 1088 ἤτοι
625 1012 905 1089 τέθνηκεν
952 1014 987 1091 ἦ
1037 1013 1307 1080 διδάσκει
1360 1014 1750 1096 γράμματα.

187 1124 249 1183 et
290 1124 528 1204 pastor·
550 1119 664 1185 ille
711 1120 880 1205 apud
922 1119 1333 1206 Euripidem:

454 1224 577 1301 ἐγὼ
624 1223 884 1305 πέφυκα
930 1225 1326 1305 γραμμάτων
1371 1226 1485 1302 μὲν
1532 1227 1640 1291 οὐκ
1686 1225 1858 1305 ίδρις.

269 1328 519 1415 Nempe
560 1329 912 1416 Xenophon
956 1333 1052 1396 ita
1095 1333 1432 1416 scripserat
1484 1327 1683 1409 ὥσπερ
1731 1332 1879 1412 παρ’
1926 1331 2072 1409 ἡμῖν
2114 1330 2299 1394 ὈΤΙ
2343 1328 2558 1410 γράμ-

189 1455 362 1509 ματα
407 1434 843 1512 μαθησόμενοι.

271 1642 479 1709 Miror
542 1643 697 1728 quid
759 1643 1164 1710 Meinekium
1232 1647 1510 1712 moverit
1574 1647 1652 1710 ut
1706 1644 2046 1711 manifesto
2104 1642 2436 1710 mendosas
2498 1651 2564 1711 et

187 1748 597 1832 perabsurdas
642 1750 985 1834 scripturas
1027 1751 1097 1815 in
1134 1748 1391 1816 Stobaei
1431 1748 1774 1816 (lodicibus
1812 1754 2088 1839 repertas
2104 1796 2122 1827 ,
2171 1770 2373 1833 quum
2411 1770 2564 1815 vera

189 1858 249 1916 et
301 1856 569 1937 antiqua
623 1853 814 1920 lectio
872 1860 1037 1920 esset
1090 1857 1149 1921 ei
1193 1857 1263 1921 in
1307 1862 1566 1942 promtu
1581 1903 1599 1933 ,
1662 1861 1878 1920 tamen
1920 1858 2193 1919 retinere
2235 1853 2560 1923 maluerit.

188 1955 258 2022 ln
298 1956 591 2023 Platonis
645 1957 786 2023 loco
843 1958 1061 2024 Floril.
1112 1959 1200 2025 29
1217 2008 1235 2039 ,
1300 1960 1408 2025 81.
1456 1960 1791 2025 venationis
1834 1981 2038 2023 amam
2081 1980 2198 2045 pro
2241 1960 2563 2041 φιλόθηρος

190 2061 541 2148 appellatur
603 2062 1059 2146 φιλομάχθηρος
1082 2114 1099 2142 ,
1171 2086 1367 2150 quam
1427 2068 1736 2131 eximiam
1791 2063 2133 2130 lectionem
2195 2063 2563 2130 Meinekius

190 2166 398 2233 sedulo
443 2170 745 2234 servavit.
815 2168 1024 2234 Lubet
1065 2171 1135 2236 in
1180 2190 1309 2237 uno
1350 2171 1493 2237 loco
1534 2171 1722 2256 plura
1763 2169 2131 2234 istiusmodi
2174 2172 2565 2256 ineptiarum

192 2272 475 2358 exempla
521 2294 905 2359 expromere.
976 2273 1052 2339 In
1095 2274 1314 2340 F'loril.
1364 2274 1452 2339 44
1467 2323 1487 2354 ,
1538 2273 1627 2341 27
1672 2276 2012 2360 apponitur
2052 2273 2232 2340 locus
2277 2296 2312 2340 e
2357 2274 2567 2341 Xeno-

191 2376 437 2461 phontis
496 2376 720 2443 libello
765 2380 897 2460 περὶ
944 2387 1055 2454 τῆς
1103 2380 1606 2458 Λακεδαιμονίων
1650 2380 1972 2452 πολιτείας
2018 2378 2132 2444 ΠΙ.
2183 2378 2246 2444 4.
2293 2380 2408 2445 ubi
2450 2399 2566 2465 pro

194 2479 594 2558 ἐπέταξεν
657 2484 823 2559 ἐντὸς
880 2489 985 2551 τοῦ
1049 2484 1298 2564 ίματίου
1343 2486 1429 2553 τὼ
1477 2493 1652 2570 χεῖρε
1701 2482 1869 2565 ἔχειν
1913 2484 2262 2574 legendum
2309 2486 2433 2552 tibi
2477 2486 2568 2552 of-

193 2585 384 2653 fertur
428 2586 735 2665 ἐπέδειξεν
756 2639 773 2668 ,
840 2595 984 2655 tum
1037 2590 1384 2672 περιόπτειν
1432 2591 1497 2659 δὲ
1544 2592 1846 2671 μηδαμῶς
1892 2612 2007 2676 pro
2052 2591 2451 2673 περιβλέπειν
2499 2597 2566 2658 et

192 2690 257 2755 τὸ
300 2699 537 2776 σῶφρον
595 2715 711 2779 pro
767 2695 839 2759 τὸ
885 2704 1210 2775 σωφρονεῖν
1270 2703 1336 2764 et
1377 2697 1625 2781 Φύσεως
1671 2698 1747 2769 ὥς
1794 2717 1910 2782 pro
1953 2696 2198 2777 Φύσεως
2246 2701 2312 2763 et
2354 2697 2561 2779 φωνὴν

197 2793 259 2869 ἦν
299 2800 564 2864 ἑκοῦσαι
605 2820 721 2885 pro
764 2801 968 2883 φωνην
1012 2801 1307 2875 ἀκούσαις
1331 2810 1397 2869 et
1427 2802 1697 2882 ὄμματα
1733 2799 2089 2880 ςρεψοέντων
2133 2821 2249 2886 pro
2296 2799 2565 2879 ὄμματα

193 2904 614 2986 μεταςρέψαις
676 2911 742 2970 et
797 2906 859 2970 ἐν
923 2913 1051 2980 τοῖς
1109 2908 1459 2990 ὀφθαλμοῖς
1518 2927 1635 2994 pro
1679 2908 1741 2971 ἐν
1786 2915 1914 2978 τοῖς
1961 2905 2266 2983 θαλάμοις
2292 2956 2309 2985 ,
2371 2927 2569 2993 eaque

195 3012 398 3074 omnia
431 3002 605 3075 intra
634 3031 866 3076 novem
902 3032 1209 3078 versuum
1245 3017 1528 3099 spatium
1565 3014 1966 3080 continentur
1982 3057 2000 3088 ,
2050 3011 2159 3076 sed
2203 3014 2420 3078 omnia
2464 3033 2570 3077 ex-

196 3122 438 3200 superat
500 3116 672 3201 quod
727 3123 871 3201 post
931 3138 1134 3202 pauca
1174 3116 1451 3206 legitur:
1515 3119 1826 3199 αἱροῦνται
1875 3118 1926 3182 ol
1966 3118 2224 3199 Ἔφοροι
2272 3154 2359 3166 -
2404 3124 2568 3198 τρεῖς

195 3215 426 3300 ἄνδρας.
477 3258 564 3309 -ή
608 3222 838 3287 τούτων
885 3223 949 3287 δὲ
994 3219 1215 3297 ἕκαςος
1258 3222 1462 3304 ἅνδρΛ
1511 3219 1803 3290 ἕκαΕΤον
1835 3221 2206 3299 καταλέγει.
2302 3220 2569 3289 Constat

197 3324 352 3389 inter
395 3345 616 3392 omnes
659 3325 1149 3412 Xenophontem
1195 3331 1519 3415 scripsisse
1563 3335 1655 3410 (et
1695 3330 1822 3394 nisi
1868 3333 2182 3395 constaret
2224 3334 2397 3395 certa
2432 3349 2574 3396 con-

197 3430 428 3496 iectura
473 3431 554 3495 ab
599 3451 977 3517 unoquoque
1021 3436 1239 3519 reponi
1281 3437 1619 3520 potuisset)
1636 3453 1655 3497 ¹:
1705 3430 1923 3506 ἔκαε-ος
1969 3432 2226 3514 ἄνδρΑΟ
2272 3433 2572 3499 ἘΚΛτὸν

197 3536 556 3614 καταλέγει.
627 3534 797 3616 Quid
840 3539 1046 3625 igitur
1088 3560 1313 3605 causae
1351 3560 1483 3605 esse
1521 3541 1734 3625 potuit
1773 3559 1887 3605 cur
1922 3537 2290 3604 Meinekius
2308 3584 2326 3614 ,
2370 3557 2574 3623 quum

91 3701 92 3704 ,
195 3638 353 3707 locos
390 3640 726 3728 Florilegii
771 3645 1151 3731 quingentos
1195 3647 1424 3730 spretis
1469 3642 1782 3710 Codicum
1827 3646 2089 3729 ineptiis
2134 3645 2203 3707 in
2241 3641 2572 3730 integrum

196 3748 568 3812 restituisset
583 3794 601 3824 ,
665 3748 810 3812 istis
873 3747 1307 3814 deliramentis
1350 3752 1702 3835 pepercerit
1747 3754 1813 3814 et
1856 3747 2048 3829 ἄνδρα
2096 3744 2316 3816 ἕκατον
2365 3770 2572 3813 κατα·

199 3848 358 3927 λέγει
425 3857 490 3918 et
554 3853 900 3932 περιάπτειν
961 3861 1026 3920 et
1090 3857 1235 3920 sim.
1302 3854 1527 3921 lectori
1595 3851 2010 3941 apposuerit?
2099 3851 2368 3939 Saepius
2432 3853 2574 3919 vidi

201 3952 405 4020 ἑκατόν
465 3959 534 4022 in
593 3953 813 4026 ἕκαστον
872 3958 1253 4027 stultissime
1307 3967 1678 4046 corruptum
1696 4008 1714 4039 ,
1776 3966 1854 4024 ut
1900 3959 2070 4045 apud
2113 3957 2454 4024 Platonem
2503 3958 2578 4022 de

200 4057 440 4140 Leqibm
483 4083 630 4150 pag.
657 4061 810 4127 932.
858 4080 914 4129 c.
963 4065 1048 4137 εἰς
1094 4063 1433 4146 δικαςήριον
1479 4067 1851 4144 εἰσαγόντων
1897 4065 2126 4136 αὐτοὺς
2173 4066 2259 4136 εἷς
2306 4060 2416 4128 ἕνα
2459 4061 2566 4128 καὶ

201 4159 542 4233 ἕκαΟΤΟΝ
588 4174 708 4233 τῶν
754 4176 1016 4234 πολιτῶν
1062 4166 1270 4245 οἵτινες
1319 4169 1396 4235 ἂν
1438 4167 1543 4236 ὦσι
1582 4169 2004 4251 πρεσβύτατοι
2044 4169 2339 4236 ἁπάντων
2364 4220 2381 4249 ,
2433 4174 2573 4235 tan·

203 4267 338 4334 dem
381 4272 708 4339 Bekkerus
749 4276 916 4342 vidit
961 4272 1068 4342 ἕνα
1115 4277 1220 4342 καὶ
1270 4277 1574 4344 ἓκοιΤΟΝ
1625 4298 1850 4344 verum
1908 4295 2062 4342 esse.
