2934 5050
353 278 484 343 226
1342 292 1744 342 anseranum

446 458 650 526 Venio
697 456 823 524 iam
874 454 955 522 ad
1004 453 1269 524 Heroica
1318 459 1425 526 ubi
1476 460 1695 528 editur
1741 479 1801 547 p.
1851 440 2006 527 661.
2063 460 2242 543 ἀροῦν
2286 460 2391 527 καὶ
2435 458 2683 545 φυτεύειν

354 564 459 633 καὶ
509 564 673 631 ἄλλο
711 564 811 630 ἐπ’
860 561 1036 648 ἄλλῳ
1082 573 1362 646 ΠΟΙεῑν,
1407 566 1521 634 sed
1568 587 1793 635 verum
1843 574 1943 633 est
1988 573 2287 634 ΠΟΝεῖν.

445 745 905 813 Demosthenes
957 747 1204 814 dixerat
1247 757 1394 816 noto
1434 749 1603 816 loco:
1652 750 1750 818 δεῖ
1789 750 1852 816 δὲ
1892 747 2236 832 χρημάτων
2272 748 2380 814 καὶ
2424 744 2560 814 ἀνευ
2582 746 2693 817 τού-

349 878 467 921 των
515 854 678 921 οὐδὲν
724 852 813 924 ἔςι
862 854 1147 932 γενέσθαι
1193 862 1312 921 τῶν
1358 854 1648 935 δεόντων,
1699 875 1976 942 quorum
2021 873 2269 921 memor
2308 854 2694 921 Philostratus

354 981 497 1048 pag.
539 963 665 1027 661
714 960 802 1025 ita
844 957 1037 1025 dixit:
1079 962 1207 1028 δεῖ
1238 962 1365 1043 γάρ
1405 961 1512 1028 καὶ
1555 962 1833 1047 γεωργίᾳ
1869 962 2321 1045 χρημάτων
2359 961 2497 1029 καὶ
2536 960 2699 1026 ἄνευ

351 1066 648 1134 τούτων
693 1066 833 1132 οὔτε
878 1062 1098 1148 ἀρότην
1142 1066 1377 1149 θρέψεις
1426 1068 1567 1135 οὔτε
1614 1067 2073 1150 ἀμπελουργόν.

443 1248 593 1333 Pag.
645 1250 797 1313 666.
862 1247 1310 1330 κατασχούσης
1375 1248 1438 1316 δὲ
1485 1257 1597 1325 τῆς
1653 1251 1794 1323 νεὼς
1842 1250 1902 1322 ἐς
1949 1252 2315 1317 Ἐλεοῦντα.
2412 1246 2702 1332 Quamdiu

352 1352 486 1419 olea
534 1351 721 1419 ἔλαια
767 1352 1194 1440 appellabitur
1245 1357 1396 1440 (non
1446 1354 1622 1445 ἕλέα)
1679 1354 1925 1422 tamdiu
1978 1355 2130 1422 urbs
2176 1354 2257 1421 ab
2306 1354 2585 1421 olearum
2624 1374 2705 1419 co-

356 1460 458 1545 pia
510 1478 738 1524 nomeu
792 1458 1033 1527 babens
1077 1463 1366 1537 Ἐλαιοῦς
1419 1465 1572 1553 (non
1618 1467 1901 1541 Ἐλεοῦς)
1953 1462 2078 1527 erit
2126 1459 2522 1547 appellanda.
2591 1459 2705 1541 Quo

353 1584 560 1653 usque
607 1563 864 1631 taudem
915 1572 1047 1631 tam
1103 1568 1439 1635 manifesta
1490 1570 1646 1634 vitia
1695 1568 2007 1635 editiones
2054 1563 2513 1632 maculabunt?
2561 1563 2705 1645 Quo·

352 1672 474 1738 ties
522 1672 894 1737 etiamnunc
939 1673 1158 1738 editur
1204 1674 1637 1757 Κυναίγειρος,
1688 1674 2136 1739 babet.tamen
2184 1693 2416 1740 nomen
2459 1673 2622 1753 παρὰ
2649 1671 2706 1736 τὸ

353 1779 493 1852 τοὺς
565 1778 751 1851 κύνας
824 1778 1096 1859 ἐγείρειν.
1193 1781 1458 1848 Accedit
1532 1789 1873 1868 poetarum
1942 1779 2297 1845 auctoritas
2370 1787 2710 1844 constanter

355 1884 708 1967 Κυνέγειρος
772 1884 1222 1951 scribentium.
1315 1886 1449 1952 Nou
1504 1885 1797 1952 audiunt.
1885 1885 2108 1966 ,Quam
2164 1904 2310 1949 raro
2358 1882 2708 1950 adverbium

355 1992 569 2067 ἀνέδην
632 1990 692 2055 id
758 1999 854 2056 est
918 1992 1242 2069 ἀνειμένως
1310 2011 1345 2059 e
1408 1993 1771 2058 scribarum
1826 1989 2124 2056 manibus
2174 1989 2468 2057 illaesum
2518 1989 2710 2056 evasit.

356 2097 644 2172 ’Λναίδην
686 2104 784 2162 est
823 2097 886 2161 in
931 2095 1112 2164 libris
1153 2100 1347 2163 etiam
1392 2098 1655 2184 optimis
1696 2095 1827 2162 l'ere
1869 2096 2125 2183 ubique.
2174 2096 2257 2163 Et
2295 2095 2712 2161 dubitabimus

358 2195 551 2269 etiam
619 2203 853 2289 spretis
915 2201 1097 2268 libris
1159 2204 1459 2269 omnibus
1516 2203 1577 2268 id
1638 2203 1963 2290 recipere,
2014 2201 2179 2289 quod
2233 2211 2296 2268 et
2347 2211 2525 2269 certa
2570 2202 2713 2269 ratio

358 2290 586 2375 suadet
639 2315 704 2374 et
751 2317 1054 2374 constans
1105 2310 1393 2375 omnium
1448 2328 1603 2375 usus
1651 2306 2032 2376 confirmat?
2530 2328 2536 2335 ·

454 2476 525 2542 In
594 2473 876 2541 Heroicis
916 2495 1077 2563 pag.
1123 2480 1253 2544 668
1300 2475 1551 2544 editur:
1601 2477 1652 2543 εἶ
1701 2476 2102 2556 μυθολογικὸς
2150 2472 2219 2554 ἦν
2265 2474 2372 2542 τὸν
2416 2481 2524 2544 τοῦ
2569 2475 2715 2558 Ὀρέ-

360 2607 467 2654 :ov
514 2581 712 2665 νεκρὸν
758 2580 936 2665 διῄειν
984 2583 1063 2650 ἂν
1107 2579 1170 2650 ὃν
1207 2582 1585 2664 ἑπτάπηχυν
1627 2584 1687 2648 ἐν
1726 2581 1996 2667 ΝΕΜέᾳ
2035 2582 2514 2661 Λακεδαιμόνιοι
2553 2580 2720 2663 εὖρον.

361 2690 441 2757 Ut
489 2689 722 2777 reliqui
772 2708 1028 2764 omnes,
1076 2690 1168 2755 sic
1221 2688 1532 2756 Rhetores
1571 2709 1826 2776 quoque
1873 2697 1937 2755 et
1979 2686 2315 2775 Sophistae
2356 2688 2575 2756 sedulo
2611 2689 2721 2755 He·

363 2795 570 2862 rodoti
633 2795 946 2860 Historias
1010 2793 1300 2861 lectitare
1364 2793 1690 2872 solebant,
1760 2802 1823 2860 et
1891 2813 2055 2881 quae
2104 2794 2337 2860 exilio
2382 2795 2723 2864 afferuntur

366 2901 631 2989 perinde
696 2908 767 2967 ut
827 2900 1161 2967 Homerica
1212 2902 1432 2966 statim
1483 2899 1563 2966 ab
1612 2899 1912 2966 omnibus
1960 2908 2432 2986 agnoscuntur.
2530 2900 2721 2968 Veluti

366 3007 532 3096 quod
601 3007 841 3092 legitur
908 3007 968 3070 in
1036 3005 1163 3070 vita
1228 3005 1573 3072 Alexandri
1640 3005 1975 3092 Sophistac
2028 3027 2089 3090 p.
2144 3011 2296 3073 757.
2349 3008 2720 3091 ὑπισχνεῖται

365 3122 491 3187 τοῖς
553 3111 1060 3190 Λακεδαιμονίοις
1125 3111 1444 3190 βοηθήσειν
1507 3114 1534 3178 ό
1583 3113 1837 3186 Πύθιος·
1890 3111 2227 3195 ψεύδεται·
2299 3111 2487 3189 οὕτως
2532 3116 2720 3184 αὐτοῖς

363 3218 471 3286 καὶ
534 3217 788 3297 Τεγέαν
848 3218 1322 3297 ἐπηγγεΙλατο,
1387 3217 1556 3306 quod
1608 3220 1717 3305 qui
1769 3217 2115 3285 audiebant
2164 3238 2389 3286 omnes
2440 3219 2721 3288 continuo

365 3322 876 3391 recordabantur
923 3342 1086 3409 quae
1133 3325 1374 3410 scripta
1422 3333 1578 3391 sunt
1622 3323 1791 3411 apud
1841 3323 2234 3392 Herodotum
2286 3327 2337 3394 l.
2389 3331 2501 3394 66.

824 3431 987 3498 δώσω
1033 3452 1125 3495 τοι
1170 3430 1416 3510 Τεγέην
1456 3432 1846 3512 ποσσΙκροτ-ον
1891 3434 2298 3512 ὀρχήσασθαι.

458 3535 579 3602 Sed
644 3534 936 3602 Editores
985 3555 1107 3600 non
1159 3545 1340 3606 erant
1390 3535 1469 3602 ab
1523 3535 1819 3602 Herodoti
1871 3536 2141 3604 lectione
2191 3546 2485 3604 recentes
2528 3537 2632 3623 qni
2673 3534 2725 3597 ἐν

364 3643 588 3727 Νεμέα
637 3643 1086 3719 retinuerunt,
1138 3661 1338 3728 quum
1379 3663 1454 3709 ex
1484 3642 1800 3710 Herodoto
1826 3643 1875 3709 1.
1925 3647 2033 3710 68.
2084 3645 2147 3709 ἔν
2168 3643 2416 3730 Τε-Γέᾳ
2444 3657 2723 3731 reponere

365 3747 708 3824 deberent.
766 3745 1196 3833 similiterque
1261 3767 1402 3834 pag.
1453 3753 1606 3814 575.
1671 3748 1776 3814 τὸν
1836 3748 2251 3829 ἈρτάβαΖον
2297 3737 2719 3832 ἀγωνιζόμενον

361 3853 466 3920 τὸν
521 3854 996 3936 ἀπαγορεύοντα
1057 3855 1142 3935 τξό
1193 3852 1377 3936 Ξέρξῃ
1421 3856 1512 3932 μὴ
1556 3855 1874 3934 spanum
1918 3856 2021 3920 ἐπὶ
2070 3858 2180 3929 τὴν
2228 3857 2552 3934 Ἐλλάδα,
2596 3868 2722 3918 cer·

364 3968 501 4026 tum
552 3965 652 4027 est
696 3980 773 4025 ex
825 3959 1142 4026 Herodoto
1188 3959 1323 4026 vlt.
1376 3965 1456 4025 10
1495 3961 1919 4041 ’ΛρτάβαΝον
1954 3980 2068 4046 pro
2091 3957 2507 4042 ’ΛρτάβαΖόν
2529 3976 2725 4028 emen·

366 4065 508 4133 dari
572 4075 888 4152 oportere.
982 4064 1164 4150 Quod
1226 4074 1325 4132 est
1389 4066 1455 4132 in
1527 4064 1807 4136 Ileroae'cie
1852 4086 1915 4152 p.
1970 4070 2123 4132 672.
2171 4066 2243 4131 τὸ
2289 4069 2478 4149 ἱερὸν,
2526 4068 2585 4132 ἓν
2624 4059 2726 4145 ᾥὸ

362 4174 572 4251 Μῆδος
623 4169 900 4258 ὕβριζεν,
952 4173 1016 4237 έν
1059 4168 1103 4253 ᾧ
1150 4171 1256 4239 καὶ
1307 4172 1379 4239 τὸ
1425 4169 1687 4254 τάριχος
1726 4172 1990 4251 ἀνεβίω,
2040 4176 2220 4238 τοῦτο
2261 4174 2456 4251 ἡγοῦ,
2502 4168 2544 4238 ὦ
2582 4169 2726 4248 ξένε.

362 4278 825 4346 καταλεΙπεται
871 4279 934 4344 δὲ
983 4279 1175 4343 αὑτοῦ
1224 4278 1362 4360 δρᾷς
1409 4279 1486 4352 ἀς
1536 4278 1764 4356 ὀλίγα,
1815 4286 2104 4343 sumtum
2155 4297 2233 4343 ex
2278 4278 2591 4354 Herodoto
2630 4272 2725 4342 lX.

367 4390 495 4453 120
556 4383 691 4451 leve
753 4384 985 4450 vitium
1053 4384 1396 4448 contraxit.
1496 4382 1755 4449 Duobus
1820 4382 2034 4449 verbis
2099 4386 2510 4472 transpositis
2568 4382 2724 4467 lege:
