2934 5050
291 264 419 329 142
1084 287 1170 333 An
1217 286 1530 335 Puroms
1573 284 1880 335 seusun.

302 476 382 520 cu
440 454 684 519 similia
729 458 840 539 qui
885 454 1216 523 Socratem
1262 458 1593 522 existimat
1638 456 1844 523 dicere
1889 455 2170 539 potuisse
2215 454 2411 538 idque
2457 455 2528 518 in
2575 451 2687 517 ad-

286 562 642 628 versarium
691 561 1018 628 devictum
1066 569 1131 628 et
1176 561 1590 650 profligatum
1606 608 1625 639 ,
1689 550 1809 627 nae
1853 560 1967 625 ille
2012 548 2292 626 Socratis
2335 558 2688 646 ingenium

283 667 590 733 festivum
637 672 702 732 et
748 665 1039 752 lepidum
1084 674 1149 734 et
1191 668 1512 734 urbanum
1549 668 1838 734 nondum
1874 669 2031 732 satis
2068 668 2404 754 cognitum
2436 669 2504 728 et
2541 682 2688 748 per-

281 777 571 857 spectum
632 771 863 839 habere
925 776 1065 839 iure
1107 773 1452 841 videbitur.
1545 771 1883 839 Praeterea
1927 773 2075 839 vide
2118 792 2316 858 quam
2359 773 2686 855 importu-

279 899 430 944 nam
478 878 694 944 sedem
740 878 1060 945 emblema
1115 880 1538 965 occupaverit.
1634 875 1931 945 Callicles
1972 876 2142 943 nihil
2184 879 2314 942 ista
2353 874 2687 962 petulanti

282 983 591 1049 derisione
612 988 829 1049 motus
870 985 1036 1070 quod
1073 985 1281 1050 dicere
1318 989 1608 1070 coeperat
1644 986 1930 1071 peragit:
1975 992 2210 1049 OTAe
2241 981 2322 1060 γε’
2358 1005 2464 1059 μοι
2488 980 2682 1058 μέλει

283 1088 448 1153 οὐδὲν
519 1086 596 1154 ὧν
660 1089 737 1154 σὺ
804 1089 1011 1168 λέγεις
1080 1091 1187 1155 καὶ
1232 1090 1462 1156 ταῦτα
1520 1114 1608 1156 σοι
1673 1091 1926 1169 Γοργίου
1984 1091 2174 1169 χάριν
2217 1088 2680 1168 ἀπεκρινάμην.

280 1195 629 1260 Videtur-ne
678 1195 800 1261 tibi
848 1197 1167 1263 audivisse
1215 1217 1293 1261 ex
1339 1194 1630 1262 Socrate:
1680 1192 1854 1261 οὗτοι
1897 1194 2043 1276 ἀνὴρ
2092 1232 2180 1243 —-
2219 1190 2682 1275 κολαζόμενοι-ἵ

280 1300 415 1366 Nec
459 1303 703 1366 mirum
723 1348 741 1379 ,
808 1322 959 1369 nam
1018 1303 1250 1369 multis
1290 1304 1448 1370 haec
1492 1308 1638 1390 post
1681 1301 2011 1369 Socratem
2056 1301 2325 1369 saeculis
2367 1307 2525 1367 nata
2569 1299 2682 1366 de-

279 1427 467 1471 mum
508 1409 710 1472 oratio
756 1412 872 1472 est.

370 1510 572 1598 Saepe
654 1510 919 1578 lectores
986 1513 1142 1599 quid
1212 1516 1491 1580 sentiant
1558 1516 1725 1581 inter
1790 1514 2141 1603 legendum
2208 1517 2278 1579 in
2342 1533 2455 1579 ora
2517 1511 2680 1577 libri

280 1615 635 1683 adscribere
678 1616 901 1683 solent.
948 1618 1109 1706 Pag.
1149 1618 1301 1685 506.
1328 1638 1391 1686 D.
1431 1619 1623 1686 Plato
1667 1620 1950 1686 dixerat:
2001 1624 2036 1696 ἦ
2078 1622 2267 1700 ἀρετ-ἢ
2303 1620 2436 1699 οὐχ
2479 1615 2678 1690 οὕτως

281 1723 412 1804 εἰκῇ
463 1723 932 1803 παραγίγνεται
954 1774 972 1799 ,
1023 1725 1523 1795 admirabundus
1570 1725 1889 1792 exclamat
1931 1725 2133 1792 lector
2172 1727 2385 1791 nescio
2420 1726 2568 1810 quis
2601 1726 2678 1789 in

278 1830 571 1917 margine
633 1826 951 1898 κοίλλιςαί
1015 1829 1238 1916 Itaque
1282 1831 1591 1897 edebatur
1634 1833 1754 1913 οὐχ
1800 1828 1986 1904 οὕτως
2032 1833 2164 1914 εἰκῇ
2209 1830 2494 1899 καλλιςα
2537 1853 2678 1895 ’τα-

280 1938 651 2016 ραγίγνεται
678 1985 693 2011 ,
738 1934 934 2001 donec
974 1932 1201 2002 Coralis
1240 1939 1482 2022 optime
1522 1936 1806 2006 καλλιςα
1845 1939 2190 2024 expunxit,
2229 1957 2424 2023 quem
2443 1934 2680 2001 Editor

281 2043 419 2106 iure
466 2043 774 2126 sequitur.

370 2144 484 2211 Ut‘
506 2145 762 2212 redeam
807 2147 887 2212 ad
932 2145 1288 2213 emblema:
1335 2143 1507 2221 οὗτος
1553 2148 1700 2229 ἀνὴρ
1735 2187 1822 2198 -—
1848 2147 2255 2231 κολαζόμενος
2279 2198 2296 2226 ,
2338 2167 2534 2234 quam
2579 2149 2677 2212 sit

280 2257 651 2337 protervum
707 2272 781 2337 ac
840 2252 1134 2338 petulans
1193 2273 1268 2318 ea
1325 2254 1535 2319 forma
1594 2253 1895 2341 loquendi
1954 2258 2055 2321 uti
2103 2258 2344 2341 optime
2389 2252 2678 2320 ostendit

280 2354 613 2421 Heindorf.
661 2356 742 2420 ad
784 2376 930 2443 pag.
961 2355 1113 2422 499.
1150 2376 1210 2423 Β.
1259 2359 1458 2423 οὑτοσὶ
1507 2359 1655 2440 ἀνὴρ
1703 2363 1769 2426 οὐ
1819 2365 2135 2427 παύσεται
2180 2366 2494 2439 Φλυαρῶν.
2545 2357 2678 2424 Po·

279 2461 384 2528 lus
450 2481 597 2549 pag.
647 2457 800 2525 467.
860 2480 925 2527 A.
997 2463 1220 2529 eadem
1284 2466 1772 2552 importunitate
1826 2472 2115 2554 coeperat
2178 2467 2421 2534 dicere:
2490 2460 2673 2536 οὗτος

281 2566 429 2645 ἁνήρ
480 2607 558 2617 -
608 2566 719 2632 sed
777 2568 972 2632 media
1031 2570 1099 2633 in
1148 2592 1285 2635 voce
1326 2572 1575 2638 resistit.
1671 2572 1930 2660 Optime
1975 2573 2333 2641 Scholiasta
2376 2572 2458 2639 ad
2501 2572 2569 2637 h.
2617 2570 2670 2638 L

280 2669 391 2754 ὅρα
436 2676 546 2748 τὴν
595 2673 739 2753 πρὸς
802 2673 1034 2756 ἐτέρους
1096 2682 1202 2741 τοῦ
1252 2677 1442 2756 λόγου
1490 2680 1849 2761 αποςροφῆν
1895 2675 2038 2756 ὅσην
2083 2684 2191 2744 τοῦ
2239 2678 2670 2750 Καλλικλέους

281 2780 385 2844 καὶ
437 2779 610 2843 κατὰ
670 2786 903 2861 σχῆμα
968 2790 1486 2847 ΘΡΛΕΤΤΗΤΑ
1539 2784 1854 2851 δείκνυσιν.
1951 2784 2333 2851 Rectissime
2380 2791 2448 2850 et
2493 2784 2672 2848 κατὰ

284 2893 512 2963 σχῆμα
576 2885 825 2950 addidit
839 2933 856 2963 ,
924 2907 1076 2952 nam
1136 2889 1246 2973 qui
1305 2889 1400 2953 ita
1445 2888 1727 2975 aliquem
1771 2891 1965 2957 habet
2008 2891 2362 2977 despicatui
2378 2937 2396 2968 ,
2469 2892 2673 2956 etiam

279 2991 507 3056 habitu
569 2998 634 3056 et
695 3011 848 3056 voce
906 2991 1237 3057 fastidium
1299 2999 1365 3059 et
1420 2999 1819 3062 contemtum
1879 2997 2161 3063 hominis
2211 2995 2496 3062 ostendit
2511 3043 2530 3075 ,
2593 3003 2676 3062 ut

281 3093 569 3161 Socrates
611 3098 680 3160 in
725 3096 1001 3160 Nubibus
1045 3118 1140 3164 vs.
1189 3096 1344 3165 492.

734 3199 1033 3281 ἅνθρωπος
1079 3204 1327 3281 ἀμαθὴς
1374 3206 1576 3270 οὑτοσὶ
1624 3207 1727 3272 καὶ
1774 3206 2119 3287 βάρβαρος.

370 3303 571 3392 Saepe
631 3308 721 3372 sic
779 3305 1238 3374 Demosthenes
1298 3315 1362 3375 et
1413 3311 1760 3377 Aeschines
1802 3314 1948 3379 odio
1994 3313 2235 3379 incensi
2277 3313 2446 3379 hanc
2491 3313 2668 3380 κατὰ

278 3419 509 3492 σχῆμα
570 3410 924 3493 θρασύτητα
987 3413 1423 3493 ἐνδείκνυνται,
1499 3423 1565 3483 et
1624 3417 1954 3485 credemus
2014 3417 2342 3488 Socratem
2384 3418 2667 3485 hilarem

277 3523 343 3584 et
378 3520 664 3584 iocosum
707 3520 956 3595 virum,
1007 3518 1293 3604 deposita
1326 3503 1580 3607 repente
1622 3523 2048 3590 urbanissima
2084 3525 2350 3605 εἰρωνείᾳ
2367 3573 2383 3597 .
2425 3545 2503 3591 eo
2525 3545 2667 3610 pro-

276 3625 595 3690 tervitatis
652 3624 984 3709 procedere
1040 3627 1319 3709 potuisse
1364 3627 1556 3712 idque
1601 3649 1667 3694 se
1714 3626 2050 3696 Calliclem
2093 3632 2375 3696 nimium
2418 3634 2668 3717 patien-

276 3733 375 3794 ter
419 3726 821 3796 dissimulare
868 3729 1205 3796 audivisse.
1308 3732 1521 3798 Credat
1567 3733 1833 3799 Iudam
1874 3736 2125 3819 Apella,
2173 3758 2292 3800 non
2337 3758 2463 3817 eyo.

363 3937 523 4025 Pag.
551 3935 702 4002 505.
728 3954 791 4002 D.
842 3938 950 4003 ἐὰν
998 3939 1061 4005 δὲ
1107 3942 1239 4018 ἐμοὶ
1287 3944 1461 4026 πείθῃ
1507 3942 1711 4017 ἐάσεις
1755 3945 1998 4025 χαίρειν
2044 3950 2257 4012 τοῦτον
2302 3947 2409 4013 τὸν
2451 3948 2666 4027 λόγον.

272 4041 489 4107 Etiam
529 4064 697 4108 nunc
740 4042 928 4110 Plato
974 4046 1122 4128 πιθῃ
1169 4047 1460 4125 dederat,
1511 4068 1636 4115 non
1682 4052 1892 4136 mles.
1969 4051 2045 4117 In
2090 4052 2194 4118 his
2237 4052 2391 4138 quid
2433 4075 2670 4122 verum

272 4149 358 4211 sit
401 4153 758 4212 monstrant
801 4147 927 4215 loci
971 4157 1325 4236 poetarum.
1419 4151 1762 4241 Sophocles
1806 4157 1997 4222 Elect-
2044 4155 2202 4224 938.

1513 4260 1623 4327 ἐὰν
1670 4260 1735 4327 δέ
1781 4286 1884 4340 μοι
1933 4262 2077 4344 πίθῃ

633 4364 741 4431 τῆς
791 4364 890 4424 νῦν
937 4360 1243 4439 παθούσης
1292 4368 1622 4447 συμφορᾶς
1670 4366 1875 4441 λύσεις
1922 4367 2134 4448 βάρος.
