2934 5050
306 275 432 340 148
1098 282 1568 331 oman-nom
1610 280 1882 330 cunm:
2833 0 2883 400 ἱ

293 477 445 523 nam
494 473 709 542 pugna
768 452 1053 519 fratrum
1102 453 1375 518 istorum
1428 449 1805 516 Petosiridis
1850 460 1915 517 et
1961 449 2377 539 Thyamidis,
2422 449 2535 535 qui
2586 483 2672 499 -

295 561 465 650 quod
539 561 875 626 rarissime
948 557 1186 624 accidit
1242 593 1331 608 —-
1378 577 1456 623 ex
1497 556 1890 644 archipirata
1936 554 2234 622 sacerdos
2279 555 2481 621 factus
2531 564 2679 634 est,

296 665 679 735 adumbrata
747 674 846 731 est
899 663 981 729 ad
1029 662 1522 730 similitudinem
1586 663 1967 730 certaminis
2011 667 2186 728 inter
2253 660 2566 728 Achillem
2619 669 2685 727 et

298 773 677 850 Hectorem,
749 772 843 837 ita
907 780 982 837 ut
1042 771 1215 837 inter
1275 767 1620 854 legendum
1696 770 1804 835 vix
1873 769 2077 855 possis
2134 765 2419 853 lepidum
2479 773 2690 853 caput

299 900 426 946 non
475 887 889 945 contemnere
949 876 1126 952 eiuS,
1193 876 1305 961 qui
1352 883 1485 940 tam
1537 872 1984 961 improbabilia
2031 872 2275 959 fingere
2319 891 2514 938 ausus
2571 872 2687 937 sit.

298 985 484 1071 Ipsae
545 1003 802 1071 quoque
865 981 1181 1049 dramatis
1247 999 1558 1066 personae
1622 979 1898 1047 libenter
1960 979 2328 1046 Homericis
2389 976 2696 1044 versibus

305 1098 605 1157 utuntur.
678 1088 918 1154 Rarius
944 1086 1316 1171 Tbeagenes
1363 1105 1480 1151 nec
1524 1085 1656 1152 fere
1695 1085 1820 1151 nisi
1858 1106 1920 1171 p.
1946 1090 2105 1153 407.
2147 1087 2230 1162 6,
2279 1103 2428 1149 raro
2464 1081 2694 1149 Chari-

300 1195 438 1263 clea
503 1216 565 1282 p.
609 1198 767 1261 225.
830 1198 914 1259 28
964 1201 1031 1259 et
1077 1196 1236 1258 286.
1290 1194 1411 1264 20;
1468 1210 1618 1257 raro
1679 1190 2014 1257 Nausicles
2073 1196 2428 1265 mercator,
2489 1187 2697 1254 sicuti

302 1321 364 1386 p.
401 1303 557 1366 506.
612 1304 685 1375 8,
749 1298 858 1364 ubi
920 1296 1201 1363 affirmat
1250 1315 1373 1361 non
1418 1315 1562 1362 esse
1606 1295 1955 1374 ἀπόβλητα
1996 1298 2136 1361 θεῶν
2183 1292 2459 1376 ἐρικυδέα
2505 1293 2695 1375 δῶρα.

301 1405 582 1469 Cnemon
622 1403 882 1489 juvenis
946 1401 1360 1468 Atheniensis
1416 1400 1607 1487 paulo
1665 1401 1922 1488 saepius
1970 1422 2032 1469 v.
2072 1422 2132 1467 c.
2197 1404 2354 1466 257.
2411 1403 2488 1464 11
2541 1397 2697 1465 coll.

303 1529 364 1596 p.
408 1512 559 1574 527.
598 1514 674 1573 41
733 1509 845 1594 qui
888 1507 1068 1574 locus
1092 1506 1329 1573 ductus
1371 1513 1576 1573 estex
1601 1504 1829 1594 Odyss.
1865 1505 2062 1573 xvn.
2088 1508 2256 1583 222,
2304 1526 2368 1591 p.
2398 1508 2554 1571 250.
2585 1508 2701 1581 58,

303 1633 367 1699 p.
418 1617 573 1680 261.
647 1620 732 1681 33
772 1623 840 1680 et
886 1618 1042 1681 285.
1104 1618 1210 1679 57.
1309 1611 1435 1678 Sed
1479 1611 2006 1699 frequentissime
2069 1611 2418 1679 Homerum
2468 1607 2702 1675 laudat

307 1717 618 1785 Galasiris
663 1729 847 1807 pater
887 1721 1159 1785 istorum
1194 1718 1512 1805 Juvenum
1555 1736 1717 1804 quos
1757 1717 1945 1784 modo
1979 1714 2264 1782 vidimus
2306 1715 2702 1801 depugnan-

309 1833 442 1900 tes,
492 1825 603 1911 qui
654 1823 1053 1891 demonstrat
1099 1824 1453 1890 Homerum
1511 1826 1800 1911 Aegypto
1847 1841 1987 1888 esse
2010 1820 2382 1888 oriundum.
2453 1821 2703 1907 Auspi-

305 1936 496 1995 catur
539 1931 973 1997 narrationem
1022 1928 1291 1995 solemni
1343 1927 1624 1993 formula
1664 1925 1907 1992 Ἰλιόθεν
1955 1952 2041 2006 με
2076 1928 2283 2009 φέρεις
2331 1946 2390 2012 p.
2416 1929 2579 1992 258.
2611 1928 2702 1992 52

305 2042 369 2098 et
418 2033 587 2100 redit
634 2034 711 2100 ad
763 2034 1112 2100 Homerum
1166 2056 1228 2122 p.
1273 2037 1429 2099 259.
1482 2036 1606 2109 59,
1653 2033 1765 2117 qui
1816 2031 1993 2098 locus
2040 2031 2318 2099 colorem
2370 2029 2563 2097 duxit
2619 2050 2704 2098 ex

311 2139 521 2223 primo
568 2159 760 2206 versu
808 2137 1129 2228 Odysseae
1191 2147 1256 2206 et
1320 2159 1387 2225 p.
1432 2142 1583 2204 259.
1638 2142 1725 2203 49
1770 2146 2099 2218 τετριγυῖα
2162 2141 2584 2219 repexam-Erae
2635 2146 2706 2205 et

311 2262 369 2327 p.
398 2247 550 2309 260.
584 2250 611 2309 1
668 2252 730 2310 et
782 2265 843 2330 p.
870 2248 1022 2311 264.
1064 2250 1149 2311 59
1188 2254 1247 2310 et
1299 2265 1360 2330 p.
1388 2246 1540 2309 272.
1571 2247 1654 2307 25
1702 2251 1769 2309 et
1819 2264 1877 2327 p.
1905 2246 2062 2309 277.
2096 2248 2179 2310 48
2228 2251 2294 2309 et
2320 2263 2383 2328 p.
2414 2247 2575 2311 282.
2616 2248 2704 2310 52

311 2354 377 2414 et
427 2367 490 2434 p.
532 2353 684 2415 304.
735 2354 772 2415 4
823 2359 886 2415 et
935 2372 997 2437 p.
1040 2355 1193 2420 307.
1244 2354 1329 2416 59
1377 2356 1441 2414 et
1493 2368 1552 2434 p.
1607 2350 1760 2413 515.
1808 2353 1917 2414 55.
2019 2346 2474 2434 vespertinum
2527 2357 2704 2416 tem-

316 2470 438 2538 pus
483 2452 727 2519 indicat
774 2454 868 2520 sic
934 2476 994 2542 p.
1039 2459 1196 2520 312.
1254 2460 1367 2521 13:
1429 2451 1501 2528 ἦν
1547 2452 1662 2532 μὲν
1708 2453 1818 2530 ἤδη
1855 2461 1968 2530 τῆς
2017 2454 2247 2534 ἡμέρας
2294 2449 2396 2519 ὅτε
2443 2454 2705 2538 ἆρόν-μω

312 2557 462 2636 βοῦν
509 2561 810 2643 ἐλευθεροῖ
858 2560 1164 2639 >rna-avoc,
1226 2559 1395 2647 quod
1460 2558 1851 2645 perridicule
1913 2558 2162 2625 dictum
2220 2568 2355 2636 est,
2420 2578 2580 2625 nam
2635 2579 2711 2626 eo

293 2669 603 2750 ‚tempore
665 2664 870 2732 bonus
940 2664 1249 2732 Calasiris
1314 2663 1658 2749 navigabat
1723 2666 1785 2730 in
1859 2664 2071 2731 medio
2144 2667 2329 2731 mari.
2427 2665 2500 2730 P.
2571 2672 2706 2733 511

319 2778 586 2855 apparet
647 2771 709 2837 ei
788 2774 850 2836 in
926 2772 1174 2837 somnio
1253 2770 1555 2860 UlysseS,
1618 2789 1810 2855 quem
1873 2772 2096 2836 statim
2159 2771 2483 2855 agnoscit,
2545 2775 2716 2860 quia

322 2874 675 2953 ἐπιγουνίδα
725 2877 1072 2958 ὑποφαίνει.
1170 2875 1337 2957 Quin
1379 2877 1443 2940 in
1497 2877 1632 2960 ipsa
1672 2875 1861 2941 domo
1898 2873 2281 2943 Oroondatis
2316 2876 2458 2942 lena
2499 2897 2717 2964 quae-

266 2977 466 3059 ‘dam
541 2981 619 3047 ad
690 2984 971 3047 Arsacen
1043 3001 1306 3047 uxorem
1382 2982 1523 3046 eius
1596 3000 1659 3066 p.
1708 2985 1864 3047 559.
1936 2986 2020 3048 49
2086 2983 2297 3047 utitur
2357 2984 2715 3068 proverbio

320 3085 564 3166 χρύσεα,
608 3087 924 3169 χαλκείων
972 3094 1037 3154 et
1086 3088 1326 3153 Arsace
1377 3087 1548 3173 ipsa,
1596 3085 1726 3152 filia
1770 3088 1943 3172 regis
1986 3087 2326 3153 Persarum
2368 3107 2426 3173 p.
2457 3092 2624 3156 559.
2671 3093 2714 3156 9

327 3206 455 3253 non
498 3191 837 3257 immemor
876 3190 997 3257 suit
1037 3190 1335 3257 versiculi
1376 3193 1476 3258 ἐπὶ
1516 3190 1692 3273 ξυροῦ
1728 3189 1944 3262 ἵςαται
1983 3193 2230 3270 ἀκμῆς,
2282 3190 2450 3257 unde
2488 3194 2716 3261 verbis

326 3294 463 3359 suis
509 3297 826 3380 quaesivit
875 3294 1173 3362 colorem.
1247 3294 1369 3361 Sed
1421 3294 1539 3362 hoc
1594 3299 1814 3362 minus
1839 3296 1976 3382 jam
2017 3296 2287 3363 sortasse
2327 3298 2716 3368 mirandum

325 3406 463 3471 est.
514 3400 569 3466 si
633 3399 892 3486 quidem
955 3400 1034 3465 de
1092 3401 1513 3488 Aethiopibus
1577 3402 1875 3467 novimus
1937 3401 2341 3489 philosophos
2399 3410 2471 3469 et
2520 3423 2718 3493 reges

327 3504 608 3572 multum
656 3525 887 3594 operae
930 3504 1084 3573 dare
1130 3506 1349 3573 solitos
1397 3505 1598 3573 fuisse
1643 3505 1886 3573 Graeco
1933 3510 2249 3586 sermoni,
2296 3505 2467 3595 quod
2515 3508 2719 3580 doce-

330 3630 480 3678 mur
528 3632 585 3698 p.
628 3618 783 3681 587.
838 3618 943 3679 47.

428 3715 719 3785 Aliorum
761 3719 1153 3805 scriptorum
1194 3718 1475 3784 imitatio
1513 3717 1728 3785 rarius
1768 3725 2055 3804 apparet.
2149 3718 2361 3787 Semel
2400 3717 2722 3791 landatur

335 3821 651 3890 Hesiodus
714 3845 773 3911 p.
821 3828 975 3891 234.
1033 3828 1142 3890 52.
1246 3822 1604 3912 Aeschylus
1661 3822 1857 3889 semel
1906 3824 2253 3910 respicitur
2312 3845 2370 3911 p.
2416 3828 2586 3895 268.
2641 3832 2723 3904 8,

337 3926 517 3993 Plato
562 3928 663 3994 bis
710 3950 769 4015 p.
820 3933 970 3996 270.
1025 3933 1105 3994 16
1153 3927 1295 3994 coll.
1347 3934 1500 3996 276.
1554 3934 1629 3994 21
1686 3936 1751 3995 et
1799 3949 1861 4014 p.
1915 3932 2067 3996 258.
2120 3936 2207 3996 54
2253 3928 2395 3996 coll.
2444 3950 2512 4016 p.
2555 3937 2721 4000 321.

338 4035 450 4099 27.
549 4033 1006 4102 Demosthenes
1066 4034 1372 4121 semel-p.
1423 4039 1578 4102 521.
1630 4040 1756 4112 54,
1807 4032 2004 4102 semel
2052 4054 2305 4121 quoque
2359 4033 2725 4124 Euripides

341 4157 404 4224 p.
433 4141 586 4204 230.
643 4144 764 4218 54,
836 4139 943 4206 ubi
1006 4139 1383 4206 Heliodorus
1443 4147 1716 4225 usurpat
1775 4159 1849 4205 ex
1911 4139 2131 4206 Medea
2180 4161 2275 4211 vs.
2331 4146 2550 4221 1314,
2606 4144 2722 4231 qui

340 4241 519 4309 locus
570 4243 868 4332 imperite
930 4242 1009 4310 ab
1069 4244 1420 4331 interprete
1481 4246 1547 4311 in
1600 4245 1896 4311 Latinum
1948 4264 2308 4314 sermonem
2357 4266 2724 4317 conversus

342 4345 465 4414 suit
512 4354 574 4416 et
617 4351 743 4417 alia
789 4349 991 4419 multa
1041 4349 1106 4414 in
1157 4351 1279 4416 ista
1328 4352 1618 4418 versione
1663 4351 1871 4419 risum
1923 4359 2203 4419 movent.
2299 4350 2513 4420 Semel
2551 4373 2722 4442 quo·
