2934 5050
281 274 368 338 22
1269 288 1674 337 inscensum

280 478 461 527 mum
528 460 759 527 vitium
822 457 1187 525 scribarum
1261 456 1551 524 socordia
1622 459 2041 525 commissum
2129 457 2196 522 in
2256 454 2512 523 Scholio
2578 453 2662 520 ad

285 565 515 655 Odyss.
559 576 627 634 Ξ.
679 570 802 632 185
851 564 1171 632 δαίνυσθαί
1213 568 1272 628 τ’
1310 564 1590 632 οἰκέοντί
1643 567 1712 632 ἐκ
1750 566 2014 647 πλήρους
2060 563 2509 640 ἀκέοντας,
2551 560 2663 627 ab·

282 671 519 753 surde,
573 680 643 739 ut
692 670 910 751 vides,
963 690 1076 757 pro
1128 669 1399 735 ἀκέοντε.

379 881 476 950 Ad
541 880 770 973 OdysS.
833 882 918 973 ΣΞ.
985 885 1113 947 1503
1185 888 1565 947 annotatur:
1637 886 1739 949 καὶ
1801 884 1829 948 ὃ
1890 884 2259 957 Ἀθηνοκλῆς
2328 878 2662 962 τροηθέτει.

290 989 561 1056 Lacerae
620 995 773 1055 sunt
824 986 941 1053 hae
1000 985 1390 1052 scholiorum
1441 997 1731 1054 veterum
1782 987 2091 1076 reliquiae
2137 993 2203 1052 et
2249 984 2472 1052 multis
2521 1004 2665 1071 par·

289 1093 463 1161 tibus
508 1092 863 1161 mutilatae.
961 1092 1080 1176 Qui
1148 1112 1374 1158 versus
1416 1094 1548 1159 sint
1603 1094 1949 1175 ἦθετημένοι
1997 1103 2056 1161 et
2110 1090 2346 1178 quibus
2396 1092 2665 1157 rationi·

286 1198 406 1267 bus
453 1209 517 1267 et
563 1220 597 1266 a
649 1221 776 1288 quo
840 1211 980 1286 post
1049 1197 1463 1266 Athenoclem
1536 1198 1690 1265 llaec
1751 1203 1965 1266 omnia
2030 1199 2381 1286 perierunt.
2481 1196 2663 1263 Docti

286 1308 579 1373 homines
641 1314 1065 1373 resecuerunt
1128 1325 1219 1371 vs.
1271 1309 1671 1385 504-506,
1740 1314 1805 1373 et
1867 1306 2241 1392 relinquunt
2300 1302 2365 1368 iu
2437 1302 2666 1368 ultima

286 1411 536 1501 Ulyssis
582 1413 871 1479 oratione
915 1432 1006 1477 vs.
1058 1415 1188 1477 504

687 1513 764 1593 ὣς
811 1521 914 1583 νῦν
964 1517 1224 1596 ἡβώοιμι
1267 1517 1379 1597 βίη
1425 1515 1498 1582 τέ
1542 1540 1646 1595 μοι
1694 1515 1955 1596 ἔμπεδος
2003 1521 2130 1597 εἴη.

286 1622 396 1709 qui
467 1623 780 1709 repetitus
842 1630 940 1690 est
1000 1643 1036 1689 e
1095 1642 1190 1689 vs,
1238 1626 1368 1690 468
1427 1630 1491 1689 et
1558 1642 1729 1689 nunc
1793 1624 2053 1711 quidem
2117 1630 2283 1695 οὐδὲν
2329 1627 2475 1711 πρὸς
2523 1623 2669 1701 ἔπος

288 1726 652 1794 infercitur.
761 1724 1016 1814 Optime
1082 1726 1338 1817 Ulysses
1400 1727 1591 1795 finem
1656 1728 1911 1796 dicendi
1984 1730 2175 1801 saciet
2236 1736 2298 1801 in
2365 1753 2457 1799 vs.
2507 1736 2666 1800 2502.

288 1833 442 1899 Rem
486 1832 721 1900 factam
766 1841 1026 1909 narrat,
1065 1831 1220 1920 quid
1265 1840 1438 1920 petat
1487 1835 1810 1902 narrando
1845 1837 2129 1906 Eumaeo
2174 1837 2666 1907 concicieudum

286 1936 591 2025 reliquit,
664 1957 872 2024 neque
940 1957 1088 2005 eum
1153 1957 1229 2004 ea
1289 1960 1435 2027 spes
1500 1937 1744 2007 fefellit.
1852 1942 1944 2009 Ea
2012 1945 2141 2031 ips·
2210 1965 2406 2012 causa
2467 1945 2666 2011 movit

286 2044 746 2124 Athenoclem,
811 2052 885 2110 ut
946 2063 1173 2111 versus
1240 2046 1646 2132 importunos
1718 2048 2064 2118 eiiciendos
2135 2071 2276 2119 esse
2346 2058 2666 2117 censeret.

289 2149 411 2216 Sed
460 2158 558 2216 est
607 2151 671 2215 in
721 2169 792 2216 ea
844 2157 1026 2237 parte
1074 2148 1312 2217 Scholii
1364 2152 1593 2218 vitium
1647 2153 1811 2239 quod
1864 2154 2070 2220 obiter
2124 2158 2425 2223 eximam.
2522 2154 2672 2222 Edi·

284 2264 426 2323 lur:
473 2252 842 2340 ἀφανίζουσι
896 2256 1020 2338 γὰρ
1067 2255 1140 2321 τὸ
1185 2256 1405 2338 χωρίον
1448 2263 1558 2324 τοῦ
1610 2260 1984 2337 αἰνίγματος
2044 2262 2356 2344 διαρρήδην
2422 2262 2670 2328 aia-0512-

286 2384 423 2437 τος.
473 2358 684 2434 ἄλλως
729 2384 800 2427 τε
847 2360 955 2427 καὶ
1005 2361 1034 2426 ὅ
1079 2359 1360 2441 Εὔμαιος
1406 2360 1610 2445 ὕςερον
1655 2363 1833 2442 λέγει

782 2461 946 2542 αἶνος
992 2466 1201 2547 μέντοι
1247 2466 1518 2548 ἀμύμων
1565 2461 1625 2534 ὃν
1672 2470 2042 2554 κατέλεξας.

382 2572 765 2640 Rectissime
825 2592 899 2639 ea
961 2574 1174 2639 omnia
1246 2573 1403 2639 milui
1454 2574 1717 2661 quidem
1784 2575 2107 2662 disputata
2167 2576 2505 2654 videntur,
2554 2576 2668 2643 sed

290 2677 480 2766 qnid,
530 2696 801 2764 quaeso,
863 2686 956 2744 est
1018 2678 1089 2744 τὸ
1134 2681 1417 2761 χωρίον
1480 2686 1587 2746 τοῦ
1638 2681 2060 2760 αἱνίγματοςῖ
2131 2682 2324 2749 Nihil.
2421 2682 2510 2750 Ne
2554 2681 2668 2748 diu

290 2797 354 2852 te
390 2792 681 2860 teneam,
729 2803 877 2850 vera
924 2783 1112 2850 lectio
1151 2792 1252 2852 est
1287 2783 1660 2868 ἀφανίζουσι
1702 2789 1773 2853 τὸ
1804 2788 2082 2870 χαρίεν
2124 2796 2232 2856 τοῦ
2270 2790 2666 2869 αἰνίγματος.

291 2888 497 2977 Lepor
535 2888 926 2955 narrationis
965 2888 1297 2956 Athenocli
1341 2891 1436 2956 sic
1481 2892 1689 2977 perire
1730 2892 2013 2970 videtur,
2060 2904 2125 2959 et
2168 2902 2341 2961 recte
2381 2891 2667 2980 quidem.

289 2992 467 3070 Λίνος
515 2993 669 3082 quid
728 2996 814 3060 sit
862 2996 924 3060 in
987 2992 1261 3061 Scholiis
1323 2995 1746 3063 Grammatici
1809 3007 2082 3064 certant.
2179 2998 2513 3065 Atheuocli
2565 2998 2670 3064 αἷ-

287 3123 488 3181 νιγμα
536 3099 792 3167 videtur
837 3120 1018 3179 esse,
1080 3099 1248 3167 idem
1301 3099 1487 3180 aliis,
1553 3104 1662 3187 qui
1722 3103 2187 3183 αἰνιγματώδεις
2233 3102 2418 3179 λόγος
2471 3104 2666 3168 inter-

289 3214 666 3295 pretantur,
713 3204 858 3271 aliis
904 3203 1149 3280 ἔπαινος
1191 3207 1220 3272 ὃ
1261 3209 1346 3278 εἷς
1394 3218 1732 3288 προτροπῆς
1778 3210 2168 3290 περιπέτειαν
2211 3208 2670 3289 παραινετικῆν.

291 3316 388 3380 An
435 3309 594 3377 haec
645 3309 995 3395 intelligis?
1091 3311 1346 3377 Conieci
1393 3312 1863 3393 ταραινετικός,
1924 3313 2032 3380 secl
2086 3315 2150 3381 in
2197 3313 2471 3380 caeteris
2521 3310 2668 3378 hae·

291 3437 431 3494 reo,
478 3415 733 3496 λαβέτω
781 3415 844 3481 δὲ
888 3415 994 3480 καὶ
1041 3414 1261 3490 ἄλλος.
1361 3414 1614 3505 Optime
1662 3416 1822 3493 αἶνος
1871 3419 2257 3504 intelligitur
2305 3416 2385 3484 ab
2433 3417 2511 3483 iis
2553 3417 2666 3504 qui

290 3520 655 3590 Archilochi
715 3520 1064 3588 versiculos
1117 3521 1604 3610 adscripserunt
1676 3524 1782 3590 ubi
1851 3524 2010 3592 nihil
2066 3525 2241 3593 aliud
2306 3536 2400 3592 est
2467 3542 2667 3612 quam

288 3628 514 3707 μῦθος,
565 3627 785 3708 λόγος,
831 3626 1054 3715 sabula
1102 3647 1215 3694 seu
1264 3649 1413 3696 vera
1462 3649 1578 3697 seu
1628 3630 1814 3705 licta,

1007 3729 1187 3808 Αἶνος
1233 3758 1328 3811 τις
1375 3736 1693 3818 ἀνθρώπων
1745 3730 1895 3824 (ὅδε)

650 3840 730 3912 ὣς
775 3832 872 3921 ἆρ’
917 3837 1181 3916 ἀλώπηξ
1224 3842 1444 3925 κᾴετὸς
1490 3841 1770 3920 ξυνωνίην

1010 3941 1266 4023 ἔμιξαν.

290 4050 356 4116 iu
418 4047 562 4115 aliis
623 4045 861 4126 ἔθεντο,
925 4047 1095 4135 quod
1162 4052 1463 4118 usitatius
1523 4057 1661 4130 est,
1728 4060 1800 4117 ut
1865 4053 1928 4119 iu
1995 4048 2244 4118 ludicro
2304 4048 2669 4137 fragmento

291 4154 459 4243 apud
511 4153 775 4221 Suidam
827 4179 875 4219 ν.
926 4156 1283 4237 ‘Ea-amelec.

560 4259 751 4327 Θέντο
789 4262 934 4338 μετ’
980 4261 1339 4337 ἀλλήλοισιν
1386 4261 1683 4343 ἐταιρείην
1728 4261 1851 4339 μύε
1898 4261 2027 4328 δοιώ

559 4368 624 4433 οὖ
669 4366 810 4433 καθ’
849 4367 979 4446 ὁμὰ
1025 4364 1272 4449 ζώοντες
1297 4417 1312 4433 .
1363 4368 1391 4434 ὅ
1437 4368 1553 4447 μὲν
1598 4368 1771 4434 κατὰ
1817 4367 1965 4434 νειὸν
2010 4368 2235 4448 ἐρήμην
