2934 5050
346 230 476 292 416
1175 248 1576 294 comac'rmu
1625 247 1854 293 mm.

620 410 1020 490 Palladium,
1066 414 1270 480 caesis
1319 433 1615 479 summae
1667 411 2033 479 custidibus
2077 412 2278 487 arcis,

622 518 996 603 corripuere
1041 537 1294 584 sacram
1341 516 1618 603 effigiem
1669 516 2097 603 manibusque
2143 515 2440 582 cruentis

620 624 946 707 virgineas
986 625 1128 688 ausi
1173 622 1357 689 divae
1402 625 1777 708 contingere
1824 624 2038 687 vittas.
2115 702 2122 707 θ

440 725 566 793 Res
617 735 718 793 est
765 729 1122 792 notissima.
1190 727 1538 795 Graculum
1594 737 1778 804 erat,
1828 728 2084 792 Troiam
2142 725 2287 809 capi
2334 742 2459 789 non
2509 740 2709 808 pom,

349 830 662 917 quamdiu
712 832 1037 898 Minervae
1090 832 1510 897 simulacrum
1555 831 1893 897 moenibus
1918 832 2056 895 suis
2079 831 2479 903 contineret;
2523 843 2709 912 quare

347 953 607 1002 necesse
653 946 792 1002 erat
840 937 1102 1003 Graecis
1150 956 1376 1022 rapere
1424 935 1800 1001 Palladium.
1877 936 2034 1001 Rem
2086 932 2433 1021 perficiunt
2475 931 2709 997 Diome-

344 1037 459 1105 des
520 1048 587 1107 et
636 1040 936 1129 Ulysses,
999 1041 1111 1107 sed
1158 1042 1287 1116 ita,
1338 1049 1408 1105 ut
1458 1048 1721 1126 propter
1767 1039 2180 1124 sacrilegium
2233 1039 2495 1123 vimque
2535 1032 2709 1100 adhi-

340 1141 544 1209 bitam
611 1144 776 1212 Deae
834 1145 1228 1211 voluntatem
1292 1164 1328 1210 a
1379 1144 1646 1210 Graecis
1692 1144 2154 1210 abalienarent.

431 1249 529 1315 Ex
578 1248 719 1326 illo,
769 1251 857 1315 ita
912 1253 1119 1335 pergit
1169 1259 1387 1336 poeta,
1436 1248 1638 1315 fluere
1685 1270 1760 1314 ac
1802 1258 1976 1315 retro
2016 1247 2318 1333 sublapsa
2361 1243 2584 1313 referri

435 1373 582 1440 spes
626 1353 957 1427 Danaum,
1007 1354 1247 1420 fractae
1297 1355 1506 1431 vires,
1548 1372 1772 1420 aversa
1834 1352 1991 1419 deae
2035 1372 2240 1419 menS.

433 1456 562 1524 Nec
619 1457 833 1524 dubiis
895 1480 967 1525 ea
1024 1460 1209 1545 signa
1255 1457 1430 1524 dedit
1483 1459 1772 1537 Tritonia
1823 1459 2156 1523 monstris,

438 1561 559 1627 Vix
607 1566 886 1650 positum
930 1566 1163 1630 castris
1201 1562 1658 1629 simulacrum:
1707 1582 1924 1629 arsere
1961 1581 2272 1628 coruscae

434 1667 789 1734 luminibus
838 1668 1138 1736 flammae
1191 1670 1465 1734 arrectis
1511 1667 1848 1754 salsusque
1894 1686 2010 1752 per
2058 1676 2245 1732 artus

433 1770 631 1838 sudor
678 1774 756 1837 iit
819 1783 1046 1859 terque
1107 1775 1247 1860 ipsa
1311 1772 1445 1839 solo
1477 1810 1569 1823 —-
1603 1773 1896 1839 mirabile
1941 1770 2240 1837 dictu—

429 1879 697 1943 emicuit
744 1898 1162 1966 parmamque
1212 1877 1431 1944 furens
1496 1878 1874 1963 hastamque
1935 1884 2352 1942 trementem.

427 1982 765 2069 Extemplo
822 1984 1189 2070 temptanda
1239 1983 1391 2070 luga
1438 1994 1614 2050 canit
1661 2002 1941 2070 aequora
1989 1981 2294 2058 Calchas,

430 2106 549 2152 nec
599 2107 782 2172 posse
828 2087 1144 2173 Argolicis
1191 2087 1479 2154 exscindi
1531 2090 1840 2172 Pergama
1896 2087 2041 2153 telis
2069 2137 2089 2163 ,

429 2192 636 2257 emim
682 2194 748 2258 ιη’
793 2202 1069 2280 repetant
1116 2194 1337 2279 Arqis,
1400 2215 1753 2279 numenque
1796 2193 2132 2267 reducant,

431 2297 596 2382 quod
631 2298 859 2385 pelaqo
907 2310 964 2363 el
1009 2299 1215 2363 curvis
1279 2320 1487 2363 secum
1543 2320 1808 2363 aveaeeoe
1853 2297 2110 2362 carinis.

427 2400 707 2466 Adnotat
794 2403 1124 2491 Heynius:
1213 2401 1437 2468 Omina
1519 2404 1587 2467 ni
1666 2413 1942 2488 repetant
2013 2400 2206 2484 Aryis
2275 2397 2543 2465 ductum
2622 2399 2712 2463 vi-

338 2502 530 2572 detur
589 2505 669 2571 ab
736 2506 1233 2592 imperatoribus
1291 2508 1629 2584 Romanis,
1697 2510 1805 2595 qui
1871 2505 1952 2572 ad
2018 2504 2309 2591 auspicia
2377 2501 2709 2592 repetenda

337 2630 413 2677 ac
486 2612 848 2678 renovanda
914 2613 1180 2679 Romam
1254 2633 1740 2700 nonnumquam
1806 2633 1886 2679 ex
1965 2611 2199 2676 castris
2271 2612 2507 2676 reverti
2551 2607 2711 2676 sole-

337 2717 529 2792 bant,
594 2718 648 2782 si
711 2738 767 2782 v,
833 2738 893 2783 c.
959 2718 1197 2783 malum
1262 2738 1446 2783 omen
1507 2717 1843 2783 inciderat.
1929 2717 2155 2801 Itaque
2203 2715 2505 2780 similiter
2551 2711 2711 2801 (eal-

335 2821 517 2907 chas)
592 2823 858 2902 statuit,
932 2843 1071 2887 esse
1156 2821 1415 2887 Achivis
1495 2824 1827 2888 Graeciam
1903 2820 2363 2906 repetendam,
2435 2820 2710 2905 auspicia

332 2925 422 2990 ibi
502 2925 992 2991 instauranda.’'
1086 2927 1213 2992 Res
1287 2935 1431 2991 nota
1504 2937 1640 3004 est,
1712 2935 1776 2991 et
1841 2925 2026 2991 facile
2089 2925 2540 3003 adsentimur,
2609 2920 2708 2989 sed

335 3050 499 3116 quae
561 3030 762 3096 addit:
831 3041 890 3096 el
951 3052 1090 3096 cum
1152 3032 1285 3115 ipso
1348 3029 1639 3094 Palladio
1692 3041 1933 3107 aveclo,
1979 3040 2046 3094 ut
2093 3033 2461 3096 restituatur
2519 3032 2588 3095 in
2629 3048 2710 3093 se·

336 3135 476 3200 dem
541 3157 762 3212 suam,
819 3135 1287 3212 revertendum,
1348 3155 1421 3200 ea
1470 3134 1814 3220 explicatio
1861 3155 2010 3200 vera
2072 3155 2213 3202 esse
2278 3154 2407 3201 non
2471 3139 2706 3220 potest;

334 3258 484 3304 nam
554 3248 624 3304 ut
689 3249 975 3315 taceam,
1044 3239 1212 3325 quod
1276 3239 1404 3305 iam
1461 3239 1607 3305 aliis
1655 3259 1804 3305 vere
1851 3239 2260 3306 observatum
2312 3247 2449 3314 est,
2497 3256 2707 3303 numen

335 3342 467 3409 dici
525 3364 649 3408 non
712 3345 994 3430 potuisse
1056 3345 1502 3420 simulacrum,
1571 3364 1835 3429 prorsus
1897 3364 2023 3408 non
2091 3344 2534 3430 intellegitur,
2599 3357 2708 3407 cut·

335 3447 734 3528 Palladium,
808 3452 863 3515 si
935 3448 1250 3514 reddituri
1324 3458 1542 3514 essent
1609 3449 1941 3526 TroianiS,
2012 3451 2193 3535 prius
2254 3451 2320 3515 in
2387 3447 2705 3516 Graeciam

334 3552 703 3621 aveherent.
789 3554 1003 3638 Neque
1048 3556 1175 3618 iam
1226 3563 1374 3619 ante
1423 3561 1720 3618 avectum
1769 3573 1908 3618 esse
1961 3556 2122 3620 satis
2169 3562 2442 3642 apparet
2488 3573 2524 3619 e
2569 3568 2704 3618 nar·

334 3659 611 3732 ratioue;
673 3678 819 3724 uam
883 3660 996 3723 vix
1058 3661 1327 3744 positum
1394 3658 1618 3724 castris
1662 3659 2109 3737 simulacrum,
2169 3678 2372 3746 quum
2426 3658 2563 3723 dira
2606 3654 2704 3720 illa

332 3773 611 3828 monstra
658 3765 1225 3849 conspicerentur;
1289 3764 1525 3850 quibus
1574 3766 1768 3841 visiS‚
1820 3757 2701 3850 extemplo—canit—Gal·

333 3867 507 3934 οΙιαε.
582 3868 752 3934 Usus
790 3879 1003 3934 autem
1047 3870 1360 3935 sermonis
1404 3869 1616 3935 Latini
1657 3877 1719 3935 et
1762 3868 2065 3935 dictionis
2103 3869 2502 3954 ambiguitas
2547 3883 2699 3954 pror·

333 3992 446 4037 sus
506 3973 815 4039 damnant
872 3974 943 4039 H.
1002 3975 1207 4040 Vossii
1254 3973 1783 4061 explicationem,
1831 3995 1908 4040 ex
1958 3994 2082 4060 qua
2133 3974 2358 4041 Graeci
2415 3973 2698 4040 iubentur

334 4077 727 4144 voluntatem
797 4080 1083 4144 numinis
1146 4078 1356 4143 denuo
1418 4079 1753 4164 explorare
1811 4080 2064 4168 (numen
2110 4078 2474 4168 reducere),
2522 4091 2692 4164 quam

332 4183 539 4248 secuti
587 4202 621 4246 e
668 4182 928 4248 Graecia
979 4181 1247 4268 profecti
1288 4184 1419 4248 sint
1473 4184 2046 4271 (quod-carinis),
2099 4204 2182 4250 ne
2227 4202 2568 4259 moneam,
2617 4178 2696 4243 ita

330 4284 519 4354 verba
582 4307 915 4351 utrmcn-
949 4289 1181 4353 carinis
1239 4297 1379 4372 post
1450 4289 1554 4354 illa
1620 4291 1828 4355 omina
1876 4291 1942 4354 m'
1987 4298 2266 4374 repetant
2315 4289 2509 4376 Aryis
2553 4277 2694 4351 nibil
