2934 5050
359 251 494 319 208
1378 273 1726 322 nomes.

360 445 662 528 antiquae
701 442 1016 509 rationem
1052 451 1120 509 et
1140 465 1334 510 usum
1351 494 1370 524 ,
1411 449 1468 511 si
1492 442 1630 510 fleri
1650 450 1861 532 potest
1879 493 1899 524 ‚
1937 447 2291 511 restituere.
2339 441 2505 508 Sunt
2525 449 2724 508 autem

359 547 488 615 loci
530 547 792 634 pauculi
835 548 943 614 hi:
993 559 1071 616 fl.
1123 550 1253 617 117
1300 552 1507 628 ἀδειής
1550 553 1763 638 prima
1806 552 1988 618 brevi
2032 549 2205 628 εἴπερ
2248 548 2459 625 ἀδειής
2504 549 2616 617 ἔτι.
2655 556 2720 611 Θ.

364 651 517 719 133.
566 653 914 735 βροντήσας
976 655 1099 736 ἀρα
1162 656 1368 723 δεινόν.
1428 667 1513 725 N.
1566 655 1717 723 163.
1775 656 1908 722 ἀπό
1964 680 2055 722 τεο
2098 655 2264 721 δεῖσε
2310 656 2375 720 δὲ
2419 657 2604 735 θυμῷ.
2654 663 2721 718 Ο.

361 757 518 826 626.
565 758 812 840 ἀνέμοιο
846 761 911 827 δὲ
957 761 1140 837 δεινὸς
1186 764 1407 840 ἀήτης.
1455 773 1551 829 Ω..
1601 760 1755 830 663.
1801 768 2007 843 Τρῶες
2054 761 2320 827 δεδίασιν
2340 811 2358 837 ,
2408 768 2475 826 et
2516 758 2726 825 duobis

357 865 518 933 locis
575 891 647 945 μ.
696 865 850 933 203.
899 873 966 935 et
1026 894 1090 934 ω.
1142 866 1294 935 534.
1359 875 1478 933 τῶν
1535 869 1589 933 δ’
1647 866 1772 949 ἀρα
1830 868 2159 934 δεισάντων
2201 870 2269 933 et
2310 867 2384 945 β.
2433 865 2541 932 66.
2590 865 2722 929 ὐτο-

353 972 624 1038 δείσατε.

447 1077 631 1160 Quod
677 1084 896 1145 autem
941 1083 1195 1166 saepius
1237 1084 1307 1146 in
1350 1088 1621 1167 utroque
1665 1082 1947 1146 carmine
1989 1079 2231 1167 leg-itur
2273 1076 2448 1143 δείδω
2494 1084 2561 1143 et
2600 1075 2724 1141 ubi·

354 1204 478 1270 que
538 1185 608 1248 in
667 1183 1026 1263 hexametri
1083 1188 1273 1253 initio
1333 1187 1681 1254 collocatur
1696 1234 1714 1264 ,
1784 1206 1912 1252 non
1972 1185 2243 1251 arbitror
2300 1204 2437 1250 esse
2479 1182 2723 1270 ling-use

351 1287 734 1356 Homericae
751 1338 770 1368 ‚
834 1298 912 1357 ut
953 1314 1157 1379 neque
1198 1296 1454 1360 Atticae
1498 1293 1761 1381 linguae
1805 1313 1940 1358 esse
1985 1292 2141 1357 satis
2184 1294 2452 1355 oenstat.
2544 1288 2722 1354 Athe-

353 1397 602 1460 nienses
664 1402 1022 1464 constanter
1065 1398 1307 1465 δέδοικα
1352 1406 1467 1465 aut
1509 1398 1677 1465 δέδια
1722 1399 2019 1464 dicebant
2062 1403 2128 1462 et
2170 1395 2348 1461 δέδιθι
2374 1446 2391 1472 ,
2454 1395 2685 1474 δέδιμεν
2702 1441 2719 1469 ‚

356 1499 668 1575 ἐδέδισαν.
718 1500 975 1568 δεδιέναι
998 1553 1038 1593 ,ρ
1076 1503 1276 1577 δεδιώς
1324 1512 1483 1571 caet.
1575 1504 1901 1570 Homerus
1944 1503 2023 1569 de
2063 1521 2242 1568 more
2286 1504 2509 1567 omnia
2546 1501 2723 1566 habet

352 1605 611 1684 eadem,
674 1607 785 1672 sed
844 1611 1057 1694 prima
1099 1611 1181 1676 ob
1227 1614 1540 1676 amissum
1586 1611 1920 1698 digamma
1962 1612 2032 1674 in
2075 1607 2555 1696 diphthongum
2598 1625 2721 1692 pro·

352 1711 578 1777 ducta:
642 1711 908 1778 δείδοικα
933 1764 948 1790 ,
1009 1715 1240 1790 δείδια,
1287 1716 1592 1797 δείδιμεν,
1640 1716 1970 1790 ἐδείδισαν,
2023 1712 2443 1787 ὑπεδείδισαν,
2492 1712 2718 1787 δείδιθι,
2846 1688 2847 1735 7

351 1816 613 1896 δειδίμεν
686 1816 992 1908 (δεδιέναι)
1049 1828 1117 1887 et
1159 1820 1461 1895 δειδιότες.
1556 1822 1683 1889 Pro
1724 1821 1997 1909 vulgata
2036 1819 2209 1886 δείδω
2252 1838 2720 1904 nonnumquam
2846 1832 2847 1839 ’

352 1924 712 2010 discrepans
774 1923 968 1991 lectio
1027 1929 1281 2014 amiqua
1340 1928 1533 1993 δείδια
1595 1949 1676 1993 ex
1738 1928 2012 1993 vetustis
2068 1931 2292 2011 poctae
2346 1923 2722 1990 editionibus

350 2032 488 2096 sive
528 2028 894 2109 διορθώσεσιν
930 2033 1278 2117 profertur,
1318 2041 1395 2099 ut
1426 2034 1610 2099 Iliad.
1649 2043 1714 2100 Ξ.
1758 2032 1845 2097 44
1863 2080 1881 2110 ,
1929 2052 2126 2118 quam
2161 2028 2461 2116 equidem
2497 2030 2721 2115 ubique

349 2137 713 2203 cantoribus
773 2135 1005 2203 Ionicis
1063 2139 1449 2206 reddendam
1510 2161 1644 2206 esse
1698 2140 1971 2206 arbitror
1986 2187 2003 2216 ,
2067 2143 2134 2203 et
2175 2156 2291 2222 pro
2336 2136 2510 2201 δείδω
2558 2155 2718 2222 repo-

345 2241 625 2308 nendum
689 2240 883 2308 δείδια
942 2252 1014 2308 K.
1083 2242 1188 2310 39.
1255 2256 1340 2312 Λ.
1391 2243 1546 2312 470.
1594 2253 1676 2310 N.
1728 2242 1880 2311 745.
1932 2253 1997 2311 Ξ.
2048 2241 2154 2306 44.
2204 2250 2286 2306 T.
2337 2240 2446 2306 24.
2494 2252 2573 2307 ⁴r.
2621 2240 2716 2307 30.

347 2358 422 2414 X.
473 2346 625 2414 455.
675 2354 741 2414 et
785 2351 854 2414 in
901 2348 1186 2437 Odyssea
1230 2375 1279 2415 ε.
1331 2349 1486 2417 300.
1535 2349 1687 2416 419.
1738 2348 1891 2417 473.
1940 2356 2005 2415 et
2042 2372 2114 2426 μ.
2166 2345 2317 2414 122.

1443 2653 1649 2726 v111.

637 2882 1104 2941 ῬεΛΛοΜΛι
1156 2911 1241 2925 -
1292 2875 1663 2941 ἐῬΛΛΗΝ
1714 2912 1800 2923 -
1845 2881 2428 2942 ῬεῬεΛΜεΝοι.

432 3086 665 3153 Editur
713 3086 882 3172 apud
926 3084 1287 3154 Homerum
1331 3096 1407 3153 E.
1445 3086 1610 3153 203.

1260 3193 1483 3271 ἀνδρῶν
1529 3193 1869 3271 εἰλομένων.

340 3304 405 3365 et
449 3307 524 3364 E.
575 3296 745 3366 782.)

1200 3402 1441 3473 ἕςασαν
1487 3442 1578 3455 -
1624 3403 1944 3484 εἰλόμενοι.

340 3514 406 3574 et
452 3518 528 3574 Θ.
579 3507 735 3574 215.

749 3612 1090 3691 είλομένων.
1140 3614 1292 3681 εἴλει
1342 3615 1403 3680 δὲ
1453 3654 1539 3665 -
1587 3617 1839 3696 ’Ἕκτωρ
1890 3616 2253 3697 Πριαμίδης.

427 3721 759 3787 Bekkerus
820 3719 890 3784 τὸ
954 3720 1260 3800 δίγαμμα
1326 3721 1576 3788 addidit
1635 3722 1955 3800 εειλόμενοι
1974 3773 1993 3799 ,
2064 3721 2416 3799 νειλομένων
2441 3772 2456 3798 ,
2528 3723 2702 3786 νείλει.

340 3823 760 3893 Consentiunt
805 3826 958 3892 libri
973 3876 990 3905 ,
1060 3826 1436 3894 confirmant
1482 3833 1676 3893 testes
1721 3834 1966 3894 veteres
1981 3878 1997 3904 ,
2058 3825 2440 3913 Apollonius
2456 3875 2475 3905 ‚
2523 3825 2707 3910 Hesy-

338 3932 521 3998 chius
538 3979 558 4010 ‚
608 3931 1047 4020 Etymologici
1086 3938 1308 3999 auctor
1323 3982 1340 4011 ,
1383 3936 1637 3999 caeteri.
1710 3932 1953 3999 Tamen
1992 3932 2295 3999 mendosa
2328 3932 2490 3997 hwc
2526 3932 2707 3998 forms

339 4043 435 4103 est
482 4043 547 4103 et
589 4040 1017 4105 inveteratum
1067 4042 1414 4125 scripturae
1457 4042 1698 4107 vitium
1743 4061 1859 4107 nos
1902 4041 2092 4107 fallit.
2186 4040 2363 4122 Quae
2408 4043 2499 4106 sit
2535 4038 2707 4128 proba

336 4148 402 4207 et
470 4146 749 4229 genuina
814 4144 1021 4210 forma
1090 4144 1250 4211 duce
1319 4147 1565 4231 optima
1631 4146 1925 4233 analogia
1989 4146 2516 4233 investigandum
2582 4147 2703 4212 erit.

336 4245 712 4332 Spectemus
757 4252 1042 4334 primum
1092 4251 1326 4316 formas
1367 4272 1445 4317 ex
1484 4257 1697 4319 vetere
1735 4253 1930 4319 verbo
1958 4257 2359 4340 propagatas.
2432 4254 2706 4318 Acrisius

338 4357 433 4416 est
467 4350 719 4429 νέλσαν,
761 4352 968 4421 νέλσαι
1012 4362 1076 4421 et
1114 4354 1351 4421 ένέλσαι
1375 4407 1392 4434 ,
1439 4356 1696 4434 νέλσας,
1736 4364 1813 4424 ut
1838 4356 2058 4423 κέλσαι
2083 4364 2149 4424 et
2171 4355 2428 4430 κέλσας.
2457 4368 2538 4424 Λ.
2569 4352 2701 4422 413.
