2934 5050
1259 311 1460 359 vanu.
2471 296 2553 359 63

186 469 687 544 calamitate.
784 479 870 546 Et
932 478 1056 547 alia
1119 480 1188 544 in
1247 479 1515 549 eandem
1566 482 1954 548 sententiam
2004 482 2251 568 scripta
2298 481 2558 567 excogi-

186 579 297 643 tari
348 592 641 666 possunt.

268 685 531 753 Retraxi
573 690 952 758 vocabulum
991 691 1161 777 quod
1201 692 1277 758 ad
1307 695 1694 760 sententiam
1728 693 2162 760 necessarium
2186 692 2557 767 videbatur;

188 790 394 877 ablego
435 804 665 861 contra
697 798 866 882 quod
906 796 1133 864 inutile
1157 808 1362 864 est—
1392 820 1538 866 nam
1573 808 1710 885 post
1737 808 2306 889 commemoratam
2335 798 2413 865 de
2442 800 2559 864 ini-

188 897 326 961 mici
366 908 581 965 morte
628 902 966 981 laetitiam,
1020 906 1399 990 praesertim
1447 907 1509 969 in
1539 902 1771 969 litteris
1798 912 1882 969 a⁰.
1916 905 1989 971 U.
2033 910 2161 971 702
2189 904 2562 990 datiS,quis

189 1005 379 1068 nonin
409 1008 634 1074 animo
663 1007 852 1075 habet
878 1009 1199 1076 Clodium?
1224 1049 1299 1060 —
1321 1012 1472 1076 etin
1494 1008 1612 1075 hac
1632 1010 2084 1077 coniunctione
2107 1012 2555 1096 pronominum

187 1110 522 1193 vitiosum,
592 1135 823 1181 nomen
888 1115 1284 1182 Clodium.
1385 1116 1545 1182 Nam
1612 1135 1959 1202 pronomen
2027 1116 2144 1181 hoc
2207 1115 2344 1181 loco
2409 1116 2559 1180 sim·

188 1216 426 1301 pliciter
473 1239 599 1305 pro
645 1222 783 1308 ipso
816 1212 1090 1288 'nomine
1140 1225 1417 1309 positum
1469 1232 1609 1303 est;
1664 1226 1717 1288 si
1771 1229 2023 1288 notaret
2071 1221 2366 1286 Clodium
2419 1231 2560 1286 tan-

188 1341 363 1408 quam
418 1334 651 1392 notum
695 1326 1020 1393 bominem
1061 1338 1171 1393 aut
1216 1327 1527 1407 nobilem,
1577 1349 1809 1394 nomen
1850 1348 1884 1393 a
1928 1328 2307 1413 pronomine
2345 1326 2560 1393 divelli

188 1447 298 1493 non
378 1441 669 1517 poterat,
748 1433 858 1499 sed
926 1445 1099 1500 recte
1174 1444 1316 1501 erat
1366 1434 1611 1499 illum
1665 1434 2037 1501 Clodium
2090 1436 2399 1520 ipsum,
2449 1441 2561 1499 aut

186 1534 436 1620 ipsum
494 1537 734 1604 illum
786 1538 1188 1606 Clodium.

266 1638 510 1708 Crebro
586 1645 648 1708 in
715 1646 1041 1711 Ciceronis
1104 1645 1392 1733 epistolis
1456 1647 1718 1712 nomina
1783 1645 2116 1711 hominum
2172 1644 2561 1732 interpolata

188 1755 346 1815 sunt.
444 1749 652 1816 Cuius
707 1754 964 1837 generis
1028 1752 1229 1818 multa
1292 1753 1418 1817 iam
1488 1753 1608 1817 viri
1673 1751 1843 1819 docti
1908 1751 2338 1818 sustulerunt.
2437 1752 2563 1818 Re-

188 1861 347 1919 stant
410 1864 636 1922 tamen
706 1857 1015 1935 tollenda,
1086 1858 1284 1925 veluti
1350 1858 1429 1924 ad
1497 1858 1675 1923 Fam.
1743 1855 1875 1922 XV.
1942 1861 2004 1923 8.
2070 1856 2336 1936 Quare
2395 1878 2563 1944 gra-

192 1966 340 2024 tum
424 1960 629 2027 mihi
710 1962 1027 2030 feceris
1108 1967 1176 2029 si
1249 1964 1488 2030 uxori
1560 1972 1750 2027 tuae
1821 1962 2169 2050 [Iuniae]
2249 1965 2566 2049 gravis·

191 2065 433 2133 simae
519 2076 770 2154 atque
851 2072 1212 2156 optimae
1298 2069 1660 2136 feminae
1739 2070 1938 2133 meis
2027 2067 2313 2134 verbis
2392 2071 2564 2135 eris

193 2174 696 2257 gratulatus.
821 2175 937 2241 Ad.
1016 2175 1087 2256 Q.
1160 2175 1240 2241 fr.
1314 2176 1394 2242 ll.
1487 2176 1601 2261 Ep.
1675 2178 1755 2252 4,
1838 2179 1895 2239 1.
1993 2173 2245 2240 Homo
2320 2184 2562 2262 petu-

194 2276 366 2346 lans
443 2289 529 2347 et
592 2280 867 2347 audax
943 2281 1402 2370 [Vatinius]
1483 2279 1723 2347 valde
1794 2280 2367 2367 perturbatus
2435 2281 2565 2348 de-

198 2382 789 2473 bilitatusque
864 2386 1301 2453 discessit.
1414 2386 1577 2452 lbid.
1671 2385 1787 2472 Ep.
1850 2391 1926 2464 6,
1993 2394 2054 2452 ὅ.
2130 2387 2356 2454 Hunc
2421 2389 2565 2474 igi-

202 2499 323 2558 tur
385 2494 848 2584 [Catonem]
920 2493 1338 2561 Lentulus
1400 2513 1435 2559 a
1501 2492 1839 2580 legibus
1900 2493 2293 2561 removit.
2403 2494 2564 2562 lbid.

202 2596 296 2665 tlt.
342 2606 418 2678 9,
478 2605 545 2667 9.
603 2601 1090 2667 Ciceronem
1150 2608 1226 2666 et
1271 2607 1356 2665 ut
1399 2620 1647 2686 rogas
1690 2619 1892 2678 amo,
1934 2610 2009 2665 et
2063 2609 2145 2665 ut
2188 2610 2570 2668 meretur

202 2713 266 2770 et
309 2705 609 2787 debeo;
677 2706 1020 2773 dimitto
1066 2715 1335 2773 autem
1386 2725 1422 2771 a
1473 2727 1587 2773 me
1638 2689 1728 2772 et'
1766 2716 1849 2772 ut
1900 2728 1932 2772 a
1987 2707 2429 2791 magistris
2478 2728 2570 2774 ne

203 2811 595 2879 abducam
645 2821 719 2880 et
770 2813 987 2899 quod
1029 2824 1297 2879 mater
1337 2813 1696 2902 [Porcia]
1738 2832 1888 2877 non
1933 2810 2332 2890 discedit,
2391 2815 2574 2879 sine

202 2937 336 3002 qua
386 2919 908 2985 edacitatem
961 2920 1205 3006 pueri
1257 2921 1787 3005 pertimesco.
1859 2919 1928 2984 ln
1979 2939 2105 3004 quo
2155 2918 2290 2985 loco
2339 2918 2568 2986 falsum

208 3027 420 3091 matris
469 3045 703 3091 nomen
754 3025 1276 3112 interpolatorem
1327 3028 1577 3110 arguit;
1627 3023 1736 3089 sed
1779 3044 1859 3090 ne
1900 3044 2121 3090 verum
2165 3024 2426 3110 quidem
2466 3045 2573 3091 no·

206 3149 339 3198 men
390 3153 580 3220 posse
626 3130 783 3197 ferri
836 3133 958 3197 iam
1017 3131 1256 3197 viderat
1308 3132 1660 3197 Manutius,

287 3237 418 3304 Illis
480 3241 549 3304 in
615 3237 770 3304 locis
835 3240 1090 3303 nomina
1153 3239 1292 3303 sine
1358 3237 1615 3314 fraude,
1697 3235 2143 3302 commonendi
2211 3257 2441 3316 causa,
2503 3240 2570 3304 in

214 3346 487 3430 margine
550 3354 664 3410 aut
730 3346 898 3410 inter
965 3363 1187 3409 versus
1255 3344 1580 3429 adscripta
1635 3362 1745 3427 per
1789 3342 2196 3408 librariorum
2248 3345 2571 3411 inscitiam

216 3448 367 3516 inter
427 3452 773 3537 scriptoris
832 3449 1051 3516 verbar
1087 3449 1296 3515 delata
1356 3458 1530 3515 sunt.
1641 3447 1781 3513 Alia
1843 3449 2010 3514 ratio
2071 3457 2167 3516 est
2228 3449 2307 3514 ad
2367 3451 2437 3531 Q.
2492 3451 2570 3519 lr.

221 3552 316 3620 lll.
385 3557 503 3644 Ep.
568 3562 643 3634 4,
732 3562 791 3623 1.
858 3554 1278 3623 Gabinius
1340 3554 1782 3620 absolutus
1846 3561 1996 3619 est.
2072 3553 2422 3621 Omnino
2471 3559 2575 3622 ni·

221 3656 325 3725 bil
400 3671 901 3728 accusatore
975 3661 1329 3726 Lentulo
1410 3659 2320 3746 subscriptoribusque
2392 3663 2576 3729 eius

223 3764 658 3844 infamius,
711 3766 920 3832 nihil
963 3766 1110 3832 illo
1148 3766 1522 3831 consilio
1562 3764 2025 3832 sordidius,
2078 3765 2229 3833 Sed
2277 3778 2577 3848 tamen,

223 3873 373 3937 nisi
440 3871 986 3939 incredibilis
1042 3872 1474 3937 contentio
1534 3880 1611 3937 et
1665 3891 1966 3956 preces
2013 3872 2375 3959 Pompei,
2414 3874 2577 3941 dic·

226 3982 541 4045 taturae
611 3980 861 4044 etiam
932 3998 1211 4042 rumor
1275 3978 1573 4064 plenus
1631 3978 1968 4042 timoris
2016 3976 2363 4057 luisset,
2414 3982 2577 4068 ipsi

228 4081 561 4151 Lentulo
621 4104 771 4149 non
838 4083 1459 4171 respondisset,
1526 4084 1664 4169 qui
1725 4083 1994 4148 tamen
2046 4081 2191 4148 illo
2240 4104 2578 4152 accusa-

226 4197 386 4257 tore
455 4190 770 4276 illoqne
841 4187 1205 4255 consilio
1276 4188 1738 4254 sententiis
1799 4186 2408 4254 condemnatus
2468 4194 2580 4259 sit

233 4294 482 4371 xxm,
519 4316 694 4361 cum
734 4295 899 4361 LXX
944 4294 1371 4361 tulissent.
1413 4295 1482 4358 In
1515 4294 1754 4359 iudicio
1779 4302 2240 4359 accusaverant
2270 4295 2580 4364 Lentulus

232 4409 284 4463 et
332 4401 822 4487 subscriptore&
869 4399 1098 4485 frigide
1142 4401 1363 4466 cuncti
1401 4409 1465 4466 et
1506 4401 1646 4466 sine
1680 4400 1941 4483 ingenio
1964 4407 2077 4465 aut
2101 4397 2355 4464 dicendi
2385 4398 2579 4470 tacut-
