2934 5050
379 282 508 346 258
1171 303 1482 349 nucitum
1531 305 1602 350 er
1656 303 1959 352 Lucum.

379 472 559 562 scn1)
612 471 1075 553 insectatione,
1140 490 1242 538 me
1299 472 1670 560 imperitum
1725 476 2031 542 metricae
2077 474 2244 541 artis
2291 483 2356 541 et
2408 475 2721 543 vetustissi-

381 598 523 645 mae
571 576 781 665 poesis
828 576 1093 644 Latinae
1139 579 1368 652 iactat;
1436 579 1667 647 deinde
1738 582 2219 648 excusationem
2286 582 2601 668 quandam
2643 602 2724 648 sc·

381 684 673 750 veritatis
720 681 931 758 addit;
981 704 1104 749 non
1147 684 1515 750 mirandum
1558 705 1700 752 csse
1740 688 1794 753 si
1836 690 1983 774 quis
2023 696 2204 755 extra
2250 686 2411 753 fines
2452 689 2725 755 materiae

380 789 577 857 semel
623 798 961 875 susceptae
1007 790 1413 875 egrediatur,
1463 810 1612 857 euin
1664 791 1814 861 labi.
1856 792 1861 795 ’
1909 793 2043 880 Ego
2096 800 2166 858 ut
2215 792 2392 858 illam
2442 794 2724 880 vitupera-

380 897 648 973 tionem,
700 895 788 961 ita
833 894 998 962 hanc
1043 895 1261 962 lictaui
1306 896 1812 964 benevolentiam
1852 897 2182 985 deprecor.
2232 897 2546 986 Equidem
2576 918 2727 966 num·
2832 914 2833 953 l

356 1022 591 1097 quam
623 1001 703 1067 M.
752 1002 1106 1067 amicitiam
1151 1012 1263 1068 aut
1307 1002 1699 1091 praesidium
1743 1013 2105 1092 aucupatus
2144 1024 2289 1073 sum
2318 1004 2395 1092 ²).
2446 1004 2724 1073 Noveram

377 1130 453 1176 ex
522 1108 684 1176 libro
744 1105 821 1173 de
883 1126 952 1173 re
1018 1109 1287 1174 metrica
1338 1107 1661 1175 hominem
1712 1130 1850 1177 esse
1898 1109 2203 1188 doctum,
2253 1108 2364 1176 sed
2414 1130 2634 1198 parum
2675 1110 2725 1174 in

377 1213 718 1281 scribendo
763 1213 1122 1297 elegantem
1173 1223 1238 1280 et
1286 1214 1422 1280 suis
1470 1214 1752 1281 inventis
1800 1215 2073 1282 mirifice
2121 1216 2519 1283 exultantem
2566 1213 2727 1283 etad

377 1318 715 1407 opprobria
783 1318 1166 1405 proclivem,
1232 1319 1505 1386 subinde
1574 1321 1844 1388 ridicule
1908 1342 2172 1389 vanum.
2267 1321 2511 1389 Modice
2558 1323 2731 1409 igitur

376 1423 721 1491 admodum
788 1424 974 1490 laude
1034 1425 1178 1491 cius
1228 1426 1291 1490 in
1343 1426 1505 1492 libro
1552 1425 1632 1491 dc
1680 1427 2017 1513 philologis
2066 1426 2551 1495 Nederlandlcis
2596 1424 2729 1493 mibi

379 1530 616 1597 tributa
681 1530 945 1616 gavisus
1008 1551 1189 1607 sum,
1261 1551 1409 1597 cum
1482 1534 1857 1618 praesertim
1925 1552 1998 1599 ea
2046 1535 2558 1599 communicaret
2604 1550 2729 1597 cum

375 1639 648 1714 exteris,
697 1657 862 1724 quae
909 1637 964 1702 si
1011 1636 1090 1702 ad
1137 1657 1246 1704 cos
1295 1646 1683 1725 perventura
1730 1658 1870 1705 esse
1917 1639 2276 1716 novissem,
2326 1640 2587 1706 omnino
2629 1656 2728 1702 nou

374 1742 800 1833 scripsissem.
1571 1738 1585 1749 ’

465 1850 558 1917 Ea
605 1849 802 1917 editio
828 1850 879 1940 ⁸)
934 1848 1091 1915 mihi
1141 1848 1463 1916 scribendi
1506 1849 1583 1917 de
1625 1849 1851 1917 Lucilii
1895 1848 2277 1936 fragmentis
2311 1851 2732 1937 opportunitas

372 1959 540 2035 crit,
594 1977 716 2022 non
767 1976 895 2043 quo
945 1963 1228 2043 repetam
1277 1975 1441 2043 quae
1490 1955 1639 2022 olim
1690 1976 1725 2022 a
1778 1976 1878 2050 me
1927 1955 2103 2022 dicta
2142 1965 2341 2034 sunt,
2390 1964 2501 2023 ant
2532 1953 2733 2038 *defeu-

370 2062 517 2129 dam
582 2082 658 2130 ex
726 2061 854 2129 illis
912 2081 1016 2138 ca,
1080 2081 1244 2149 quae
1309 2062 1389 2127 Μ.
1454 2062 1760 2150 pleraque
1806 2061 2062 2129 silentio
2111 2064 2555 2149 praetermisit
2602 2060 2734 2150 (quo

371 2170 515 2236 iure
576 2166 683 2232 alii
749 2165 1103 2256 iudicent),
1169 2166 1279 2233 sed
1335 2175 1401 2232 ut
1451 2187 1618 2254 qnae
1664 2169 1883 2235 minus
1933 2177 2107 2240 recte
2153 2168 2233 2234 ab
2278 2188 2353 2235 eo
2402 2170 2732 2235 constituta

371 2295 511 2340 esse
556 2271 928 2350 videantur,
969 2294 1046 2340 cx
1083 2280 1266 2360 parte
1314 2282 1489 2339 certe
1536 2273 1957 2361 redarguam,
2005 2284 2307 2342 ceterum
2353 2273 2434 2340 ad
2486 2274 2734 2343 Coniec-

371 2389 560 2446 tanea
614 2388 1097 2466 provocaturus.

463 2485 532 2552 ln
586 2505 659 2553 eo
708 2483 927 2572 lapsus
975 2492 1071 2553 est
1121 2485 1498 2566 MuelleruS,
1566 2485 1733 2574 quod
1784 2484 1938 2554 dum
1989 2488 2219 2554 omnia
2257 2485 2394 2555 vult
2447 2488 2733 2575 interpre-

373 2594 539 2670 tari,
601 2594 851 2669 omnia,
916 2593 1108 2658 etiam
1180 2613 1282 2660 me
1339 2591 1551 2660 iudice
1598 2594 2016 2672 insanabilia,
2077 2593 2456 2674 emendare,
2518 2614 2552 2660 a
2600 2609 2733 2659 vera

372 2707 436 2766 et
495 2697 773 2786 simplici
841 2701 1089 2766 ratione
1152 2698 1445 2776 aberrat,
1516 2719 1807 2787 novaque
1854 2708 1919 2767 et
1967 2701 2136 2768 mira
2193 2691 2485 2769 sectatur
2541 2699 2735 2790 potius

373 2825 566 2893 quam
618 2806 1048 2891 ignorantiam
1106 2802 1365 2871 fatetur.
2832 2879 2833 2886 χ

465 2912 667 2988 Haec,
719 2919 789 2975 ut
838 2930 954 2998 par
998 2918 1135 2986 est,
1184 2910 1495 2997 exemplis
1542 2910 2192 2981 demonstrabuntur.
2293 2910 2421 2980 Sed
2469 2931 2543 2978 eo
2577 2915 2733 2975 ante·
2832 2947 2833 2962 κ

369 3038 561 3104 quam
615 3037 841 3104 pergo,
903 3015 1149 3104 aliquid
1199 3015 1541 3083 dicendum
1594 3026 1690 3084 est
1738 3018 1817 3085 de
1865 3019 2085 3086 codice
2133 3017 2474 3099 Leidensi,
2522 3015 2594 3084 de
2637 3030 2732 3080 cu·
2832 3095 2833 3098 Ἴ

371 3126 473 3189 ius
524 3123 1030 3190 correctionibus
1082 3143 1183 3190 ine
1230 3121 1390 3189 salsa
1434 3122 1733 3191 retulisse
1776 3123 2131 3191 contendit.

438 3306 490 3369 ι)
526 3302 589 3352 P.
624 3301 851 3352 XXXII
901 3302 1033 3352 ae‘rh.
1070 3302 1365 3353 Momeenus
1399 3302 1451 3354 iu
1482 3302 1624 3356 libris
1656 3317 1782 3368 quos
1812 3302 1876 3354 de
1906 3302 2060 3367 gestie
2097 3301 2444 3353 Romanorum
2478 3295 2734 3365 componit

364 3400 553 3451 genere
583 3386 782 3438 dicendi
815 3399 875 3437 eo
909 3400 1009 3450 quo
1041 3385 1310 3436 deterrima
1342 3398 1408 3436 ex
1442 3387 1570 3436 actis
1597 3385 1790 3435 diurnis
1822 3386 1898 3436 uti
1924 3385 2088 3435 solent
2116 3384 2270 3450 [δίε-3,
2304 3384 2452 3450 quusi
2477 3392 2729 3445 numquam

364 3471 567 3535 legisset
610 3476 697 3519 aut
740 3467 1058 3518 Lachmanni
1100 3468 1519 3517 commentarium
1572 3467 1933 3517 Lucretianum
1979 3475 2066 3516 aut
2098 3474 2295 3517 nostros
2329 3466 2381 3516 d.
2418 3482 2460 3515 r.
2497 3481 2563 3515 m.
2592 3478 2636 3527 p-
2672 3459 2729 3509 L·

365 3553 545 3615 libros,
593 3567 696 3602 non
749 3550 945 3601 erubuit
984 3550 1285 3599 contendere
1330 3549 1514 3600 Lucilii
1559 3564 1731 3599 versus
1764 3550 1885 3599 haut
1925 3550 2072 3599 aliter
2105 3549 2441 3618 perstringere
2474 3543 2729 3610 legentium

364 3637 565 3686 animos
606 3649 755 3700 quum
793 3633 1018 3697 στίχους
1052 3627 1325 3698 ἀμέτρους
1356 3634 1464 3682 sive
1495 3647 1620 3696 quoe
1656 3631 1865 3681 barbare
1893 3638 2043 3681 vocat
2077 3630 2444 3681 Kuittelveree.
2514 3628 2639 3680 Sene
2664 3624 2729 3687 ἰρ-
2832 3677 2833 3704 3

366 3717 469 3767 eius
503 3717 759 3767 Momseni
787 3724 973 3776 metra,
1004 3716 1186 3780 quibus
1211 3715 1419 3765 reddere
1447 3723 1658 3766 conetur
1685 3715 1839 3764 verba
1867 3714 2080 3774 Lucilii,
2114 3728 2267 3779 quem
2285 3714 2511 3764 maxime
2528 3705 2729 3759 voctudt

365 3806 483 3851 eunt
529 3797 925 3850 Kuittelverse.”
995 3797 1121 3860 Legi
1164 3797 1445 3862 iterumque
1488 3797 1588 3861 legi
1624 3805 1889 3861 utrumque
1920 3810 2047 3861 opus
2083 3803 2136 3846 et
2166 3803 2337 3845 tamen
2378 3808 2481 3845 uon
2516 3791 2729 3844 erubesco
2832 3803 2833 3816 ¹

365 3883 529 3932 dicere
563 3881 750 3932 Lucilii
785 3889 944 3931 metra
977 3878 1181 3929 horrida
1214 3893 1337 3930 esse.

436 3966 490 4024 2)
544 3963 765 4030 Mirum,
811 3961 1061 4013 Mueller-0
1100 3973 1279 4025 operae
1312 3960 1528 4025 pretium
1561 3961 1723 4010 vleum
1769 3959 1935 4010 fuisse*
1970 3965 2075 4010 tem
2120 3959 2342 4023 imperiti
2380 3957 2590 4009 homini·
2615 3949 2731 4001 viii*

364 4046 569 4110 oblique
618 4058 846 4110 carpere,
897 4056 1113 4109 eumque
1163 4043 1374 4093 subinde
1424 4041 1678 4092 antestari.
1759 4042 1824 4092 In
1874 4041 2211 4107 explicatione
2264 4039 2455 4091 Lucilii
2508 4043 2729 4100 nunqnam
2832 4097 2833 4100 Ἴ

365 4128 700 4179 animadverti
732 4128 900 4177 locum
933 4142 962 4175 e
1000 4126 1074 4175 M.
1112 4124 1321 4175 allatum
1359 4125 1690 4174 necessarium
1724 4138 1791 4175 ex
1820 4125 2027 4175 vetustis
2044 4124 2233 4189 poetis,
2264 4124 2354 4188 qui
2382 4139 2415 4173 a
2442 4117 2732 4172 momine

365 4218 513 4262 esset.
583 4210 647 4259 In
694 4223 749 4259 re
792 4209 999 4258 metrica
1042 4206 1284 4258 dissentio
1318 4207 1382 4255 ab
1414 4206 1522 4255 eius
1556 4206 1740 4255 iudicio
1772 4215 1822 4256 et
1856 4205 2000 4256 facile
2038 4207 2216 4270 poterit
2248 4201 2428 4255 efferre
2464 4203 2731 4253 uobsemu·

364 4293 495 4346 τίως’*
518 4289 843 4360 νρὶοηεςιιε”
861 4293 935 4352 (ut
951 4290 1057 4340 eiua
1076 4289 1239 4339 verbis
1253 4288 1387 4354 uter)
1400 4301 1523 4353 ques
1536 4301 1630 4352 ego
1646 4288 1956 4338 violaverim.
1976 4287 2301 4353 Quemquam
2319 4287 2482 4338 adhue
2498 4297 2589 4335 unu
2606 4278 2731 4330 cuein

429 4381 486 4441 3)
525 4375 618 4426 aeC.
655 4373 820 4424 Lucili
852 4373 1148 4423 Saturarum
1179 4370 1436 4435 reliquiae.
1508 4371 1812 4420 Emendavit
1845 4377 1895 4421 et
1928 4369 2191 4420 adnotavit
2224 4369 2479 4421 Lucinuus
2514 4362 2730 4417 Mueller.

365 4461 489 4512 Ace.
526 4456 654 4509 Acci
687 4483 753 4494 —
786 4463 838 4506 et
869 4453 991 4507 Suei
1024 4468 1180 4505 cerm.
1212 4453 1469 4519 reliquiae.
1541 4453 1680 4518 LlpS.
1716 4451 1968 4504 Teubner.
2013 4449 2195 4504 1872.”
