2934 5050
378 296 502 359 108
1354 310 1755 358 nrscacunu

370 479 649 548 nationis
737 499 1006 567 usquam
1094 480 1489 548 mentionem
1558 478 1875 547 fecerint?
1945 479 2050 546 τὸν
2125 478 2242 558 μὲν
2310 475 2754 560 ἑξοςρακισμὸν

368 586 850 670 παρατίθενται,
899 588 1238 664 καταδίκης
1277 587 1340 653 δὲ
1378 587 1670 663 τοιαύτης
1712 586 1982 664 οὐδαμοῦ
2020 585 2520 665 μνημονεύωσιν.
2588 581 2753 663 Quid

369 692 646 759 mirum?
721 693 933 779 Longa
974 692 1110 760 dies
1146 702 1213 760 et
1244 713 1402 760 nova
1440 692 1610 759 fama
1657 712 1792 759 rem
1845 690 2073 780 populo
2114 693 2436 778 ingratam
2466 690 2752 758 occulta—

367 807 580 875 verat,
605 807 664 864 et
693 797 932 887 absque
957 800 1219 867 Cratero
1256 799 1487 868 suisset
1526 819 1716 866 nemo
1754 818 2064 884 umquam
2109 797 2187 865 de
2225 818 2301 865 ea
2340 817 2411 865 re
2459 799 2757 864 scivisset

367 904 743 993 quidquam.
840 905 1202 973 Habeamus
1279 906 1482 992 igitur
1549 908 1603 972 οἱ
1664 909 2035 988 Φιλαληθεῒς
2116 903 2282 971 hanc
2363 905 2631 971 Cratero
2693 911 2760 970 et

369 1010 714 1078 Plutarcho
772 1012 1075 1097 gratiam.
1173 1009 1298 1078 Sed
1360 1019 1455 1078 est
1519 1030 1749 1097 operae
1812 1012 2092 1098 pretinm
2162 1009 2488 1077 Plutarchi
2539 1009 2756 1075 locum

369 1118 604 1184 iterum
655 1116 1002 1203 diligenter
1047 1116 1455 1185 considerare
1502 1126 1565 1184 et
1612 1137 1760 1183 cum
1813 1116 2263 1186 Demosthenis
2315 1116 2451 1183 loco
2494 1117 2566 1182 in
2595 1115 2763 1204 Lep-

367 1224 533 1290 tinea
580 1243 982 1311 componere.
1081 1223 1406 1291 Plutarchi
1457 1223 1614 1291 haec
1664 1223 1852 1303 verba
1903 1233 2057 1290 sunt
2109 1222 2395 1311 (Aristid.
2447 1242 2591 1310 cap.
2620 1224 2763 1310 2⁶0:

367 1330 472 1396 καὶ
522 1329 640 1403 τὰς
688 1330 802 1409 μὲν
868 1329 1214 1411 θυγατέρας
1277 1332 1571 1413 ι’ςοροῦσιν
1616 1331 1685 1396 ἐκ
1731 1333 1840 1395 τοῦ
1884 1330 2244 1413 πρυτανείου
2289 1337 2416 1402 τοῖς
2463 1331 2766 1414 νυμφίοις

368 1436 676 1510 ἐκδοθῆναι
736 1435 999 1521 δημοσίᾳ
1061 1446 1171 1513 τῆς
1234 1434 1470 1509 πόλεως
1534 1439 1639 1503 τὸν
1699 1435 1910 1514 γάμον
1974 1436 2294 1516 ἐγγυώσης
2359 1435 2464 1502 καὶ
2529 1445 2767 1518 προῖκα

368 1542 723 1626 τρισχιλίας
775 1542 1068 1624 δραχμάς
1136 1542 1400 1627 ἑκατέρα
1462 1541 1945 1626 ψηφισαμένης,
2005 1540 2363 1624 Λυσιμάχῳ
2407 1542 2472 1608 δὲ
2518 1545 2606 1625 τῷ
2651 1544 2766 1626 υἱῷ

368 1652 534 1729 μνᾶς
582 1649 695 1729 μὲν
745 1649 965 1715 ἑκατὸν
1011 1649 1295 1731 άργυρίου
1343 1649 1448 1715 καὶ
1495 1658 1617 1727 γῆς
1663 1652 1947 1715 τοσαῦτα
1995 1650 2230 1732 πλέθρα
2276 1649 2769 1731 πεφυτευμένης

372 1753 584 1822 ἔδωκεν
631 1756 659 1821 ὃ
708 1755 944 1836 δῆμος,
1008 1753 1218 1831 άλλας
1282 1754 1343 1820 δὲ
1391 1755 1690 1838 δραχμάς
1739 1755 2049 1837 τέσσαρας
2109 1757 2195 1830 είς
2244 1754 2476 1837 ἡμέραν
2521 1754 2774 1832 έκάςην

372 1859 690 1940 άπέταξεν
749 1861 1155 1942 Ἀλκιβιάδου
1216 1864 1286 1928 τὸ
1346 1864 1662 1945 ψήφισμα
1710 1860 2095 1945 γράψαντος.
2192 1860 2262 1927 In
2317 1860 2416 1927 his
2461 1880 2631 1947 quae
2685 1860 2774 1927 de

375 1967 626 2035 filiabus
673 1967 977 2035 Aristidis
1003 1968 1254 2056 publice
1302 1967 1567 2034 elocatis
1600 1968 1864 2054 scripsit
1898 1976 2162 2033 secutus
2187 1976 2284 2033 est
2318 1965 2554 2033 samam
2583 1966 2772 2056 apud

377 2075 590 2141 nescio
631 2093 823 2160 quem
874 2076 1253 2161 scriptorem
1308 2072 1658 2162 proditam;
1704 2076 2033 2156 ίςοροῦσιν,
2083 2074 2332 2160 inquit:
2381 2082 2446 2140 et
2492 2083 2640 2141 erat
2690 2094 2770 2141 ea

375 2180 542 2247 fama
591 2178 762 2266 apud
812 2180 1194 2267 posteriores
1240 2180 1500 2267 quidem
1552 2179 1904 2247 multorum
1970 2182 2362 2248 testimoniis
2407 2178 2766 2246 celebrata.

377 2287 549 2354 Satis
594 2295 692 2352 est
738 2284 965 2353 audire
1014 2284 1395 2352 Aeschinem
1446 2287 1512 2352 in
1568 2285 1996 2374 ctesiphonten
2044 2289 2082 2371 ς
2136 2292 2293 2354 257.
2362 2285 2765 2366 ὖπολαμβά·

375 2418 508 2462 νετε
552 2393 694 2476 ὃροῖν
715 2432 802 2443 -
827 2396 931 2460 τὸν
967 2394 1303 2477 Ἀριςείδην
1340 2395 1445 2461 τὸν
1491 2394 1631 2468 τοὺς
1666 2395 1887 2478 φόρους
1924 2391 2214 2471 τάξαντα
2252 2402 2379 2468 τοῖς
2414 2393 2768 2472 Ἕλλησιν,

373 2496 457 2569 οὗ
511 2500 1167 2578 τελευτήσαντος
1229 2500 1382 2578 τοὶς
1447 2500 1905 2583 θυγατέρας
1966 2497 2348 2577 ἐξέδωκεν
2395 2501 2423 2567 ὃ
2473 2500 2755 2582 δῆμος,

374 2627 538 2695 quae
589 2605 851 2693 perinde
916 2605 1071 2673 l'alsa
1132 2614 1198 2672 et
1262 2607 1408 2674 licta
1476 2618 1629 2674 sunt
1678 2617 1872 2694 atque
1919 2626 1991 2673 ea
2044 2628 2208 2693 quae
2257 2607 2339 2674 ab
2383 2606 2609 2674 eodem
2669 2609 2764 2697 (in

380 2712 693 2779 Timar-ch.
747 2717 781 2799 §
842 2714 993 2803 175)
1043 2713 1121 2781 de
1172 2713 1458 2781 Socratis
1507 2714 1748 2779 iudicio
1787 2724 2172 2781 narrantur:
2224 2714 2440 2794 ὑμεῖς,
2494 2709 2538 2778 ὦ
2580 2716 2769 2792 Ἀθη·
2889 2742 2890 2797 3

371 2829 524 2887 ναῖοι
548 2870 567 2900 ,
618 2819 949 2901 Σωκράτην
993 2820 1096 2886 τὸν
1160 2823 1421 2904 σοφιςην
1486 2820 1899 2887 ἀπεκτείνατε
1953 2815 2047 2886 ὅτι
2095 2820 2347 2902 Κριτίαν
2389 2818 2596 2903 ἐφάνη
2646 2845 2776 2887 πε·

371 2926 711 3000 παιδευκῶς
749 2922 859 2993 ἕνα
899 2933 1016 2993 τῶν
1053 2925 1409 3007 τριάκοντα.
1466 2926 1943 2994 praeterierant
1985 2935 2121 3013 post
2168 2936 2439 2992 mortem
2470 2924 2778 2993 Socratis

373 3034 526 3101 anni
574 3033 1043 3120 quinquaginta
1095 3042 1158 3097 et
1212 3032 1422 3118 paullo
1468 3031 1748 3119 amplius
1795 3052 1995 3118 quum
2048 3031 2208 3099 haec
2258 3031 2472 3099 fabula
2519 3053 2642 3120 pro
2695 3054 2778 3102 re

369 3141 731 3207 certissima
785 3140 847 3203 in
885 3136 1125 3204 iudicio
1167 3147 1547 3205 narraretur
1577 3188 1595 3218 ‚
1640 3146 1707 3204 et
1747 3138 2067 3203 miremur
2105 3137 2478 3205 mendacem
2511 3137 2772 3208 famam

372 3244 779 3311 circumferri
831 3245 972 3310 eins
1025 3245 1158 3321 rei,
1203 3264 1367 3331 quae
1409 3252 1558 3310 ante
1596 3263 1799 3310 annos
1836 3242 2039 3310 l'erme
2076 3256 2338 3311 centum
2373 3255 2432 3311 et
2483 3245 2774 3329 triginta

372 3361 513 3417 acta
562 3357 750 3417 esset.
848 3348 1125 3415 Fabulae
1174 3359 1348 3415 sunt.
1448 3349 1889 3432 Quod'autem
1941 3349 2018 3415 de
2057 3348 2482 3440 Lysimacho,
2527 3354 2776 3419 Aristi·

371 3456 472 3524 dis
520 3456 688 3536 filio,
744 3453 1128 3522 Plutarchus
1170 3454 1392 3521 retulit
1440 3456 1674 3523 nititur
1711 3463 1887 3523 certa
1933 3454 2053 3522 tide
2094 3456 2464 3524 documenti
2489 3457 2774 3544 publici:

371 3563 587 3630 ἔδωκεν
648 3563 676 3628 ὃ
738 3563 927 3642 δῆμος
976 3601 1060 3612 ——-
1125 3560 1532 3642 ’Λλκιβιάδου
1592 3561 1663 3627 τὸ
1725 3563 2040 3645 ψήφισμα
2102 3562 2493 3646 γράψαντος.
2596 3565 2774 3634 lltud

370 3669 580 3756 ipsum
647 3667 994 3734 Alcibiadis
1048 3669 1361 3752 ψήφισμα
1424 3667 1694 3756 protulit
1760 3677 1825 3735 et
1876 3667 2201 3736 iudicibus
2249 3668 2514 3736 recitari
2565 3671 2776 3739 iussit

372 3772 834 3841 Barnosthenes
881 3776 945 3838 in
990 3773 1289 3860 Leptinen
1334 3793 1480 3861 pag.
1518 3778 1683 3852 491,
1725 3778 1831 3841 26.
1886 3773 2147 3840 Dicebat
2198 3774 2498 3862 Leptines
2547 3776 2772 3864 »apud

370 3882 648 3947 maiores
716 3891 967 3946 nostros
1034 3900 1155 3947 non
1215 3888 1401 3946 erant
1467 3880 1587 3946 ista
1650 3879 1937 3968 praemia
2003 3900 2211 3968 neque
2253 3881 2359 3946 isti
2412 3879 2774 3950 honoresss’

370 3985 732 4074 Respondet
783 3985 1271 4054 Demosthenes:
1323 3989 1357 4062 ἦ
1408 3985 1589 4060 πόλις
1639 3988 1818 4065 ἡμῶν
1848 3986 2038 4066 ἐτίμα
2074 3987 2182 4053 καὶ
2222 3987 2367 4054 τότε
2405 3988 2549 4063 τοὺς
2594 3990 2773 4069 3:7ae-

371 4094 501 4168 θοός
551 4091 660 4158 sed
710 4091 835 4158 alio
901 4092 1086 4158 modo
1147 4101 1209 4158 et
1275 4090 1465 4157 affert
1524 4091 1928 4179 exemplum:
1980 4091 2343 4176 Λυσιμάχῳ
2401 4093 2632 4177 δωρεὰν
2684 4097 2773 4163 ἑνὶ

367 4207 485 4268 τῶν
533 4199 674 4265 τότε
720 4200 1040 4280 χρησίμων
1086 4198 1304 4264 ἑκατὸν
1350 4199 1465 4276 μὲν
1510 4198 1572 4263 ἐν
1617 4199 1861 4283 Εὐβοία
1909 4197 2145 4282 πλέθρα
2192 4208 2314 4278 γῆς
2363 4202 2770 4284 mmm-cupa·

370 4333 472 4383 νης
536 4306 790 4383 ἔδοσαν,
859 4304 1080 4371 ἑκατὸν
1140 4305 1203 4371 δὲ
1266 4311 1502 4387 ψιλῆς,
1569 4302 1659 4370 ἔτι
1707 4304 1770 4371 δὲ
1828 4304 2115 4387 άργυρίου
2163 4309 2330 4384 μνοῖς
2378 4306 2606 4373 ἑκατὸν
2653 4308 2769 4375 καὶ

368 4414 677 4501 τέτταρας
724 4419 836 4487 τῆς
900 4409 1128 4493 ἡμέρας
1192 4409 1486 4493 δραχμάς
1510 4458 1526 4475 .
1577 4410 1682 4475 καὶ
1730 4408 1893 4500 (περὶ
1940 4408 2116 4500 add.)
2162 4411 2397 4480 τούτων
2443 4413 2770 4511 ψήφισμά
