2934 5050
1091 312 1492 359 caniacum
1541 312 1772 357 aarum.
2489 291 2620 355 419

261 473 376 539 mis
435 473 644 542 dictus
715 476 966 544 videtur
1014 496 1071 545 el
1123 477 1480 565 praeferri,
1532 475 1704 543 haud
1753 495 1940 544 secus
1986 494 2180 561 quam
2233 474 2509 561 Rhipeus
2554 482 2623 543 et

260 575 536 646 Panthus
598 599 686 648 νε.
756 586 884 649 426
931 602 1069 668 sqq.
1144 582 1317 649 Haec
1367 583 1571 668 igitur
1616 601 1720 648 me
1765 600 1963 648 causa
2010 578 2305 667 impulit,
2349 587 2420 646 ut
2467 598 2624 647 con·

260 683 555 752 iicerem:

428 788 560 855 Hoc
609 788 893 878 Rhipeus
939 791 1350 879 Hypanisque
1393 791 1757 878 Dymasque
1802 791 2140 876 omnisque
2182 789 2488 857 iuventus

426 892 595 961 laeta
642 894 839 978 facit3
894 917 1029 983 sqq.

257 995 340 1063 CR
392 1002 524 1066 559
579 1020 749 1087 Sqqa

517 1104 783 1173 Addunt
829 1126 898 1172 se
945 1110 1151 1173 socios
1199 1104 1486 1192 Rhipeus
1532 1114 1595 1170 et
1646 1123 1991 1173 maxumus
2038 1104 2242 1170 armis

514 1210 804 1300 Epytus»,
853 1210 1046 1277 oblati
1097 1231 1211 1298 per
1256 1210 1518 1288 lunam,
1571 1208 1977 1297 Hypanisque
2028 1208 2411 1296 Dymasque,

515 1321 583 1381 et
630 1314 813 1382 lateri
861 1315 1304 1401 adglomerant
1354 1324 1572 1380 nostro
1616 1323 1770 1382 cett.

252 1427 312 1485 et
339 1422 608 1486 4282—
657 1430 930 1505 pereunt
980 1420 1387 1508 Hypanisque
1433 1419 1826 1506 Dymasque.

1286 1524 1381 1601 ll,
1434 1529 1587 1590 420.

514 1628 622 1697 Illi
667 1630 899 1702 etiam,
946 1631 999 1696 si
1050 1649 1211 1714 quos
1257 1629 1529 1695 obscura
1583 1638 1767 1696 nocte
1817 1647 1930 1715 per
1979 1627 2278 1697 umbram

520 1732 811 1800 fudimus
858 1734 1106 1799 insidiis
1153 1742 1411 1820 totaque
1458 1735 1849 1820 agitavimus
1899 1732 2092 1811 urbe,

518 1849 867 1926 apparent;
907 1839 1106 1925 primi
1149 1836 1386 1924 clipeos
1436 1840 1841 1925 mentitaque
1889 1838 2015 1905 tela

522 1942 930 2028 adgnoscunt
973 1951 1167 2028 atque
1214 1962 1324 2009 ora
1375 1962 1530 2008 sono
1576 1942 1896 2010 discordia
1945 1945 2227 2028 signant.

338 2046 658 2133 Forhiger
723 2050 976 2114 tametsi
1042 2051 1184 2115 iure
1245 2048 1523 2136 explodit
1596 2047 1916 2115 infelicem
1981 2045 2312 2114 Ribbeckii
2381 2048 2632 2116 coniec-

254 2162 463 2221 turam
521 2153 723 2239 primi
786 2154 849 2218 in
916 2152 1161 2218 Priami
1224 2155 1571 2230 mutantis,
1633 2174 1755 2218 non
1809 2162 2022 2219 tamen
2071 2151 2390 2236 expedivit
2440 2171 2632 2221 usum

253 2257 551 2324 adiectivi
604 2258 801 2344 primi
864 2257 954 2344 (in
1001 2277 1127 2342 quo
1170 2258 1308 2323 iure
1352 2258 1559 2323 haesit
1601 2257 2011 2346 Ribbeckius)
2060 2256 2455 2325 adnotando=
2513 2258 2634 2325 »Hi

210 2382 361 2448 ‚per
429 2370 636 2427 totam
706 2360 928 2427 urbem
980 2363 1237 2446 agitati,
1300 2363 1410 2447 qui
1452 2363 1651 2448 primi
1696 2361 2099 2447 adgnoscunt
2152 2365 2419 2428 mentita
2471 2362 2629 2439 tela,

254 2475 669 2554 opponuntur
717 2486 775 2533 v.
828 2472 955 2533 415
1004 2487 1144 2552 sqq.
1196 2467 1785 2533 commemoratis.”
1849 2468 2008 2534 Nam
2051 2487 2128 2534 ex
2168 2468 2465 2534 universa
2502 2465 2626 2534 loci

253 2574 717 2658 compositione
761 2570 915 2648 hoc,
959 2574 1219 2658 opinor,
1271 2581 1537 2659 apparet
1563 2583 1810 2659 poetam
1840 2572 2085 2640 dicere:
2125 2571 2242 2637 Illi
2267 2574 2456 2637 eliam
2480 2592 2633 2659 quos

254 2687 428 2742 antea
499 2679 763 2743 obscura
824 2688 998 2742 nocte
1059 2677 1346 2763 fudimus
1406 2679 1652 2743 insidiis
1713 2679 1787 2762 (i.
1854 2698 1911 2744 e.
1982 2697 2310 2744 armorum
2378 2676 2635 2742 illorum

256 2784 653 2856 mutatione,
705 2801 869 2866 quae
917 2794 1178 2848 narrata
1226 2790 1322 2847 est
1372 2786 1494 2849 391
1553 2785 1726 2868 sqq.)
1774 2792 2018 2868 totaque
2063 2781 2439 2868 aqitavimus
2484 2780 2637 2845 urbe

261 2884 362 2975 (ci.
429 2891 567 2956 598
629 2889 841 2972 sqq),
903 2887 1179 2952 redeunt.
1268 2887 1435 2953 Nunc
1493 2907 1721 2953 animun
1782 2886 2013 2972 clipeos
2073 2887 2451 2972 mentitaque
2512 2883 2638 2951 tela

258 2994 447 3077 (quae
496 2999 653 3058 ante
696 2989 1077 3079 fefellerant)
1141 2991 1524 3080 adqnoscunt
1579 3000 1735 3058 cett.
1799 2990 1934 3058 lam
1976 2990 2358 3066 videndum,
2412 2998 2633 3058 utrum

262 3096 548 3163 scribere
596 3094 915 3162 sufficiat:

626 3209 977 3287 apparent;
1023 3201 1311 3287 primum
1354 3201 1596 3289 clipeos
1643 3202 2042 3287 mentitaque
2089 3200 2215 3269 tela

628 3304 1030 3392 adgnoscunt
1080 3317 1232 3375 cett.

262 3430 340 3476 an
389 3412 641 3477 maiore
691 3410 1018 3478 molimine
1063 3431 1225 3498 opus
1272 3412 1392 3489 sit,
1442 3432 1501 3476 v.
1553 3433 1644 3478 c.:

686 3505 974 3602 parent,-
1019 3538 1184 3583 nunc
1224 3518 1508 3602 primum
1556 3517 1795 3603 clipeos
1840 3522 1995 3582 cett.

1150 3622 1248 3697 ΙΙ,
1300 3642 1389 3686 vs,
1444 3627 1575 3688 438
1624 3643 1762 3708 sqq.

266 3721 379 3790 Hic
403 3744 560 3791 vero
588 3723 694 3811 (ad
720 3725 959 3790 Priami
986 3725 1185 3813 aedis)
1221 3727 1546 3812 ingentem
1580 3746 1894 3812 pugnam,
1934 3745 2055 3793 ceu
2077 3733 2292 3793 cetera
2316 3745 2640 3814 nusquam

266 3826 422 3895 bella
472 3828 719 3906 forent,
772 3830 931 3895 nulli
983 3839 1113 3896 tota
1165 3840 1572 3898 morerentur
1620 3833 1685 3897 in
1736 3830 1932 3907 urbe,

266 3934 356 4000 sic
402 3934 678 3999 Martem
729 3934 1114 4000 indomitum
1166 3936 1545 4021 Danaosque
1592 3936 1671 4001 ad
1724 3945 1892 4001 tecta
1940 3937 2192 4002 ruentis

267 4039 599 4122 cernimus
645 4038 1104 4125 obsessumque
1151 4049 1292 4106 acta
1346 4041 1666 4107 testudine
1715 4040 1934 4107 limen.

271 4141 547 4209 Haerent
600 4143 956 4228 parietibus
1003 4146 1212 4211 scalae
1257 4166 1599 4231 eosresque
1647 4145 1769 4212 sub
1819 4147 1989 4231 ipsos

271 4248 574 4314 nituntur
619 4247 928 4333 gradibus
975 4249 1337 4337 clipeosque
1385 4250 1462 4317 ad
1517 4252 1640 4317 tela
1691 4252 1976 4318 sinistris

274 4353 545 4436 protecti
591 4351 914 4432 obiciunt,
963 4364 1267 4441 prensant
1314 4355 1573 4443 fastigia
1621 4355 1886 4426 dextris
