2934 5050
985 287 1367 343 rutt.ot.oetc1t
1416 287 1489 341 tn·
1534 288 1790 341 cntueri.
1963 319 2000 346 .,
2055 347 2059 351 ,
2447 278 2572 341 105

199 484 260 552 p.
296 468 461 533 428:
508 461 792 537 ἅπαντες
828 462 1142 541 ἀκηκόατε
1190 467 1481 535 Καλλίαν
1515 465 1619 533 τὸν
1657 460 2003 532 Ἱππονίκου
2037 460 2278 539 ταύτην
2313 467 2426 542 την
2459 464 2574 532 ὑπὸ

196 569 439 638 πάντων
507 569 907 653 θρυλουμένην
970 571 1200 652 εἷρηνην
1265 575 1746 655 πρεσβεύσαντα
1796 569 2044 638 ἵππου
2105 571 2243 648 μὲν
2290 572 2577 656 δρόμον

198 676 499 759 ἧμέρας
564 677 720 762 πεζῇ
766 679 856 757 μη
902 677 1315 756 καταβαίνειν
1360 679 1463 744 ἐπὶ
1513 681 1625 756 τὴν
1671 677 1998 745 θάλατταν
2042 676 2360 758 βασιλέα,
2411 681 2575 752 ἐντὸς

197 784 254 852 δὲ
296 785 658 851 Χελιδονεῶν
703 782 810 849 καὶ
860 789 1138 850 Κυανεῶν
1175 786 1364 868 πλοίῳ
1411 787 1629 868 μακρῷ
1673 787 1766 865 μὴ
1813 791 1994 851 πλεῖν
2035 784 2164 849 κτὲ.
2219 783 2385 851 unde
2429 786 2577 852 Plu-

200 890 413 958 tan-ctio
457 888 660 957 redde
705 891 1067 956 Χελιδονεῶν
1113 898 1180 956 et
1227 898 1506 957 Κυανεῶν
1556 900 1617 959 et
1668 900 1848 958 πλεῖν
1900 909 2013 976 pro
2059 889 2292 956 πλέειν.

279 995 460 1062 lnam
502 994 866 1078 περιβόητον
909 996 1014 1062 καὶ
1065 996 1182 1062 ὑπὸ
1229 999 1479 1064 πάντων
1514 997 1913 1081 θρυλουμένην
1951 997 2177 1078 εἰρήνην
2222 1016 2573 1084 numquam

199 1120 327 1168 esse
394 1104 865 1190 compositam,
933 1100 1042 1169 sed
1108 1101 1189 1167 ah
1258 1102 1762 1170 Atheniensibus
1827 1102 2041 1170 fictam
2094 1122 2268 1169 nunc
2316 1102 2574 1189 quidem

199 1217 439 1275 constat
505 1209 682 1274 inter
743 1227 985 1273 omnes.
1083 1207 1302 1296 Lepidi
1371 1209 1800 1276 Athenienses
1849 1208 2295 1275 monstrabant
2363 1220 2575 1274 tamen

200 1313 377 1390 ςῆλην
435 1314 705 1392 λιθίνην,
768 1314 832 1377 in
899 1331 1025 1400 qua
1086 1312 1260 1380 illius
1328 1315 1506 1402 pacis
1555 1314 1726 1402 leges
1793 1314 2155 1382 luculentae
2219 1315 2577 1402 insculptae

200 1417 607 1506 legebantur,
670 1419 780 1486 sed
843 1420 1217 1486 acutissime
1289 1411 1736 1508 Theopompus
1800 1420 2090 1487 fraudem
2165 1420 2575 1486 manifestam

203 1525 551 1613 redarguit.
666 1524 1137 1593 Animadvertit
1223 1528 1397 1593 enim
1484 1529 1595 1604 τὴν
1663 1531 1855 1605 ςήλην
1937 1528 2002 1593 οὔ
2071 1535 2197 1603 τοῖς
2268 1530 2580 1601 Ἀττικοῖς

202 1632 567 1713 γράμμασιν
627 1633 806 1700 ἀλλὰ
866 1641 986 1707 τοῖς
1056 1640 1173 1698 τῶν
1229 1634 1437 1699 Ἰώνων
1499 1654 1639 1700 esse
1705 1632 2117 1719 inscriptam:
2186 1635 2400 1720 itaque
2445 1643 2584 1719 post

205 1735 529 1806 Euclidem
603 1737 863 1805 demum
934 1739 1355 1826 suppositam.
1448 1739 1542 1807 Cl'.
1605 1740 2065 1826 Harpocration
2138 1760 2197 1804 v.
2271 1742 2582 1815 Ἀττικοῖς

202 1843 559 1925 γράμμασι.
654 1843 826 1912 Nihil
889 1843 1040 1911 huic
1097 1853 1484 1931 argumento
1532 1847 1761 1933 opponi
1816 1855 2057 1933 potest,
2108 1856 2323 1914 tamen
2367 1845 2583 1912 surdis

204 1950 423 2017 cecinit
488 1949 803 2030 auribuS,
870 1952 932 2018 ἐν
995 1952 1058 2018 δὲ
1120 1959 1246 2026 τοῖς
1309 1953 1718 2035 ψηφίσμασιν
1782 1953 1828 2018 ἃ
1890 1957 2215 2033 συνήγαγε
2279 1952 2581 2035 Κρατερὸς

200 2055 565 2141 ἀντίγραφα
606 2059 906 2132 συνθηκῶν
948 2060 1028 2131 ῶς
1076 2055 1413 2139 γενομένων
1462 2059 1977 2138 κατατέτακται,
2044 2066 2115 2125 ul
2162 2057 2392 2126 scribit
2442 2058 2584 2125 Plu·

202 2161 456 2229 tarchus
508 2164 578 2228 in
625 2163 887 2231 Cimone
934 2162 976 2229 l.
1019 2163 1063 2230 1.

282 2267 444 2334 Hinc
507 2268 707 2335 simul
778 2269 1205 2355 intelligimus
1249 2272 1588 2337 Craterum
1648 2290 1772 2336 non
1839 2279 2093 2338 tantum
2144 2291 2220 2339 ex
2266 2270 2587 2337 tabulario

205 2382 477 2442 veterum
531 2385 1101 2442 monumentorum
1157 2377 1530 2461 ἀντίγραφα
1579 2376 1873 2458 dedisse,
1921 2378 2066 2457 sed,
2120 2387 2190 2445 ut
2242 2378 2494 2444 Polemo
2555 2379 2585 2443 ὁ

202 2481 546 2557 ςηλοκόπας
593 2491 810 2570 postea
847 2480 996 2549 l'ecit
1040 2485 1101 2548 in
1144 2481 1289 2548 aliis
1313 2481 1620 2550 Graeciae
1664 2482 1968 2564 urbibus,
2021 2485 2114 2550 sic
2139 2504 2286 2552 eum
2318 2482 2586 2552 Athenis

207 2585 266 2652 ἐκ
305 2594 421 2655 τῶν
449 2595 655 2666 ςηλῶν
697 2593 815 2654 τῶν
855 2588 1119 2674 δημοσίᾳ
1155 2588 1442 2668 κειμένων
1481 2597 1600 2656 τῶν
1641 2616 1713 2657 τε
1750 2597 2010 2672 χαλκῶν
2053 2592 2158 2658 καὶ
2201 2597 2316 2658 τῶν
2356 2592 2587 2657 λιθίνων

208 2694 453 2782 antiqua
503 2694 893 2763 documenta
943 2695 1315 2783 collegisse,
1369 2695 1539 2762 unde
1584 2705 1649 2763 et
1698 2697 1927 2764 titulus
1974 2699 2187 2786 operis
2234 2694 2586 2780 Ψηφισμα-

206 2820 310 2865 των
355 2804 848 2881 Συναγωγή.

288 2906 373 2974 lle
416 2906 663 2974 litteris
719 2907 951 2974 Atticis
1013 2907 1303 2995 antiquis
1366 2916 1430 2974 et
1494 2909 1767 2989 loniciS,
1837 2929 1999 2996 quas
2064 2918 2202 2996 post
2249 2906 2581 2975 Euclidem

210 3008 459 3080 demum
508 3012 931 3080 Athenienses
972 3013 1224 3100 publice
1252 3024 1677 3101 receperunt,
1721 3016 1936 3082 omnia
1973 3024 2120 3081 nota
2165 3023 2339 3081 sunt.
2410 3013 2589 3081 Addo

212 3119 540 3207 antiquum
569 3117 853 3185 scholion
900 3119 980 3185 ad
1016 3119 1199 3187 Iliad.
1250 3129 1326 3185 H.
1378 3125 1526 3187 185.
1558 3123 1682 3204 οὐχ
1721 3123 1771 3187 οἱ
1814 3121 1989 3187 αὐτοὶ
2033 3119 2189 3198 ἦσαν
2222 3120 2397 3204 παρὰ
2436 3125 2593 3186 πᾶσι

212 3230 323 3297 τοῖς
341 3223 615 3300 Ἕλλησι
643 3234 1070 3308 χαρακτῆρες.
1123 3225 1391 3310 διαφορα
1447 3228 1512 3293 δὲ
1553 3228 1656 3293 καὶ
1691 3228 1776 3293 τὰ
1827 3235 1944 3294 τῶν
1977 3227 2258 3308 ςοιχείων
2281 3227 2595 3306 ὀνόματα,

212 3328 282 3400 ὥς
321 3332 388 3398 τὸ
436 3329 617 3397 σιέν.
684 3331 1117 3414 Καλλίςρατος
1180 3333 1244 3398 δὲ
1303 3334 1331 3399 ό
1382 3332 1622 3413 Σάμιος
1671 3334 1773 3400 ἐπὶ
1822 3336 1941 3399 τῶν
2013 3339 2594 3409 Πελοποννησιακῶν

216 3433 435 3512 ταύτην
478 3428 829 3517 μετήνεγκε
873 3438 984 3514 την
1047 3440 1499 3520 γραμματικὴν
1547 3439 1653 3505 καὶ
1703 3442 2049 3522 παρέδωκεν
2105 3440 2444 3515 ’Λθηναίοις
2489 3438 2588 3504 ἐπὶ

220 3535 497 3623 ἄρχοντος
565 3543 930 3623 Εὐκλήτου,
995 3542 1072 3617 ῶς
1137 3550 1330 3629 φησιν
1383 3545 1691 3629 Ἔφορος,
1757 3546 1887 3612 imo
1952 3565 2103 3613 vero
2149 3545 2250 3611 ἐπὶ
2300 3543 2595 3628 ἄρχοντος

219 3646 671 3717 Εὐκλείδου.

300 3857 537 3929 lterum
585 3861 946 3931 Meinekius
1011 3864 1222 3931 utitur
1282 3864 1419 3931 loco
1485 3862 1814 3931 Plutarchi
1879 3865 2225 3952 depravato
2273 3883 2332 3951 p.
2379 3867 2510 3930 717
2560 3882 2595 3929 e

225 3961 339 4030 vita
391 3967 693 4035 Aristidis
742 3974 848 4036 26.
913 3969 1256 4049 Craterus,
1309 3971 1559 4056 inquit,
1607 3971 1956 4037 memoriae
2005 3969 2289 4058 prodidit
2336 3970 2596 4053 ’Λριςεί-

225 4065 318 4144 δην
346 4073 576 4140 α’λῶναι
614 4074 967 4156 δωροδοκίας
1011 4076 1367 4159 Διοφάντου
1400 4080 1511 4143 τοῦ
1549 4079 2053 4161 Ἀμφιτροπῆθεν
2087 4083 2591 4160 κατηγοροῦντος,

224 4175 294 4246 ὃς
320 4174 417 4245 ὅτε
454 4180 595 4255 τοὺς
633 4180 855 4263 φόρους
903 4179 1251 4263 ἔπραττε
1299 4183 1476 4264 παρὰ
1510 4190 1627 4249 τῶν
1674 4183 1881 4250 Ἰώνων
1915 4186 2228 4267 χρήματα
2252 4182 2596 4263 λαβόντος,

229 4277 449 4351 έκτῖσαι
496 4287 548 4352 δ’
592 4288 703 4352 οὐκ
740 4285 981 4370 ,ἔχοντα
1035 4292 1146 4366 την
1207 4291 1549 4365 καταδίκην
1613 4294 1995 4366 πεντήκοντα
2052 4295 2214 4368 μνῶν
2262 4286 2447 4356 οὖσαν
2493 4289 2595 4353 έκ-

231 4394 479 4458 πλεῦσαι
528 4394 633 4459 καὶ
680 4394 816 4478 περὶ
864 4396 975 4472 τὴν
1022 4397 1254 4463 Ἰωνίαν
1292 4398 1640 4464 ἀποθανεῖν.
1714 4394 1884 4461 Nihil
1926 4404 2136 4482 polest
2176 4415 2316 4467 esse
2355 4394 2599 4459 certius
