2934 5050
1111 340 1170 388 m
1219 341 1615 389 necnooonuu.
2426 324 2554 386 345

228 509 649 591 Κεφαλλήνων,
695 525 859 596 quae
903 507 1120 576 itidem
1164 510 1432 596 periisse
1482 506 1736 575 videtur
1775 528 1833 595 p.
1865 512 2017 575 295.
2047 512 2164 582 23,
2215 502 2320 574 ubi
2369 506 2554 574 hodie

223 613 636 694 Κεφαληναίων
667 612 926 699 legitur.
975 612 1206 679 Itidem
1233 613 1514 678 Atticam
1548 612 1935 679 locutionem
1971 612 2234 698 periisse
2256 608 2558 678 existimo

223 734 278 801 p.
309 722 450 782 311.
501 722 528 782 1
578 720 664 784 ἐκ
710 717 993 797 γειτόνων
1039 720 1287 785 οἰκοῦσα
1332 726 1397 783 et
1443 737 1505 803 p.
1538 723 1689 783 237.
1740 723 1781 783 9
1830 719 1986 782 πίνει
2035 718 2118 783 ἐκ
2165 715 2452 797 γειτόνων
2488 724 2554 783 et

220 839 494 906 reponam
549 824 622 887 ἐν
664 824 970 901 γειτόνων.
1066 823 1133 890 Si
1181 825 1285 890 cui
1326 830 1540 888 tamen
1589 842 1774 888 error
1819 821 2141 889 videbitur
2189 843 2313 889 non
2371 821 2562 888 libra·

219 925 437 992 riorum
483 928 593 995 sed
640 928 959 994 Heliodori
998 929 1233 1015 ipsius,
1285 947 1406 993 non
1451 946 1686 1012 magno
1719 946 1909 1013 opere
1949 926 2339 1013 refragabor.
2389 926 2557 1013 Ege-

216 1039 353 1095 runt
396 1029 472 1097 de
516 1031 625 1098 illo
669 1034 731 1098 ἐν
777 1033 1061 1112 γειτόνων
1123 1032 1387 1119 plurimi
1434 1039 1499 1098 et
1547 1032 1839 1098 omnium
1891 1032 2238 1099 novissime
2283 1031 2558 1101 Cohetus

216 1132 275 1198 in
315 1126 537 1202 noem.
587 1136 698 1202 lx.
747 1158 812 1224 p.
866 1142 1014 1205 164.
2046 1160 2061 1169 ·

289 1237 406 1306 Sex
450 1242 701 1329 paginis
759 1243 1050 1328 proxime
1108 1241 1529 1328 sequentibus
1574 1241 1989 1308 librariorum
2038 1252 2195 1309 suot
2237 1240 2556 1329 quaedam

212 1343 444 1411 minuta
487 1347 644 1413 vitia
691 1366 817 1412 non
878 1346 1071 1433 digna
1120 1366 1284 1434 quae
1331 1346 1758 1426 adnotentur,
1809 1345 1998 1433 paulo
2043 1348 2287 1413 maiora
2334 1357 2550 1414 autem

208 1445 567 1536 Interpretis
631 1450 879 1530 Latini,
941 1453 1047 1519 cui
1089 1471 1149 1517 v.
1193 1472 1250 1519 c.
1311 1452 1399 1518 τὰ
1462 1444 1595 1520 ἶς’ία
1654 1452 1886 1531 οἰνιμῖὲν
1934 1451 2259 1537 significat
2306 1451 2557 1519 scilicet

208 1554 502 1622 rennuere
560 1556 734 1630 νοέω
781 1564 848 1621 et
909 1556 1321 1643 pervenimus
1382 1555 1462 1621 ad
1512 1576 1573 1643 p.
1615 1561 1769 1625 317.
1814 1562 1920 1624 47.
2017 1556 2418 1623 Describitur
2466 1557 2554 1624 ibi

204 1666 512 1726 certamen
580 1657 912 1741 singulare
970 1660 1330 1747 Theagenis
1374 1669 1439 1727 et
1490 1660 1733 1738 Pelori,
1781 1662 1891 1747 qui
1939 1661 2120 1727 navis
2162 1661 2558 1746 gubernator

204 1760 361 1841 erat,
409 1783 537 1850 qua
595 1762 884 1845 infelices
939 1773 1232 1831 amantes
1277 1767 1344 1830 in
1389 1767 1751 1855 Aegyptum
1802 1765 2051 1833 devecti
2092 1774 2299 1833 erant.
2363 1770 2555 1833 ’Τπε-

202 1867 444 1949 λεΙΦθη,
514 1867 892 1937 Heliodorus
959 1869 1217 1947 scribit,
1283 1871 1368 1951 τῷ
1437 1872 1696 1953 Πελώρῳ
1758 1877 2165 1951 μονομαχῶν,
2237 1871 2404 1952 ἀνδρὶ
2471 1874 2560 1937 τὰ

200 1970 400 2039 πάντα
443 1974 708 2056 γενναίῳ
753 1974 858 2039 καὶ
906 1973 1009 2057 Φό
1022 1999 1053 2039 ν
1073 1999 1181 2048 οις
1230 1975 1809 2056 ἐγγεγυμνασμένοι
1848 1973 2277 2055 παμπόλλοις.
2373 1975 2455 2041 Ut
2490 1978 2556 2041 in

201 2076 433 2144 incerta
499 2098 575 2145 re
637 2077 886 2145 arridet
941 2080 1174 2157 πόνοις,
1227 2063 1436 2167 neque
1500 2079 1826 2165 vulgatam
1896 2079 2234 2146 lectionem
2300 2077 2556 2149 defendi

198 2200 368 2267 posse
428 2184 734 2251 existimo
811 2185 892 2249 iis
976 2203 1140 2269 quae
1221 2183 1529 2271 leguntur
1594 2206 1655 2270 p.
1704 2189 1856 2251 242.
1930 2188 2042 2251 52.
2137 2185 2393 2251 Certius
2460 2195 2559 2252 est.

198 2304 257 2371 ῃ.
299 2292 450 2355 518.
499 2294 540 2356 ὅ
607 2288 852 2370 ἐγείρας
911 2288 982 2354 τὸ
1041 2287 1327 2371 Φρόνημα
1391 2298 1644 2363 πολλοῖς
1710 2289 1819 2364 ἤδη
1878 2296 2005 2361 τοῖς
2061 2286 2379 2369 τραύμασι
2425 2312 2554 2355 πε·

195 2392 650 2472 πιεσμένον,
689 2393 935 2478 requiri
975 2393 1526 2473 πεπιεσμένος.
1575 2393 2022 2458 Certissimum
2062 2401 2278 2459 autem
2321 2414 2381 2480 p.
2400 2400 2552 2461 322.

199 2498 275 2563 23
319 2496 487 2566 male
546 2496 749 2565 relata
812 2517 952 2566 esse
1010 2497 1351 2579 Cnemonis
1407 2497 1490 2564 ad
1552 2496 1946 2565 Charicleam
1977 2497 2220 2565 verba:
2270 2500 2556 2584 ἐπίφορὸς

192 2623 308 2676 πως
347 2604 451 2686 ἀεὶ
507 2603 859 2692 τυγχάνεις
915 2605 1003 2669 τὰ
1061 2605 1312 2687 χείρονα
1369 2602 1785 2681 μαντεύεσθαι
1849 2603 1952 2667 καὶ
1999 2603 2251 2683 ψεύδη
2294 2612 2362 2684 γ’
2409 2604 2555 2685 ἅμα

191 2709 385 2781 καλῶς
429 2709 610 2774 κατὰ
651 2713 830 2775 τοῦτο
890 2714 1169 2776 ποιοῦσα.
1266 2707 1674 2775 Facillimum
1730 2713 1829 2773 est
1881 2707 2162 2774 scribere
2206 2708 2311 2774 καὶ
2354 2697 2557 2794 ψεύδῃ

185 2812 252 2886 γ’
290 2808 469 2890 ἅμα,
522 2810 621 2879 vel
667 2813 722 2878 si
769 2815 976 2879 mavis
1019 2813 1256 2896 ψεύδει.

268 2916 550 2984 Prorsus
623 2916 967 2984 barbarum
1037 2927 1135 2984 est
1204 2918 1371 3005 quod
1413 2918 1684 3004 ·legitur
1747 2924 1998 3004 11:327.
2062 2923 2145 2984 27
2203 2917 2550 3000 ἤσπαζον

184 3019 337 3087 τότ’
382 3022 707 3097 ἀλλήλους
769 3042 884 3107 pro
944 3020 1393 3102 ἠσπάζοντό
1451 3030 1511 3088 τ’
1556 3024 1909 3100 ἀλλήλους,
1974 3029 2047 3088 ut
2094 3030 2267 3089 recte
2313 3022 2554 3109 legitur

185 3143 241 3211 p.
271 3131 430 3196 5315.
487 3132 604 3195 20.
695 3126 990 3195 Solemnc
1035 3127 1264 3193 vitium
1315 3135 1413 3193 est
1457 3147 1521 3214 p.
1553 3133 1702 3194 529.
1753 3132 1839 3194 50
1886 3125 2174 3207 ἐπιμίξαι
2218 3137 2344 3202 τοῖς
2395 3129 2555 3196 ὑπο-

184 3232 476 3310 λιπομέ
496 3254 652 3305 νοις
716 3251 831 3319 pro
887 3232 1405 3312 ὑπολειπομένοις.
1504 3230 1628 3298 Sed
1690 3252 1814 3298 non
1867 3251 2131 3319 prorsus
2175 3242 2428 3300 constal.
2475 3233 2555 3302 de

184 3352 324 3402 vera
367 3337 704 3423 scriptura
755 3357 813 3423 p.
854 3342 1006 3404 330.
1047 3343 1106 3403 4.
1205 3338 1467 3422 Legitur
1514 3337 1634 3402 sic:
1679 3336 1928 3415 μέλιτος
1975 3336 2190 3417 ἐπέχει
2235 3339 2321 3420 τῷ
2362 3337 2556 3421 βόθρῳ

183 3440 280 3505 καὶ
327 3439 510 3515 αὖθις
556 3440 629 3518 ἐξ
689 3442 886 3524 ἑτέρου
951 3441 1293 3531 (κρατῆρος)
1343 3439 1668 3520 γάλακτος
1715 3441 1818 3506 καὶ
1867 3437 2013 3507 οἶνον
2061 3443 2130 3506 ἐκ
2175 3444 2377 3523 τρίτου
2419 3442 2556 3508 ἑπέ-

181 3546 456 3613 σπενδεν.
553 3545 650 3612 Ex
712 3546 1119 3632 praecedenti
1181 3545 1489 3631 vocabulo
1550 3545 1749 3628 ἑτέρου
1787 3553 2022 3639 Δῐιειῑιιῐιι
2077 3565 2217 3611 esse
2263 3547 2558 3633 suspicor

181 3650 554 3732 genetivum
605 3648 1013 3730 γάλακτος
1061 3659 1126 3717 et
1166 3650 1387 3716 malim
1427 3658 1604 3717 certe
1641 3649 1884 3729 γάλα.
1982 3650 2225 3715 Verum
2266 3658 2339 3715 ut
2380 3657 2558 3719 recte

179 3754 268 3820 sic
311 3755 728 3842 corrigatur.
797 3757 1048 3822 minuta
1112 3757 1234 3821 ista
1298 3755 1454 3821 vitia
1504 3762 1658 3821 sunt
1705 3755 1899 3821 sicuti
1951 3752 2271 3841 permulta
2317 3754 2440 3822 alia
2488 3766 2554 3824 et

181 3876 458 3947 propero
502 3858 582 3926 ad
630 3881 690 3947 p.
720 3866 873 3928 335.
907 3866 990 3928 19
1037 3859 1145 3927 ubi
1183 3859 1562 3948 Tliyamidis
1591 3867 1745 3926 sunt
1781 3859 1860 3926 ad
1901 3859 2301 3943 Theagenem
2330 3859 2549 3927 verba:

178 3962 613 4046 τὸνλῃςρικὸν
656 3966 999 4040 διαθλήσεις
1044 3965 1209 4043 βίον,
1257 3963 1363 4036 ἕως
1411 3962 1489 4030 ἄν
1536 3988 1596 4029 τι
1630 3964 1807 4037 τέλος
1838 3969 1955 4029 τῶν
1990 3963 2159 4028 κατὰ
2194 3964 2260 4028 σὲ
2300 3964 2552 4043 δεξιώ-

180 4090 404 4150 τερον
456 4069 736 4152 ὑποφήνῃ
777 4068 923 4145 θεός.
995 4069 1193 4136 Nemo
1237 4067 1411 4134 dicat
1457 4068 1611 4153 quid
1652 4069 1739 4133 sit
1788 4070 1850 4133 in
1888 4067 1990 4133 his
2016 4067 2227 4136 verbis
2268 4069 2354 4134 τὰ
2377 4070 2554 4136 κατὰ

178 4171 280 4249 σέ,
320 4171 502 4259 qnod
540 4175 760 4240 minus
789 4173 1120 4241 commode
1144 4173 1449 4260 conjungi
1474 4172 1730 4238 videtur
1754 4192 1902 4238 cum
1929 4173 2333 4240 substantivo
2354 4173 2553 4247 τέλος.

176 4272 270 4342 Nc
313 4284 467 4342 tum
513 4278 773 4364 quidem
825 4278 983 4344 satis
1028 4286 1203 4345 recte
1252 4276 1369 4344 hoc
1417 4276 1665 4343 dictum
1718 4276 2074 4355 videbitur,
2127 4279 2181 4344 si
2221 4278 2367 4363 quis
2414 4296 2553 4342 ver·

180 4379 372 4445 terit:
449 4379 834 4450 Praedonem
881 4405 1064 4471 oyes,
1127 4384 1317 4449 donec
1377 4382 1776 4449 miseriarum
1824 4393 2073 4448 &mrtem
2119 4382 2271 4447 deus
2316 4379 2556 4445 dederit

2205 4489 2269 4535 23
