2934 5050
1194 274 1538 324 Romnum.
2425 258 2552 326 173

172 462 307 506 non
355 440 613 506 cadebat
630 488 648 517 ,
698 443 773 504 ut
816 445 939 502 tum
982 439 1241 524 quidem
1282 441 1485 529 vulgo
1524 441 1962 525 opinabantur.
2031 443 2106 508 In
2143 444 2555 529 simplicitate

98 552 113 561 “
173 546 446 628 mtiqua
489 547 633 628 quis
676 543 934 609 tandem
982 545 1053 608 in
1098 544 1217 609 tali
1261 566 1329 610 re
1372 542 1769 611 offendisset?

266 649 492 714 Unum
536 670 614 714 ex
659 648 859 714 Iliade
903 647 1117 714 locum
1165 649 1415 715 addam.
1509 649 1781 738 Legitur
1812 658 1897 714 T.
1944 648 2099 715 218.

453 753 725 832 κρείσσον
770 751 858 827 εἷς
906 754 1117 832 ἐμέθεν
1164 753 1270 818 καὶ
1316 754 1604 836 Φέρτερος
1651 756 1758 820 οὐκ
1804 753 2013 833 ὅλίγον
2055 778 2170 834 περ

455 856 678 937 ἔγχει,
725 857 848 936 ἐγὼ
894 857 962 923 δέ
1009 882 1079 923 κε
1124 865 1249 923 σεῖο
1296 857 1559 935 νοήματί
1605 881 1683 935 γε
1731 858 2160 937 προβαλοίμην

453 961 707 1039 πολλόν,
758 962 890 1027 ἐπεὶ
940 962 1221 1044 πρότερος
1265 961 1534 1042 γενόμην
1579 963 1687 1028 καὶ
1737 964 1994 1028 πλείονα
2041 959 2204 1029 οἶδα.

174 1063 447 1130 laudans
490 1067 659 1131 hunc
700 1088 958 1134 versum
992 1066 1305 1132 Aristides
1341 1067 1477 1148 περὶ
1516 1071 1623 1131 τοῦ
1662 1066 2208 1149 παραφθέγματος
2249 1069 2429 1135 Tom.
2467 1070 2547 1136 Π.

175 1192 323 1258 pag.
376 1169 533 1235 499.
579 1171 771 1236 Dind.
826 1171 1038 1235 addit:
1101 1172 1154 1236 οἱ
1198 1174 1435 1253 Φαῦλοι
1478 1176 1598 1257 τῶν
1642 1178 2101 1250 γραμματιςῶν
2144 1173 2549 1250 λυμαίνονται

174 1276 260 1355 τῷ
323 1273 463 1340 ἔπει
485 1324 501 1352 ,
567 1267 622 1340 οἳ
675 1275 747 1340 τὸ
793 1282 1168 1341 ΠΟΛΛΟΝ
1210 1272 1585 1342 ’ἀπολύουσιν
1631 1276 1758 1341 ἀπὸ
1804 1282 1910 1343 τοῦ
1958 1277 2275 1360 προτέρου,
2326 1278 2549 1358 ἄγουσι

176 1380 230 1444 3’
279 1379 383 1444 ἐπὶ
432 1381 521 1444 τὰ.
567 1377 737 1455 ἑξῆς,
799 1377 876 1445 ὧν
943 1380 1194 1459 ἡγεῖται
1241 1382 1414 1445 κατὰ
1457 1382 1570 1456 την
1613 1385 1720 1445 τοῦ
1766 1380 1947 1454 ἔπους
1994 1384 2214 1463 ἀρχήν.
2307 1382 2548 1449 Eadem

176 1505 273 1550 res
330 1483 566 1550 multis
625 1489 1158 1550 commemoratur
1200 1487 1270 1549 in
1314 1483 1625 1551 Scholiis:
1698 1484 2020 1563 θαυμασία
2068 1487 2172 1551 καὶ
2213 1487 2547 1565 διαβόητος

181 1592 215 1664 ἧ
260 1590 469 1668 ςιγμῆ
504 1592 540 1664 ἦ
580 1590 666 1661 εἷς
710 1588 783 1653 τὸ
828 1588 1399 1668 προβαλοίμην
1445 1588 1553 1653 καὶ
1599 1589 1980 1672 ἀναφέρεται
2028 1593 2113 1665 εἷς
2161 1593 2546 1672 Ἀριςοκλέα.

181 1694 345 1775 Quid
393 1694 655 1759 tandem
699 1696 1019 1778 permovit
1061 1693 1442 1759 Aristoclem
1486 1699 1563 1758 ut
1599 1698 1737 1759 tam
1774 1700 2057 1760 coactam
2095 1702 2160 1760 et
2192 1702 2547 1762 contortam

179 1799 518 1864 verborum
559 1800 1080 1882 compositionem
1111 1797 1390 1863 naturali
1427 1818 1500 1863 ac
1522 1798 1801 1882 simplici
1823 1797 2263 1883 anteponeret?
2296 1801 2546 1887 Nempe

177 1905 587 1969 'Anpenec
645 1902 813 1968 δοκεῖ
863 1902 1029 1982 αὐτῷ
1093 1901 1164 1965 τὸ
1234 1899 1538 1966 πολλόν
1595 1909 1722 1974 τοῖς
1785 1903 2138 1980 ἡγουμένοις
2186 1903 2542 1981 συνάπτειν,

181 2013 551 2092 poteratque
608 2028 683 2073 ea
737 2027 837 2071 res
887 2003 1131 2070 Achilli
1173 2005 1505 2091 displicere
1548 2011 1662 2071 aut
1704 2006 1902 2071 bilem
1945 2028 2220 2073 movere.
2315 2006 2543 2075 Gram-

184 2114 565 2177 maticorum
604 2110 1019 2176 deliramenta
1051 2110 1207 2174 haec
1245 2115 1395 2175 sunt
1432 2130 1505 2175 eo
1543 2112 1826 2195 turpiora
1861 2131 1985 2195 quo
2021 2110 2312 2196 pluribus
2334 2134 2542 2179 exem·

178 2215 296 2300 plis
335 2217 667 2282 constabat
704 2215 843 2287 τοὺς
884 2212 1073 2293 ἥρωας
1112 2216 1181 2278 in
1219 2219 1422 2280 semet
1456 2216 1613 2299 ipsis
1646 2214 1978 2280 laudandis
2014 2220 2309 2281 naturam
2329 2219 2541 2304 magis

182 2328 417 2388 secutos
467 2342 661 2406 quam
707 2318 1040 2384 artificiose
1085 2319 1456 2384 simulatam
1499 2319 1901 2385 modestiam.

261 2425 563 2492 Scholion
622 2424 703 2488 ad
764 2422 989 2509 Odyss.
1048 2431 1116 2487 Γ.
1185 2421 1336 2489 367.
1399 2426 1495 2487 ita
1551 2425 2099 2490 constituendum:
2168 2427 2374 2507 χρεῖός
2433 2451 2538 2505 μοι
2625 2442 2632 2449 ’

182 2531 517 2612 ὀφέλλεται
565 2531 694 2596 οὔτι
742 2529 864 2593 νέον
905 2552 983 2607 γε
1030 2528 1154 2593 οὐδ’
1192 2528 1434 2606 Myon:
1498 2520 1869 2595 AlcxPoN
1923 2531 2052 2611 γὰρ
2092 2530 2163 2597 τὸ
2205 2533 2397 2598 δοκεῖν
2436 2532 2538 2597 διὸ.

182 2635 387 2715 βραχὺ
437 2635 721 2715 ἀργύριον
765 2631 1332 2707 ἀπαλλάττεσθαι,
1394 2635 1641 2697 mirum
1685 2635 1752 2697 ni
1798 2634 2136 2713 ἀργυρίδιον
2181 2638 2535 2721 scripserit,

184 2746 251 2803 ut
290 2748 384 2807 est
428 2747 569 2806 tota
612 2738 1160 2806 observatiuncula
1203 2738 1459 2811 εὐτελὴς
1510 2738 1614 2802 καὶ
1664 2737 1993 2817 νεωτερική.

264 2843 490 2932 OdysS.
541 2854 616 2909 H.
666 2842 819 2910 238.
882 2842 979 2913 τίς
1038 2864 1128 2907 τοι
1172 2840 1325 2906 τάδε
1372 2838 1582 2918 εἵματ’
1627 2841 1879 2918 ἔδωκενς
1943 2847 2311 2907 annotatur:
2378 2843 2545 2909 δοκεῖ

184 2969 294 3012 τισι
351 2948 912 3029 μικροπρεπὲς
973 2945 1079 3011 καὶ
1141 2947 1540 3012 ταπεινὸν
1597 2944 1668 3010 τὸ
1727 2947 1836 3021 την
1899 2945 2162 3026 Ἀρήτην
2212 2947 2385 3028 παρὰ
2429 2952 2537 3012 τοῦ

184 3047 337 3125 ξένου
381 3060 613 3133 πρῶτον
658 3053 793 3132 περὶ
839 3059 951 3125 τῆς
998 3051 1242 3124 ἐσθῆτος
1290 3049 1713 3115 πυνθάνεσθαι.

270 3155 431 3235 Quid
496 3163 713 3223 contra
765 3161 1027 3221 naturae
1089 3158 1539 3243 congruentius
1584 3159 1680 3220 est
1696 3201 1714 3232 ,
1772 3155 1925 3239 quid
1966 3160 2400 3220 matronarum
2443 3156 2538 3220 in·

190 3263 363 3344 genio
408 3258 926 3328 convenientius?
986 3260 1235 3347 Regina
1277 3262 1563 3347 Aegypti
1608 3266 1671 3325 et
1717 3258 2048 3344 opulentae
2090 3260 2540 3326 Alexandrino-

190 3383 321 3428 rum
363 3387 593 3432 uxores
628 3365 788 3431 talia
822 3385 948 3430 non
985 3365 1320 3429 curabant:
1368 3364 1553 3428 facile
1591 3364 1775 3429 credo
1789 3411 1807 3439 ,
1856 3364 1965 3428 sed
2003 3364 2156 3449 quid
2187 3364 2267 3430 ad
2303 3364 2540 3430 Home-

187 3467 361 3533 rum?
452 3469 882 3552 Μικροπρεπές
968 3474 1032 3533 et
1114 3465 1403 3534 ταπεινόν
1482 3467 1792 3533 vocabula
1875 3474 2024 3534 sunt
2105 3470 2539 3555 arrogantium

188 3570 545 3640 aulicorum.

269 3675 485 3764 Odyss.
537 3689 613 3744 H.
665 3678 816 3745 311.

398 3787 449 3849 εἰ
498 3784 665 3863 γάρ,
717 3789 837 3850 Ζεῦ
888 3808 959 3848 τε
1005 3781 1203 3864 πάτερ
1248 3783 1352 3848 καὶ
1398 3783 1691 3858 Ἀθηναίη
1741 3784 1847 3849 καὶ
1888 3783 2245 3860 ”Λπολλον,

397 3897 555 3962 τοῖος
604 3889 711 3954 ἐὼν
756 3885 873 3962 οἶός
924 3890 1091 3966 ἐσσι,
1134 3889 1220 3953 τά
1262 3912 1335 3953 τε
1380 3887 1641 3966 Φρονέων
1685 3890 1763 3960 ὥς
1811 3886 1933 3964 ἐγώ
1981 3911 2137 3967 περ,

402 3992 603 4059 παῒδά
648 3997 709 4058 τ’
753 3995 905 4072 έμῆν
952 3992 1182 4075 ἐχέμεν
1227 3994 1330 4057 καὶ
1379 3992 1525 4071 ἐμὸς
1572 3992 1862 4071 γαμβρὸς
1910 3991 2266 4057 καλέεσθαι.

197 4093 321 4165 Τοὺς
366 4093 433 4173 ἒξ
481 4096 888 4185 (311—316)
941 4098 1307 4180 Ἀρίςαρχος
1366 4095 1601 4179 διςάζει
1661 4098 1930 4174 Ὀμήρου
1991 4091 2164 4160 εἶναι.
2222 4097 2275 4162 εἷ
2321 4096 2384 4161 δὲ
2432 4097 2537 4161 καὶ

198 4194 489 4279 Ὁμηρικοὶ
557 4203 649 4286 (id
711 4209 805 4268 est
868 4205 1099 4267 etiamsi
1124 4205 1342 4288 forma
1385 4210 1443 4267 et
1486 4204 1678 4268 verbis
1719 4201 1943 4265 simile-5
1984 4207 2124 4264 sunt
2167 4201 2501 4266 Homericis
2518 4250 2536 4281 ,

200 4299 409 4367 etiamsi
462 4329 730 4371 versuum
789 4307 1233 4373 Homerieorum
1290 4308 1534 4391 speciem
1577 4307 1881 4392 refer-tent)
1930 4304 2170 4378 εἶκὸτως
2221 4305 2322 4396 (ἂν
2367 4306 2540 4394 add.)
