2934 5050
1133 306 1193 352 ιη
1247 303 1642 352 ιιιιιουοιιυιι.
2458 289 2579 350 165

219 490 372 558 qnae
415 471 607 540 verba
652 470 1009 540 secundum
1072 474 1493 560 interpretem
1544 470 1914 559 significant
1973 470 2249 539 scilicet:
2298 492 2366 537 os
2411 469 2578 537 illud

215 576 517 661 impurum
565 589 624 645 el
661 581 1064 659 sceleratum,
1113 581 1216 646 cui
1248 585 1460 669 forma
1493 579 1677 667 lonqo
1712 589 1983 664 tempore
2013 578 2183 644 domi
2227 587 2574 654 asservata,

214 683 556 768 quotidiana
616 696 824 752 tamen
884 696 944 753 et
1003 690 1253 774 fucato,
1313 688 1559 754 animos
1604 685 1873 752 attollit.-
1924 683 2091 771 quod
2148 682 2572 750 bellissimum

213 796 339 865 est,
400 791 493 856 uti
554 791 753 859 vides.
846 793 1140 859 Primum
1210 791 1306 859 vel
1375 813 1534 879 puer
1602 792 1817 858 videat
1879 789 2222 877 legendum
2270 809 2410 856 esse
2460 790 2571 855 ἐπ’

211 895 659 974 οἰκήματος.
756 898 1117 966 prostibula
1166 908 1319 965 sunt
1379 901 1446 966 αι’
1493 900 1594 966 ἐπ’
1641 898 1996 976 οἰκήματος.
2092 897 2257 963 Tum
2306 903 2574 983 apparet

210 1001 320 1067 sub
352 1008 470 1069 τῶν
514 1011 829 1072 πολλῶν
875 1004 1226 1073 articulum
1292 1004 1490 1072 latere
1537 1006 1623 1086 τῷ
1671 1014 1736 1071 et
1781 1003 2210 1089 adjectivum,
2273 1001 2443 1089 quod
2491 1000 2571 1068 ad

210 1104 353 1174 illud
418 1108 647 1178 κάλλει
720 1112 1023 1197 pertinet.
1161 1111 1367 1178 Verba
1451 1110 1787 1199 Sophoclis
1860 1111 1921 1175 in
2012 1108 2330 1196 Oedipode
2397 1110 2569 1195 Rege

208 1231 290 1280 vs.
339 1219 509 1283 1396
556 1216 898 1305 expedient
945 1217 1101 1305 quid
1149 1217 1531 1286 Heliodorus
1579 1217 1944 1302 scripserit:

1431 1320 1548 1392 οἷον
1593 1319 1717 1407 ἄρα
1763 1347 1845 1403 με

781 1429 1020 1504 κάλλος
1063 1435 1269 1496 κακῶν
1312 1427 1574 1498 ὕπουλον
1613 1428 1999 1513 ἐξεθρέψατε.

212 1530 325 1599 Boc
366 1521 628 1622 &regie
676 1536 1012 1603 convenit:
1062 1539 1164 1620 τῷ
1213 1536 1526 1620 ὑπούλῳ
1573 1536 1679 1604 καὶ
1743 1533 2270 1618 ἐπιτετηδευμένῳ
2316 1532 2563 1601 κάλλει.

211 1637 352 1719 Quid
419 1661 536 1728 pro
602 1645 821 1725 μακρῷ
881 1643 1107 1729 reponi
1166 1641 1432 1723 debeat,
1498 1663 1624 1709 non
1675 1642 1873 1710 babeo
1921 1662 2037 1729 pro
2083 1649 2260 1708 certo
2307 1639 2561 1708 dicere:

210 1743 426 1832 aliquid
475 1744 848 1815 audendum
899 1747 1159 1814 videtur
1204 1769 1320 1816 nec
1369 1769 1624 1837 semper
1671 1747 1799 1816 leni
1842 1747 2161 1814 medicina
2209 1744 2566 1832 proficitur.

212 1848 484 1920 Fortasse
550 1853 810 1940 probari
874 1855 1143 1942 poterit:
1207 1856 1308 1923 ἐπὶ
1378 1857 1695 1940 κομμῷ,
1768 1874 1918 1922 nam
1982 1852 2305 1935 παιδέρωτι
2368 1851 2565 1918 nimis

208 1953 441 2025 doctum
498 1959 878 2027 vocabulum
931 1961 1207 2029 videtur.

284 2063 720 2151 Tbeagenem,
780 2077 1129 2155 antequam
1197 2070 1472 2135 Arsacae
1514 2068 1812 2155 poculum
1863 2068 2186 2155 porrigat,
2235 2062 2567 2152 pocillator

84 2203 87 2270 ?
209 2175 384 2237 artem
434 2189 626 2237 suam
677 2171 905 2240 docere
955 2173 1124 2241 vult:
1177 2183 1368 2261 negat
1414 2194 1767 2261 generosus
1807 2173 2066 2260 juvenis
2104 2170 2226 2238 sibi
2271 2190 2567 2259 praecep·

84 2279 87 2282 ’
210 2280 323 2341 tore
365 2276 444 2343 ad
500 2277 676 2343 istud
740 2298 978 2346 munus
1039 2299 1200 2366 opus
1261 2300 1437 2357 esse,
1503 2302 1569 2368 p.
1613 2286 1766 2360 355.
1821 2285 1942 2347 55:
1990 2280 2058 2344 σὲ
2107 2280 2221 2358 μὲν
2268 2280 2303 2353 ἦ
2351 2276 2560 2359 τύχη

208 2380 396 2451 εἰδέναι
440 2384 535 2452 τοὶ
579 2390 846 2451 τοιαῦτα
891 2385 1404 2469 καταναγκαζει,
1453 2388 1564 2465 ἐμὲ
1599 2387 1664 2452 δὲ
1711 2388 1747 2462 ἦ
1779 2385 1970 2474 Φύσις
2005 2385 2091 2450 τὰ
2139 2382 2424 2466 πρακτέα
2456 2384 2559 2449 καὶ

84 2519 85 2525 “
209 2484 458 2573 ὄκαιρὸς
510 2491 1034 2575 ὑπαγορεύει.
1110 2493 1273 2560 Leve
1308 2501 1405 2560 est
1445 2493 1730 2560 scribere
1777 2491 2360 2575 ὑπαγορεύσει.
2438 2488 2563 2555 Se'tl

210 2596 465 2679 primum
518 2599 556 2674 ἦ
601 2598 772 2679 τύχη
821 2608 1173 2686 utrumque
1218 2598 1656 2693 pocillatorem
1706 2597 1947 2665 fecerat
1992 2606 2057 2665 et
2095 2597 2561 2664 Achaemenem

207 2708 257 2765 ct
299 2702 726 2792 Tbeagenem.
823 2704 986 2772 Tum
1037 2724 1161 2771 non
1203 2704 1435 2772 servile
1483 2705 1918 2773 ministerium
1967 2712 2145 2783 erat,
2188 2702 2296 2770 sed
2339 2701 2563 2767 admo-

208 2804 339 2875 dum
386 2809 817 2878 honorificum
877 2830 1086 2898 neque
1132 2821 1275 2878 erat
1336 2832 1457 2878 cur
1503 2811 1972 2878 Achaemenem
2038 2809 2231 2875 sortis
2277 2810 2564 2897 poenite-

208 2922 308 2983 ret.
375 2915 653 2996 Deinde,
681 2918 937 2984 etiamsi
979 2917 1325 2984 concedam
1368 2919 1790 2986 contemsisse
1845 2918 2249 3004 Theagenem
2316 2915 2561 2983 Achae·

209 3038 433 3090 meacm
484 3023 567 3090 ob
627 3021 753 3091 vile
802 3043 1040 3090 munus
1096 3044 1399 3112 eumque,
1433 3024 1634 3092 fuisse
1700 3024 2050 3091 allocutum
2100 3023 2284 3110 quasi
2334 3042 2557 3089 revera

84 3122 85 3125 ’
207 3143 408 3196 servus
460 3129 657 3208 soret,
724 3139 936 3198 tamen
998 3132 1168 3213 τύχη
1232 3140 1296 3198 et
1341 3132 1533 3214 φύσις
1582 3130 1751 3197 baud
1800 3139 1973 3197 recte
2022 3131 2192 3196 inter
2251 3149 2319 3197 se
2367 3146 2557 3217 oppo-

210 3241 453 3305 nuntur.
548 3235 839 3323 Denique
899 3236 1051 3304 alibi
1111 3237 1487 3325 saepissime
1548 3236 1720 3325 apud
1780 3237 2056 3304 Graecos
2122 3236 2215 3303 uti
2263 3246 2327 3302 et
2386 3235 2556 3323 apud

212 3352 307 3405 nos
346 3342 653 3431 conjungi
715 3343 920 3410 solent
980 3343 1176 3426 τέχνη
1241 3353 1305 3411 et
1367 3345 1597 3428 φύσις,
1658 3365 1717 3410 v.
1759 3364 1820 3411 c.
1871 3341 2041 3430 apud
2109 3342 2432 3409 Platonem
2484 3340 2563 3409 de

215 3440 349 3535 Rep.
409 3447 491 3519 11.
559 3469 619 3536 p.
660 3452 856 3518 5810.
952 3450 1234 3519 Habebat
1312 3451 1751 3518 Achaemenes
1809 3449 2040 3532 τέχνην
2111 3457 2175 3514 et
2247 3447 2563 3515 didicerat

213 3547 297 3616 ἐπὶ
338 3552 525 3640 τέχνῃ
572 3564 638 3622 et
682 3555 1008 3634 ἐπεποίητο
1051 3557 1305 3641 τέχνην.
1406 3556 1758 3644 Usurpasse
1800 3555 2101 3622 existimo
2145 3552 2552 3619 Heliodorum

214 3656 562 3729 vocabulum
611 3659 842 3744 τέχνην
875 3661 1097 3730 eodem
1149 3661 1336 3730 modo
1381 3682 1511 3752 quo
1546 3662 1726 3731 Plato
1774 3661 1836 3727 in
1889 3661 2235 3745 Protagora
2272 3680 2332 3744 p.
2365 3660 2558 3738 5121),

218 3757 306 3826 nbi
349 3763 628 3835 Socratis
672 3768 867 3836 verba
914 3768 991 3836 ad
1045 3770 1494 3858 Hippocratem
1545 3779 1726 3836 sunt:
1787 3767 2015 3835 τούτων
2059 3767 2136 3833 σὺ
2182 3765 2409 3842 ἑκάς-ην
2454 3770 2561 3834 οὐκ

216 3863 298 3934 ἐπὶ
338 3870 525 3959 τέχνῃ
581 3874 850 3956 ἔμαθες,
899 3877 1050 3943 ἀλλ’
1096 3878 1198 3945 ἐπὶ
1245 3876 1519 3963 παιδείᾳ.
1615 3875 1952 3963 Sophistae
1990 3883 2196 3941 artem
2238 3892 2421 3939 suam
2469 3872 2565 3938 di-

216 3969 487 4047 dicerunt
530 3981 632 4049 ἐπὶ
689 3982 915 4067 τέχνῃ·
963 3983 1075 4070 qui
1122 4004 1230 4051 eos
1276 3982 1553 4050 audiunt
1588 3991 1661 4049 ut
1696 3981 2081 4049 erudiantur
2114 3991 2177 4048 et
2214 3980 2566 4049 liberaliter

219 4076 618 4154 instituantur
661 4088 1066 4168 μανθάνουσιν
1111 4089 1212 4157 ἐπὶ
1258 4090 1538 4176 παιδείᾳ.
1609 4088 1783 4155 ldem
1818 4087 1950 4155 sere
1983 4087 2302 4174 significat
2354 4088 2564 4155 Thea-

219 4203 431 4270 genes:
496 4196 564 4261 σὲ
622 4197 777 4277 μὲν,
827 4195 1074 4283 inquit,
1122 4198 1157 4272 ἧ
1205 4193 1464 4277 τέχνη
1511 4195 1730 4262 εἰδέναι
1777 4194 1867 4261 τοὶ
1911 4199 2175 4260 τοιαῦτα
2221 4198 2556 4274 καταναγ-

222 4290 407 4376 adter-
453 4306 526 4366 tu
569 4309 775 4369 artem
825 4301 1148 4389 profiteris
1194 4300 1535 4390 pocillandi
1583 4308 1648 4368 et
1696 4302 1904 4388 ipsum
1936 4320 2173 4367 munus
2222 4308 2408 4368 tuum
2452 4300 2554 4387 po)

226 4396 398 4465 stulat
460 4411 520 4470 te
593 4407 744 4474 talia
806 4410 1004 4485 scire,
1072 4408 1185 4486 ἐμὲ
1233 4407 1295 4475 δὲ
1344 4408 1379 4483 ἦ
1425 4407 1619 4492 Φύσις
1665 4408 1751 4475 τοὶ
1798 4406 2084 4488 πρακτέα
2127 4405 2230 4472 καὶ
2279 4407 2307 4474 ὃ
2356 4407 2556 4489 καιρὸς
