2934 5050
977 332 1286 409 nucinum
1333 360 1406 407 ur
1453 359 1765 410 [nemu.
2432 347 2557 412 241

275 530 459 598 Aliud
507 528 871 617 exemplum
917 530 1341 598 correctionis
1390 529 1572 600 Leid.
1627 530 1792 601 male
1839 551 1875 599 a
1923 532 2007 599 Μ.
2058 540 2352 620 receptae
2391 542 2564 621 peta·

194 648 293 706 tur
334 658 409 706 ex
454 636 673 704 eodem
725 633 887 703 libro
934 634 1011 702 fr.
1067 639 1149 702 42
1203 636 1310 702 ubi
1359 639 1603 724 recepit
1650 660 1906 719 rerum,
1975 640 2042 705 in
2091 638 2268 707 Leid.
2318 648 2417 707 est
2462 661 2562 711 ree

188 746 335 820 Eum.
429 743 673 810 Versus
715 741 887 829 apud
934 742 1019 810 Μ.
1070 742 1166 808 sic
1214 743 1501 831 scriptus
1543 752 1787 811 exstat:

291 869 510 918 rerum
561 846 1028 937 exploratorem
1074 851 1367 931 mittam,
1416 851 1728 919 miserum
1780 850 2150 920 mendicum
2204 861 2443 940 petam.

186 955 309 1022 Non
367 954 607 1022 diversi
656 967 810 1022 sunt
858 974 1077 1021 rerum
1123 956 1560 1044 exploratores
1607 966 1671 1025 et
1718 959 1918 1025 miser
1960 957 2559 1034 mendicus5immo

184 1061 280 1130 hic
335 1083 529 1151 saepe
576 1062 860 1148 optimus
907 1069 1005 1128 est
1049 1062 1439 1150 exploratum
1491 1065 1769 1131 »misero
1813 1063 2151 1131 mendico'’
2199 1073 2563 1153 opponatur

184 1188 371 1257 paene
426 1188 684 1235 necesse
741 1177 839 1234 est
872 1165 1076 1268 rdives
1122 1177 1236 1235 aut
1284 1168 1535 1237 beatus.
1634 1171 1706 1236 In
1752 1170 1923 1237 Harl.
1967 1191 2083 1259 pro
2122 1172 2413 1258 proximo
2453 1191 2559 1237 vo·

180 1273 394 1341 cabulo
447 1274 686 1360 legitur
731 1274 1180 1362 &pigeret-em,
1235 1277 1377 1343 Par.
1433 1275 1584 1343 binc
1632 1278 2087 1364 expiratorem,
2133 1275 2309 1344 Leid.
2349 1278 2557 1365 expli-

177 1391 468 1454 rator-em:
521 1381 714 1446 Torn.
766 1382 1206 1469 eaepilatorem,
1254 1381 1421 1469 quod
1474 1384 1614 1449 sine
1661 1382 1857 1448 dubio
1902 1402 2152 1451 verum.
2229 1382 2555 1452 Nimirum

177 1507 214 1550 r
262 1485 610 1575 aliquando
671 1485 1072 1576 adscriptum
1133 1496 1206 1554 ut
1253 1509 1329 1555 ex
1382 1488 1603 1578 (mala)
1654 1489 2030 1556 coniectura
2077 1510 2293 1555 recum
2339 1490 2406 1556 in
2451 1512 2557 1557 re-

176 1612 306 1659 rum
357 1601 756 1672 mutaretur,
803 1591 1012 1660 alieno
1051 1592 1189 1660 loco
1228 1613 1428 1681 supra
1469 1595 1882 1683 expilatorem
1920 1595 2197 1682 positum
2239 1604 2357 1662 est.
2415 1597 2554 1664 Iam

178 1718 362 1785 parva
431 1699 794 1765 mutatione
864 1719 1091 1766 versus
1154 1701 1217 1766 in
1281 1702 1611 1787 integrum
1675 1703 2094 1780 restituitur,
2169 1718 2285 1788 pro
2344 1722 2559 1769 recum

176 1804 498 1873 scribatur
544 1826 773 1891 reyum
825 1802 908 1896 (C
954 1825 1072 1892 pro
1119 1805 1242 1895 G):
1724 1828 1733 1839 ·

295 1914 530 1998 regum
574 1910 994 1997 expilatorem
1048 1912 1328 1988 mittam,
1387 1910 1705 1980 miserum
1755 1911 2128 1978 mendicum
2179 1919 2416 1998 petam.

252 2017 536 2086 Omnino
600 2036 722 2082 non
784 2015 1218 2103 neglegendae
1265 2027 1413 2084 sunt
1465 2021 1903 2086 correctiones
1954 2016 2322 2095 LeidensiS,
2381 2017 2553 2106 quod

172 2123 473 2191 familiam
546 2122 840 2191 codicum
892 2124 1228 2210 antiquam
1279 2133 1789 2211 repraesentant.
1884 2123 2014 2191 Nec
2067 2124 2268 2189 mirer
2314 2122 2368 2189 si
2408 2113 2555 2190 'toto

170 2229 365 2297 Nonio
419 2228 652 2296 collato
710 2236 1051 2317 appareat,
1117 2248 1195 2295 ex
1257 2228 1507 2296 duabus
1556 2229 1871 2296 librorum
1921 2227 2187 2295 familiis
2234 2228 2548 2307 alteram,

172 2336 492 2404 meliorem
570 2334 794 2415 illam,
868 2336 1341 2422 repraesentari
1413 2334 1756 2414 Leidensi‚
1826 2334 2139 2414 alteram,
2206 2336 2542 2421 antiquam

170 2454 225 2511 et
268 2445 474 2533 ipsam
502 2492 521 2521 ,
574 2441 956 2520 Harleiano,
1007 2461 1177 2507 saec.
1227 2441 1312 2507 tx
1340 2491 1356 2519 ,
1417 2450 1747 2509 correctos
1792 2449 2012 2508 autem
2064 2441 2179 2507 bos
2216 2440 2412 2508 libros
2450 2440 2545 2508 al-

173 2558 374 2618 terum
418 2570 496 2616 ex
547 2548 816 2615 alterius
854 2550 1113 2635 generis
1152 2546 1371 2614 codice
1416 2566 1578 2615 esse.
2092 2534 2095 2538 ¹

252 2657 324 2725 ln
368 2675 604 2742 genere
638 2651 1137 2740 orthographico
1180 2651 1494 2740 quaedam
1537 2653 1748 2721 editor
1775 2654 2067 2731 novavit,
2096 2651 2217 2720 alia
2241 2661 2541 2721 constan·

169 2763 330 2840 tius,
390 2757 859 2848 quam'adbuc
921 2757 1208 2839 factum,
1285 2762 1643 2847 usurpavit.
1739 2758 1861 2826 Sed
1927 2767 2169 2826 certam
2244 2779 2537 2826 normam

172 2886 286 2933 non
346 2866 584 2954 ubique
647 2874 911 2932 secutus
969 2872 1090 2931 est.
1153 2863 1436 2931 Lucilius
1502 2867 1635 2952 ipse
1699 2866 1764 2931 in
1830 2866 2226 2932 nominativo
2274 2865 2544 2952 pluralis

171 2973 478 3041 secundae
545 2992 604 3038 st
666 2970 1081 3037 scribendum
1139 2990 1280 3037 esse
1331 2973 1686 3059 praecepit;
1730 2972 2027 3058 genetivo
2076 2970 2429 3038 vindicavit
2478 2993 2540 3052 1,

172 3081 355 3145 etiam
405 3075 778 3144 nominibus
821 3096 986 3163 quae
1034 3077 1098 3142 in
1149 3096 1244 3143 ins
1290 3086 1562 3156 exeunt,
1612 3077 1691 3144 de
1731 3097 1859 3164 quo
1897 3097 2049 3144 cum
2095 3076 2250 3143 nihil
2281 3097 2545 3164 praece-

168 3185 327 3269 pisse
358 3184 678 3251 Lucilium
717 3182 798 3248 M.
841 3181 1002 3248 dicit
1043 3202 1099 3267 p.
1144 3186 1275 3248 278
1313 3182 1424 3249 int'.
1456 3184 1515 3271 (»
1553 3235 1568 3249 .
1601 3234 1614 3248 .
1644 3234 1661 3250 .
1690 3235 1704 3249 .
1733 3182 1811 3249 de
1836 3183 2155 3269 genetivis
2180 3181 2542 3251 substanti-

171 3309 379 3357 vorum
444 3292 509 3356 in
579 3290 683 3355 ius
733 3287 826 3354 vel
879 3289 1014 3353 ium
1063 3290 1464 3355 exeuntium.
1509 3286 1621 3355 sed
1665 3288 1839 3354 enim
1893 3308 2210 3375 nusquam
2263 3309 2411 3356 eum
2462 3289 2542 3358 de

171 3395 282 3462 hoc
319 3399 523 3485 egisse
566 3397 703 3483 ipsa
748 3393 1022 3460 Charisii
1069 3391 1260 3460 verba
1301 3392 1659 3460 conserenti
1701 3392 1887 3460 facile
1927 3393 2356 3484 apparebit”),
2402 3415 2539 3463 ma-

176 3500 390 3569 nifesto
440 3502 812 3589 obloquitur
858 3501 939 3566 iis
987 3518 1150 3586 quae
1191 3500 1328 3586 ipse
1369 3508 1545 3566 recte
1579 3498 1657 3566 de
1695 3519 1768 3567 ea
1817 3519 1885 3565 re
1926 3521 1983 3587 p.
2014 3504 2144 3567 224
2182 3498 2433 3566 dixerat
2464 3500 2539 3590 ¹).

177 3604 399 3674 Scribit
444 3609 509 3674 in
559 3609 857 3694 genetivo
899 3605 1146 3672 Corneli
1192 3605 1606 3694 Cornificique
1642 3605 1925 3671 Lucilius
1953 3605 2056 3671 lx.
2100 3609 2204 3671 18.
2256 3605 2535 3671 Tantum

182 3719 248 3775 nt
303 3713 726 3801 distingueret
778 3710 1116 3778 Numerius
1165 3730 1202 3778 a
1247 3734 1548 3778 numerus
1595 3711 1995 3798 praecepisse
2041 3709 2300 3778 videtur
2349 3720 2420 3777 ut
2471 3712 2539 3777 in

179 3828 370 3900 genet.
433 3818 833 3886 scriberetur
893 3817 1157 3886 Nuussu
1220 3824 1284 3883 et
1344 3837 1601 3892 nussum
1672 3817 1855 3904 prius
1909 3824 2125 3884 autem
2179 3815 2337 3883 illud
2386 3836 2538 3885 cum

171 3970 518 3991 ᾗ

248 4068 289 4132 t)
324 4072 530 4124 ndeinde
564 4073 842 4139 [Lucilius]
876 4074 942 4124 de
973 4073 1220 4138 genetivis
1252 4078 1305 4125 et
1335 4071 1577 4122 vocativis
1612 4071 1887 4137 singularis
1920 4073 2346 4124 substantivorum
2381 4073 2434 4124 in
2463 4073 2542 4124 ius

185 4155 507 4206 exeuntium.’'
567 4155 816 4220 Propertii
846 4157 1052 4206 demum
1084 4162 1246 4206 aetate
1279 4155 1319 4205 ii
1352 4156 1403 4205 iu
1438 4161 1607 4218 genet.
1642 4155 1945 4220 disyllabum
1971 4155 2185 4205 subinde
2212 4154 2365 4205 fuisse
2391 4154 2542 4219 lippis

185 4241 234 4279 et
277 4238 549 4288 tonsoribus
603 4245 782 4288 notum
836 4245 927 4288 est.
1007 4237 1244 4288 Voluisse
1301 4237 1557 4287 Lucilium
1612 4243 1671 4286 ut
1728 4237 2098 4301 pronuntiando
2159 4249 2358 4304 quoque
2407 4237 2540 4286 inter

185 4310 320 4366 lucii
357 4325 404 4368 et
444 4316 599 4381 lasci,
644 4317 881 4369 Numer-ii
923 4326 975 4369 et
1008 4317 1197 4368 numeri
1227 4318 1618 4384 distingueretur
1650 4318 1796 4369 docet
1826 4318 2168 4382 fragmentum
2203 4317 2336 4367 infru
2369 4317 2542 4367 lauda.-

189 4400 310 4456 tmn;
340 4398 544 4452 Numeri
573 4402 739 4462 euim,
775 4417 880 4452 nou
913 4399 1153 4451 Numer-ii
1184 4413 1238 4450 se
1271 4400 1467 4453 dedisse
1499 4402 1622 4454 dicit
1659 4408 1744 4451 -ut
1767 4414 2035 4453 numerum
2058 4398 2332 4452 servaret”.
2363 4398 2543 4463 Itaque

191 4475 282 4528 hee
309 4478 492 4553 ffirmue·
512 4485 791 4551 quuutitate
822 4485 1050 4536 diversae
1083 4483 1304 4534 fuerunt.
2217 4562 2247 4609 6

2187 4565 2205 4609 1
