<?xml version="1.0" encoding="UTF-8"?>
<!DOCTYPE html PUBLIC "-//W3C//DTD XHTML 1.0 Transitional//EN"
    "http://www.w3.org/TR/xhtml1/DTD/xhtml1-transitional.dtd">
<html xmlns="http://www.w3.org/1999/xhtml" xml:lang="en" lang="en">
 <head>
  <title>
</title>
<meta http-equiv="Content-Type" content="text/html;charset=utf-8" />
  <meta name='ocr-system' content='tesseract 3.04.00' />
  <meta name='ocr-capabilities' content='ocr_page ocr_carea ocr_par ocr_line ocrx_word'/>
</head>
<body>
  <div class='ocr_page' id='page_1' title='image "./mnemosynebiblio09servgoog_0232.png"; bbox 0 0 2934 5050; ppageno 0'>
   <div class='ocr_carea' id='block_1_1' title="bbox 347 295 1746 361">
    <p class='ocr_par' dir='ltr' id='par_1_1' title="bbox 347 295 1746 361">
     <span class='ocr_line' id='line_1_1' title="bbox 347 295 1746 361; baseline 0 -1"><span class='ocrx_word' id='word_1_1' title='bbox 347 295 479 361; x_wconf 70' lang='lat'><strong>212</strong></span> <span class='ocrx_word' id='word_1_2' title='bbox 1345 314 1746 361; x_wconf 62' lang='lat' dir='ltr'><strong>nuscanum</strong></span> 
     </span>
    </p>
   </div>
   <div class='ocr_carea' id='block_1_2' title="bbox 350 480 2731 2037">
    <p class='ocr_par' dir='ltr' id='par_1_2' title="bbox 350 480 2726 1836">
     <span class='ocr_line' id='line_1_2' title="bbox 441 480 2701 572; baseline -0.003 -19"><span class='ocrx_word' id='word_1_3' title='bbox 441 489 593 571; x_wconf 81' lang='lat' dir='ltr'><strong>Pag.</strong></span> <span class='ocrx_word' id='word_1_4' title='bbox 645 490 798 553; x_wconf 96' lang='grc'><strong>500.</strong></span> <span class='ocrx_word' id='word_1_5' title='bbox 894 482 1224 567; x_wconf 76' lang='lat' dir='ltr'><strong>Quaesivit</strong></span> <span class='ocrx_word' id='word_1_6' title='bbox 1270 480 1615 569; x_wconf 88' lang='lat' dir='ltr'><strong>aliquando</strong></span> <span class='ocrx_word' id='word_1_7' title='bbox 1661 482 2008 572; x_wconf 83' lang='lat' dir='ltr'><strong>Dionysius</strong></span> <span class='ocrx_word' id='word_1_8' title='bbox 2057 481 2295 548; x_wconf 89' lang='lat' dir='ltr'><strong>maior:</strong></span> <span class='ocrx_word' id='word_1_9' title='bbox 2354 484 2449 557; x_wconf 78' lang='grc' dir='ltr'><strong>τίς</strong></span> <span class='ocrx_word' id='word_1_10' title='bbox 2494 484 2701 563; x_wconf 67' lang='grc' dir='ltr'><strong>ἤπειρος</strong></span> 
     </span>
     <span class='ocr_line' id='line_1_3' title="bbox 354 583 2705 680; baseline -0.003 -19"><span class='ocrx_word' id='word_1_11' title='bbox 354 599 388 674; x_wconf 75' lang='grc' dir='ltr'>ἢ</span> <span class='ocrx_word' id='word_1_12' title='bbox 441 602 617 668; x_wconf 78' lang='grc' dir='ltr'><strong><em>νῆσος</em></strong></span> <span class='ocrx_word' id='word_1_13' title='bbox 692 583 782 680; x_wconf 72' lang='grc' dir='ltr'><strong>[ἢ]</strong></span> <span class='ocrx_word' id='word_1_14' title='bbox 848 592 952 657; x_wconf 77' lang='grc' dir='ltr'><strong>τὸν</strong></span> <span class='ocrx_word' id='word_1_15' title='bbox 1015 589 1218 672; x_wconf 75' lang='grc' dir='ltr'><strong><em>ἄριςον</em></strong></span> <span class='ocrx_word' id='word_1_16' title='bbox 1277 589 1528 673; x_wconf 80' lang='grc' dir='ltr'><strong><em>χαλκὸν</em></strong></span> <span class='ocrx_word' id='word_1_17' title='bbox 1589 590 1778 673; x_wconf 81' lang='grc' dir='ltr'><strong><em>φύει;</em></strong></span> <span class='ocrx_word' id='word_1_18' title='bbox 1830 587 2153 676; x_wconf 77' lang='lat' dir='ltr'><strong>Antiphon</strong></span> <span class='ocrx_word' id='word_1_19' title='bbox 2203 588 2559 676; x_wconf 86' lang='lat' dir='ltr'><strong>respondit:</strong></span> <span class='ocrx_word' id='word_1_20' title='bbox 2604 588 2705 667; x_wconf 70' lang='grc' dir='ltr'><strong>ἐγὼ</strong></span> 
     </span>
     <span class='ocr_line' id='line_1_4' title="bbox 350 693 2709 784; baseline -0.004 -16"><span class='ocrx_word' id='word_1_21' title='bbox 350 701 553 784; x_wconf 73' lang='grc' dir='ltr'><strong><em>ἄριςον</em></strong></span> <span class='ocrx_word' id='word_1_22' title='bbox 617 694 755 765; x_wconf 79' lang='grc' dir='ltr'><strong><em>οἶδα</em></strong></span> <span class='ocrx_word' id='word_1_23' title='bbox 803 699 907 763; x_wconf 84' lang='grc' dir='ltr'><strong>τὸν</strong></span> <span class='ocrx_word' id='word_1_24' title='bbox 959 697 1280 772; x_wconf 72' lang='grc' dir='ltr'><strong><em>Ἀθὴνήσιν</em></strong></span> <span class='ocrx_word' id='word_1_25' title='bbox 1326 693 1394 761; x_wconf 80' lang='grc' dir='ltr'><strong>οὗ</strong></span> <span class='ocrx_word' id='word_1_26' title='bbox 1439 696 1776 776; x_wconf 83' lang='grc' dir='ltr'><strong><em>γεγόνασιν</em></strong></span> <span class='ocrx_word' id='word_1_27' title='bbox 1819 695 1939 783; x_wconf 79' lang='grc' dir='ltr'><strong><em>(αἱ)</em></strong></span> <span class='ocrx_word' id='word_1_28' title='bbox 1988 694 2306 775; x_wconf 75' lang='grc' dir='ltr'><strong><em>Ἀρμοδίου</em></strong></span> <span class='ocrx_word' id='word_1_29' title='bbox 2346 696 2452 762; x_wconf 78' lang='grc' dir='ltr'><strong>καὶ</strong></span> <span class='ocrx_word' id='word_1_30' title='bbox 2502 697 2709 776; x_wconf 70' lang='lat' dir='ltr'><strong>&#39;Apis-o·</strong></span> 
     </span>
     <span class='ocr_line' id='line_1_5' title="bbox 351 799 2712 890; baseline -0.005 -16"><span class='ocrx_word' id='word_1_31' title='bbox 351 808 619 889; x_wconf 73' lang='grc' dir='ltr'><strong>γείτονος</strong></span> <span class='ocrx_word' id='word_1_32' title='bbox 666 803 909 878; x_wconf 79' lang='grc' dir='ltr'><strong><em>εἰκόνες.</em></strong></span> <span class='ocrx_word' id='word_1_33' title='bbox 1009 801 1199 868; x_wconf 87' lang='lat' dir='ltr'><strong>Dabis</strong></span> <span class='ocrx_word' id='word_1_34' title='bbox 1249 801 1408 867; x_wconf 88' lang='lat' dir='ltr'><strong>mihi</strong></span> <span class='ocrx_word' id='word_1_35' title='bbox 1457 800 1590 869; x_wconf 87' lang='lat' dir='ltr'><strong>illic</strong></span> <span class='ocrx_word' id='word_1_36' title='bbox 1644 820 1993 890; x_wconf 82' lang='lat' dir='ltr'>pronomen</span> <span class='ocrx_word' id='word_1_37' title='bbox 2039 802 2357 889; x_wconf 84' lang='lat' dir='ltr'><strong>expungi,</strong></span> <span class='ocrx_word' id='word_1_38' title='bbox 2424 800 2527 867; x_wconf 90' lang='lat' dir='ltr'><strong>hic</strong></span> <span class='ocrx_word' id='word_1_39' title='bbox 2575 799 2712 866; x_wconf 89' lang='lat' dir='ltr'><strong>arti·</strong></span> 
     </span>
     <span class='ocr_line' id='line_1_6' title="bbox 352 904 2715 995; baseline -0.004 -15"><span class='ocrx_word' id='word_1_40' title='bbox 352 911 573 980; x_wconf 85' lang='lat' dir='ltr'><strong>culum</strong></span> <span class='ocrx_word' id='word_1_41' title='bbox 640 908 787 975; x_wconf 86' lang='lat' dir='ltr'><strong>addi</strong></span> <span class='ocrx_word' id='word_1_42' title='bbox 855 915 1172 995; x_wconf 72' lang='lat' dir='ltr'><strong>oportere.</strong></span> <span class='ocrx_word' id='word_1_43' title='bbox 1269 906 1393 973; x_wconf 87' lang='lat' dir='ltr'><strong>Sed</strong></span> <span class='ocrx_word' id='word_1_44' title='bbox 1452 906 1611 994; x_wconf 90' lang='lat' dir='ltr'><strong>quid</strong></span> <span class='ocrx_word' id='word_1_45' title='bbox 1678 906 2065 974; x_wconf 78' lang='lat' dir='ltr'><strong>Philostrato</strong></span> <span class='ocrx_word' id='word_1_46' title='bbox 2126 905 2365 986; x_wconf 79' lang='lat' dir='ltr'><strong>facias,</strong></span> <span class='ocrx_word' id='word_1_47' title='bbox 2425 908 2533 995; x_wconf 90' lang='lat' dir='ltr'><strong>qui</strong></span> <span class='ocrx_word' id='word_1_48' title='bbox 2578 904 2715 971; x_wconf 84' lang='lat' dir='ltr'><strong>haec</strong></span> 
     </span>
     <span class='ocr_line' id='line_1_7' title="bbox 353 1010 2715 1099; baseline -0.004 -14"><span class='ocrx_word' id='word_1_49' title='bbox 353 1022 748 1099; x_wconf 79' lang='grc' dir='ltr'><strong><em>Ἀντιφῶντα</em></strong></span> <span class='ocrx_word' id='word_1_50' title='bbox 792 1013 1086 1097; x_wconf 83' lang='grc' dir='ltr'><strong><em>Σωφίλου</em></strong></span> <span class='ocrx_word' id='word_1_51' title='bbox 1124 1013 1557 1093; x_wconf 83' lang='grc' dir='ltr'><strong><em>Ῥαμνούσιον,</em></strong></span> <span class='ocrx_word' id='word_1_52' title='bbox 1603 1012 2108 1080; x_wconf 87' lang='lat' dir='ltr'><strong>disertissimum</strong></span> <span class='ocrx_word' id='word_1_53' title='bbox 2135 1021 2456 1080; x_wconf 87' lang='lat' dir='ltr'><strong>oratorem</strong></span> <span class='ocrx_word' id='word_1_54' title='bbox 2481 1021 2546 1081; x_wconf 87' lang='lat' dir='ltr'><strong>et</strong></span> <span class='ocrx_word' id='word_1_55' title='bbox 2568 1010 2715 1078; x_wconf 89' lang='lat' dir='ltr'><strong>Thu·</strong></span> 
     </span>
     <span class='ocr_line' id='line_1_8' title="bbox 352 1117 2719 1214; baseline -0.005 -22"><span class='ocrx_word' id='word_1_56' title='bbox 352 1123 604 1214; x_wconf 75' lang='lat' dir='ltr'><strong>cydidis</strong></span> <span class='ocrx_word' id='word_1_57' title='bbox 655 1122 1087 1206; x_wconf 82' lang='lat' dir='ltr'><strong>magistrum,</strong></span> <span class='ocrx_word' id='word_1_58' title='bbox 1157 1117 1396 1186; x_wconf 88' lang='lat' dir='ltr'><strong>dixisse</strong></span> <span class='ocrx_word' id='word_1_59' title='bbox 1447 1120 1618 1186; x_wconf 87' lang='lat' dir='ltr'><strong>serio</strong></span> <span class='ocrx_word' id='word_1_60' title='bbox 1662 1117 1978 1197; x_wconf 84' lang='lat' dir='ltr'><strong>tradidit,</strong></span> <span class='ocrx_word' id='word_1_61' title='bbox 2029 1137 2221 1206; x_wconf 87' lang='lat' dir='ltr'><strong>quem</strong></span> <span class='ocrx_word' id='word_1_62' title='bbox 2274 1126 2525 1185; x_wconf 85' lang='lat' dir='ltr'><strong>constat</strong></span> <span class='ocrx_word' id='word_1_63' title='bbox 2572 1118 2719 1184; x_wconf 83' lang='lat' dir='ltr'><strong>inter</strong></span> 
     </span>
     <span class='ocr_line' id='line_1_9' title="bbox 355 1221 2720 1313; baseline -0.004 -16"><span class='ocrx_word' id='word_1_64' title='bbox 355 1250 577 1297; x_wconf 88' lang='lat' dir='ltr'><strong>omnes</strong></span> <span class='ocrx_word' id='word_1_65' title='bbox 641 1226 909 1293; x_wconf 80' lang='lat' dir='ltr'><strong>Athenis</strong></span> <span class='ocrx_word' id='word_1_66' title='bbox 973 1223 1233 1312; x_wconf 87' lang='lat' dir='ltr'><strong>capitali</strong></span> <span class='ocrx_word' id='word_1_67' title='bbox 1301 1225 1618 1313; x_wconf 86' lang='lat' dir='ltr'><strong>supplicio</strong></span> <span class='ocrx_word' id='word_1_68' title='bbox 1683 1223 1987 1292; x_wconf 83' lang='lat' dir='ltr'><strong>affectum</strong></span> <span class='ocrx_word' id='word_1_69' title='bbox 2054 1245 2193 1292; x_wconf 87' lang='lat' dir='ltr'><strong>esse</strong></span> <span class='ocrx_word' id='word_1_70' title='bbox 2242 1245 2412 1293; x_wconf 90' lang='lat' dir='ltr'><strong>anno</strong></span> <span class='ocrx_word' id='word_1_71' title='bbox 2463 1230 2623 1302; x_wconf 81' lang='lat'><strong>411,</strong></span> <span class='ocrx_word' id='word_1_72' title='bbox 2664 1221 2720 1287; x_wconf 86' lang='lat' dir='ltr'><strong>id</strong></span> 
     </span>
     <span class='ocr_line' id='line_1_10' title="bbox 356 1331 2723 1419; baseline -0.004 -17"><span class='ocrx_word' id='word_1_73' title='bbox 356 1343 455 1403; x_wconf 87' lang='lat' dir='ltr'><strong>est</strong></span> <span class='ocrx_word' id='word_1_74' title='bbox 518 1344 726 1400; x_wconf 76' lang='lat' dir='ltr'><strong>octavo</strong></span> <span class='ocrx_word' id='word_1_75' title='bbox 792 1351 961 1397; x_wconf 86' lang='lat' dir='ltr'><strong>anno</strong></span> <span class='ocrx_word' id='word_1_76' title='bbox 1026 1339 1180 1396; x_wconf 89' lang='lat' dir='ltr'><strong>ante</strong></span> <span class='ocrx_word' id='word_1_77' title='bbox 1242 1349 1434 1416; x_wconf 87' lang='lat' dir='ltr'><strong>quam</strong></span> <span class='ocrx_word' id='word_1_78' title='bbox 1501 1331 1848 1419; x_wconf 83' lang='lat' dir='ltr'><strong>Dionysius</strong></span> <span class='ocrx_word' id='word_1_79' title='bbox 1910 1350 2128 1397; x_wconf 86' lang='lat' dir='ltr'><strong>rerum</strong></span> <span class='ocrx_word' id='word_1_80' title='bbox 2195 1333 2518 1419; x_wconf 85' lang='lat' dir='ltr'><strong>potiretur</strong></span> <span class='ocrx_word' id='word_1_81' title='bbox 2574 1347 2723 1396; x_wconf 88' lang='lat' dir='ltr'><strong>anno</strong></span> 
     </span>
     <span class='ocr_line' id='line_1_11' title="bbox 358 1435 2720 1524; baseline -0.004 -17"><span class='ocrx_word' id='word_1_82' title='bbox 358 1445 512 1507; x_wconf 72' lang='lat'><strong>404.</strong></span> <span class='ocrx_word' id='word_1_83' title='bbox 610 1439 866 1504; x_wconf 85' lang='lat' dir='ltr'><strong>Poterat</strong></span> <span class='ocrx_word' id='word_1_84' title='bbox 915 1438 1117 1522; x_wconf 81' lang='lat' dir='ltr'><strong>igitur</strong></span> <span class='ocrx_word' id='word_1_85' title='bbox 1170 1456 1433 1521; x_wconf 85' lang='lat' dir='ltr'><strong>parcere</strong></span> <span class='ocrx_word' id='word_1_86' title='bbox 1482 1435 1792 1522; x_wconf 86' lang='lat' dir='ltr'><strong>gravibus</strong></span> <span class='ocrx_word' id='word_1_87' title='bbox 1840 1437 2228 1517; x_wconf 78' lang='lat' dir='ltr'><strong>sententiiS,</strong></span> <span class='ocrx_word' id='word_1_88' title='bbox 2277 1456 2444 1524; x_wconf 89' lang='lat' dir='ltr'><strong>quas</strong></span> <span class='ocrx_word' id='word_1_89' title='bbox 2494 1437 2555 1503; x_wconf 89' lang='lat' dir='ltr'><strong>iu</strong></span> <span class='ocrx_word' id='word_1_90' title='bbox 2592 1452 2720 1502; x_wconf 86' lang='lat' dir='ltr'><strong>eum</strong></span> 
     </span>
     <span class='ocr_line' id='line_1_12' title="bbox 358 1542 2723 1632; baseline -0.003 -19"><span class='ocrx_word' id='word_1_91' title='bbox 358 1554 768 1632; x_wconf 85' lang='lat' dir='ltr'><strong>contorquet,</strong></span> <span class='ocrx_word' id='word_1_92' title='bbox 809 1542 1187 1615; x_wconf 81' lang='grc' dir='ltr'><strong><em>Σικελιώτας</em></strong></span> <span class='ocrx_word' id='word_1_93' title='bbox 1226 1543 1339 1620; x_wconf 77' lang='grc' dir='ltr'><strong><em>μὲν</em></strong></span> <span class='ocrx_word' id='word_1_94' title='bbox 1383 1543 1809 1625; x_wconf 72' lang='grc' dir='ltr'><strong>ἐλευθεροῦντα</strong></span> <span class='ocrx_word' id='word_1_95' title='bbox 1853 1544 2206 1620; x_wconf 75' lang='grc' dir='ltr'><strong><em>Ἀθηναίους</em></strong></span> <span class='ocrx_word' id='word_1_96' title='bbox 2242 1543 2306 1609; x_wconf 76' lang='grc' dir='ltr'><strong>δὲ</strong></span> <span class='ocrx_word' id='word_1_97' title='bbox 2334 1542 2723 1623; x_wconf 83' lang='grc' dir='ltr'><strong><em>δουλούμενον.</em></strong></span> 
     </span>
     <span class='ocr_line' id='line_1_13' title="bbox 358 1647 2726 1735; baseline -0.004 -16"><span class='ocrx_word' id='word_1_98' title='bbox 358 1653 578 1719; x_wconf 88' lang='lat' dir='ltr'><strong>lnanis</strong></span> <span class='ocrx_word' id='word_1_99' title='bbox 642 1650 796 1717; x_wconf 86' lang='lat' dir='ltr'><strong>haec</strong></span> <span class='ocrx_word' id='word_1_100' title='bbox 847 1649 1202 1735; x_wconf 80' lang='lat' dir='ltr'><strong>loquacitas</strong></span> <span class='ocrx_word' id='word_1_101' title='bbox 1248 1656 1377 1725; x_wconf 88' lang='lat' dir='ltr'><strong>est,</strong></span> <span class='ocrx_word' id='word_1_102' title='bbox 1444 1656 1507 1714; x_wconf 87' lang='lat' dir='ltr'><strong>et</strong></span> <span class='ocrx_word' id='word_1_103' title='bbox 1557 1649 1821 1716; x_wconf 90' lang='lat' dir='ltr'><strong>omnino</strong></span> <span class='ocrx_word' id='word_1_104' title='bbox 1860 1647 1964 1714; x_wconf 86' lang='lat' dir='ltr'><strong>his</strong></span> <span class='ocrx_word' id='word_1_105' title='bbox 2015 1647 2388 1715; x_wconf 86' lang='lat' dir='ltr'><strong>hominibus</strong></span> <span class='ocrx_word' id='word_1_106' title='bbox 2434 1648 2592 1715; x_wconf 89' lang='lat' dir='ltr'><strong>nihil</strong></span> <span class='ocrx_word' id='word_1_107' title='bbox 2641 1653 2726 1713; x_wconf 83' lang='lat' dir='ltr'><strong>est</strong></span> 
     </span>
     <span class='ocr_line' id='line_1_14' title="bbox 364 1755 1137 1836; baseline -0.004 -11"><span class='ocrx_word' id='word_1_108' title='bbox 364 1758 600 1836; x_wconf 78' lang='lat' dir='ltr'><strong>levius,</strong></span> <span class='ocrx_word' id='word_1_109' title='bbox 654 1755 812 1822; x_wconf 87' lang='lat' dir='ltr'><strong>nihil</strong></span> <span class='ocrx_word' id='word_1_110' title='bbox 861 1755 1137 1822; x_wconf 77' lang='lat' dir='ltr'><strong>sutiliuS.</strong></span> 
     </span>
    </p>

    <p class='ocr_par' dir='ltr' id='par_1_3' title="bbox 362 1858 2731 2037">
     <span class='ocr_line' id='line_1_15' title="bbox 450 1858 2729 1949; baseline -0.002 -18"><span class='ocrx_word' id='word_1_111' title='bbox 450 1863 860 1931; x_wconf 87' lang='lat' dir='ltr'><strong>lnaudiverat</strong></span> <span class='ocrx_word' id='word_1_112' title='bbox 908 1859 1153 1948; x_wconf 86' lang='lat' dir='ltr'><strong>aliquid</strong></span> <span class='ocrx_word' id='word_1_113' title='bbox 1202 1858 1282 1925; x_wconf 88' lang='lat' dir='ltr'><strong>de</strong></span> <span class='ocrx_word' id='word_1_114' title='bbox 1331 1860 1549 1927; x_wconf 88' lang='lat' dir='ltr'><strong>nescio</strong></span> <span class='ocrx_word' id='word_1_115' title='bbox 1602 1880 1729 1947; x_wconf 87' lang='lat' dir='ltr'><strong>quo</strong></span> <span class='ocrx_word' id='word_1_116' title='bbox 1776 1859 2207 1948; x_wconf 82' lang='lat' dir='ltr'><strong>Antiphonte,</strong></span> <span class='ocrx_word' id='word_1_117' title='bbox 2270 1881 2465 1949; x_wconf 87' lang='lat' dir='ltr'><strong>quem</strong></span> <span class='ocrx_word' id='word_1_118' title='bbox 2517 1862 2729 1948; x_wconf 76' lang='lat' dir='ltr'><strong>Diony·</strong></span> 
     </span>
     <span class='ocr_line' id='line_1_16' title="bbox 362 1964 2731 2037; baseline -0.002 0"><span class='ocrx_word' id='word_1_119' title='bbox 362 1971 501 2037; x_wconf 88' lang='lat' dir='ltr'><strong>sius</strong></span> <span class='ocrx_word' id='word_1_120' title='bbox 547 1969 626 2035; x_wconf 93' lang='lat' dir='ltr'><strong>ob</strong></span> <span class='ocrx_word' id='word_1_121' title='bbox 678 1968 740 2034; x_wconf 93' lang='lat' dir='ltr'><strong>id</strong></span> <span class='ocrx_word' id='word_1_122' title='bbox 790 1967 1035 2034; x_wconf 88' lang='lat' dir='ltr'><strong>dictum</strong></span> <span class='ocrx_word' id='word_1_123' title='bbox 1091 1965 1307 2032; x_wconf 89' lang='lat' dir='ltr'><strong>necari</strong></span> <span class='ocrx_word' id='word_1_124' title='bbox 1353 1965 1663 2032; x_wconf 88' lang='lat' dir='ltr'><strong>iussisset.</strong></span> <span class='ocrx_word' id='word_1_125' title='bbox 1730 1964 1902 2034; x_wconf 87' lang='lat' dir='ltr'><strong>Plut.</strong></span> <span class='ocrx_word' id='word_1_126' title='bbox 1945 1967 2022 2034; x_wconf 81' lang='lat' dir='ltr'><strong>de</strong></span> <span class='ocrx_word' id='word_1_127' title='bbox 2061 1965 2406 2034; x_wconf 79' lang='lat' dir='ltr'><strong>Adulatore</strong></span> <span class='ocrx_word' id='word_1_128' title='bbox 2445 1978 2502 2034; x_wconf 83' lang='lat' dir='ltr'><strong>et</strong></span> <span class='ocrx_word' id='word_1_129' title='bbox 2538 1967 2731 2034; x_wconf 70' lang='lat' dir='ltr'><strong>Amico</strong></span> 
     </span>
    </p>
   </div>
   <div class='ocr_carea' id='block_1_3' title="bbox 364 2070 2730 2163">
    <p class='ocr_par' dir='ltr' id='par_1_4' title="bbox 364 2070 2853 2163">
     <span class='ocr_line' id='line_1_17' title="bbox 364 2070 2730 2163; baseline -0.001 -20"><span class='ocrx_word' id='word_1_130' title='bbox 364 2097 510 2163; x_wconf 83' lang='lat' dir='ltr'><strong>pag.</strong></span> <span class='ocrx_word' id='word_1_131' title='bbox 565 2079 653 2141; x_wconf 88' lang='grc'><strong>68</strong></span> <span class='ocrx_word' id='word_1_132' title='bbox 701 2095 763 2139; x_wconf 77' lang='grc' dir='ltr'><strong>Α.</strong></span> <span class='ocrx_word' id='word_1_133' title='bbox 830 2079 1030 2146; x_wconf 81' lang='grc' dir='ltr'><strong><em>κακῶς</em></strong></span> <span class='ocrx_word' id='word_1_134' title='bbox 1079 2073 1142 2138; x_wconf 77' lang='grc' dir='ltr'><strong>δὲ</strong></span> <span class='ocrx_word' id='word_1_135' title='bbox 1184 2070 1291 2137; x_wconf 79' lang='grc' dir='ltr'><strong>καὶ</strong></span> <span class='ocrx_word' id='word_1_136' title='bbox 1332 2073 1642 2155; x_wconf 81' lang='grc' dir='ltr'><strong>Ἀντιφῶν</strong></span> <span class='ocrx_word' id='word_1_137' title='bbox 1680 2071 1855 2153; x_wconf 70' lang='grc' dir='ltr'><strong><em>παρὰ</em></strong></span> <span class='ocrx_word' id='word_1_138' title='bbox 1895 2073 2188 2155; x_wconf 79' lang='grc' dir='ltr'><strong>Διονυσίῳ</strong></span> <span class='ocrx_word' id='word_1_139' title='bbox 2229 2072 2534 2157; x_wconf 75' lang='grc' dir='ltr'><strong><em>ζητήσεως</em></strong></span> <span class='ocrx_word' id='word_1_140' title='bbox 2572 2072 2730 2146; x_wconf 74' lang='grc' dir='ltr'><strong><em>οὔσης</em></strong></span> 
     </span>
    </p>
   </div>
   <div class='ocr_carea' id='block_1_4' title="bbox 360 2174 2735 2459">
    <p class='ocr_par' dir='ltr' id='par_1_5' title="bbox 360 2174 2735 2459">
     <span class='ocr_line' id='line_1_18' title="bbox 360 2174 2733 2260; baseline -0.001 -13"><span class='ocrx_word' id='word_1_141' title='bbox 360 2182 466 2247; x_wconf 84' lang='grc' dir='ltr'><strong><em>καὶ</em></strong></span> <span class='ocrx_word' id='word_1_142' title='bbox 515 2180 705 2259; x_wconf 86' lang='grc' dir='ltr'><strong><em>λόγου</em></strong></span> <span class='ocrx_word' id='word_1_143' title='bbox 751 2186 925 2251; x_wconf 80' lang='grc' dir='ltr'><strong><em>Ποῖος</em></strong></span> <span class='ocrx_word' id='word_1_144' title='bbox 971 2177 1220 2258; x_wconf 82' lang='grc' dir='ltr'><strong><em>χαλκὸς</em></strong></span> <span class='ocrx_word' id='word_1_145' title='bbox 1258 2174 1496 2258; x_wconf 71' lang='grc' dir='ltr'><strong><em>ἄριςος,</em></strong></span> <span class='ocrx_word' id='word_1_146' title='bbox 1535 2181 1846 2257; x_wconf 80' lang='grc' dir='ltr'><strong><em>Ἐκεῖνος,</em></strong></span> <span class='ocrx_word' id='word_1_147' title='bbox 1893 2174 2064 2245; x_wconf 77' lang='grc' dir='ltr'><strong><em>εἶπεν</em></strong></span> <span class='ocrx_word' id='word_1_148' title='bbox 2079 2229 2098 2260; x_wconf 87' lang='grc'><strong><em>,</em></strong></span> <span class='ocrx_word' id='word_1_149' title='bbox 2150 2176 2327 2258; x_wconf 72' lang='grc' dir='ltr'><strong>ἐξοῦ</strong></span> <span class='ocrx_word' id='word_1_150' title='bbox 2368 2180 2733 2248; x_wconf 78' lang='grc' dir='ltr'><strong><em>κατεσκεύα-</em></strong></span> 
     </span>
     <span class='ocr_line' id='line_1_19' title="bbox 362 2283 2735 2373; baseline -0.002 -20"><span class='ocrx_word' id='word_1_151' title='bbox 362 2312 478 2353; x_wconf 92' lang='grc' dir='ltr'><strong>σαν</strong></span> <span class='ocrx_word' id='word_1_152' title='bbox 527 2287 828 2361; x_wconf 77' lang='grc' dir='ltr'><strong><em>Ἀθηναῖοι</em></strong></span> <span class='ocrx_word' id='word_1_153' title='bbox 888 2284 1007 2355; x_wconf 73' lang='grc' dir='ltr'><strong>τὰς</strong></span> <span class='ocrx_word' id='word_1_154' title='bbox 1055 2283 1375 2365; x_wconf 77' lang='grc' dir='ltr'><strong><em>Ἀρμοδίου</em></strong></span> <span class='ocrx_word' id='word_1_155' title='bbox 1424 2284 1532 2350; x_wconf 81' lang='grc' dir='ltr'><strong>καὶ</strong></span> <span class='ocrx_word' id='word_1_156' title='bbox 1582 2287 2064 2368; x_wconf 78' lang='grc' dir='ltr'><strong><em>Ἀριςογείτονος</em></strong></span> <span class='ocrx_word' id='word_1_157' title='bbox 2110 2285 2350 2361; x_wconf 77' lang='grc' dir='ltr'><strong><em>είκόνας</em></strong></span> <span class='ocrx_word' id='word_1_158' title='bbox 2374 2335 2392 2365; x_wconf 87' lang='grc'><em>,</em></span> <span class='ocrx_word' id='word_1_159' title='bbox 2442 2306 2607 2373; x_wconf 85' lang='lat' dir='ltr'><strong>quae</strong></span> <span class='ocrx_word' id='word_1_160' title='bbox 2647 2283 2735 2349; x_wconf 88' lang='lat' dir='ltr'><strong>ille</strong></span> 
     </span>
     <span class='ocr_line' id='line_1_20' title="bbox 363 2388 2733 2459; baseline -0 -1"><span class='ocrx_word' id='word_1_161' title='bbox 363 2393 580 2458; x_wconf 82' lang='lat' dir='ltr'><strong>statim</strong></span> <span class='ocrx_word' id='word_1_162' title='bbox 635 2390 713 2456; x_wconf 92' lang='lat' dir='ltr'><strong>ad</strong></span> <span class='ocrx_word' id='word_1_163' title='bbox 765 2388 1100 2457; x_wconf 85' lang='lat' dir='ltr'><strong>Oratorem</strong></span> <span class='ocrx_word' id='word_1_164' title='bbox 1151 2388 1377 2455; x_wconf 84' lang='lat' dir='ltr'><strong>retulit</strong></span> <span class='ocrx_word' id='word_1_165' title='bbox 1429 2400 1672 2457; x_wconf 87' lang='lat' dir='ltr'><strong>temere</strong></span> <span class='ocrx_word' id='word_1_166' title='bbox 1719 2391 2000 2458; x_wconf 88' lang='lat' dir='ltr'><strong>miscens</strong></span> <span class='ocrx_word' id='word_1_167' title='bbox 2039 2390 2284 2459; x_wconf 88' lang='lat' dir='ltr'><strong>omnia.</strong></span> <span class='ocrx_word' id='word_1_168' title='bbox 2381 2392 2454 2458; x_wconf 93' lang='lat' dir='ltr'><strong>In</strong></span> <span class='ocrx_word' id='word_1_169' title='bbox 2503 2392 2650 2457; x_wconf 84' lang='lat' dir='ltr'><strong>vitis</strong></span> <span class='ocrx_word' id='word_1_170' title='bbox 2690 2400 2733 2457; x_wconf 82' lang='grc' dir='ltr'><strong>Χ</strong></span> 
     </span>
    </p>
   </div>
   <div class='ocr_carea' id='block_1_5' title="bbox 359 2494 2739 2904">
    <p class='ocr_par' dir='ltr' id='par_1_6' title="bbox 359 2494 2739 2904">
     <span class='ocr_line' id='line_1_21' title="bbox 362 2494 2736 2584; baseline -0.001 -18"><span class='ocrx_word' id='word_1_171' title='bbox 362 2498 703 2567; x_wconf 79' lang='lat' dir='ltr'><strong>Oratoruin</strong></span> <span class='ocrx_word' id='word_1_172' title='bbox 755 2494 923 2584; x_wconf 84' lang='lat' dir='ltr'><strong>quod</strong></span> <span class='ocrx_word' id='word_1_173' title='bbox 974 2494 1052 2562; x_wconf 91' lang='lat' dir='ltr'><strong>de</strong></span> <span class='ocrx_word' id='word_1_174' title='bbox 1101 2494 1320 2562; x_wconf 89' lang='lat' dir='ltr'><strong>eodem</strong></span> <span class='ocrx_word' id='word_1_175' title='bbox 1374 2496 1687 2563; x_wconf 85' lang='lat' dir='ltr'><strong>scribitur</strong></span> <span class='ocrx_word' id='word_1_176' title='bbox 1738 2517 1884 2584; x_wconf 84' lang='lat' dir='ltr'><strong>pag.</strong></span> <span class='ocrx_word' id='word_1_177' title='bbox 1936 2500 2067 2565; x_wconf 78' lang='lat'><strong>833</strong></span> <span class='ocrx_word' id='word_1_178' title='bbox 2098 2517 2156 2567; x_wconf 80' lang='lat' dir='ltr'><strong>n.</strong></span> <span class='ocrx_word' id='word_1_179' title='bbox 2200 2499 2589 2581; x_wconf 62' lang='grc' dir='ltr'><strong><em>πρεσβευτὴν</em></strong></span> <span class='ocrx_word' id='word_1_180' title='bbox 2625 2495 2736 2578; x_wconf 78' lang='grc' dir='ltr'><strong>γὰρ</strong></span> 
     </span>
     <span class='ocr_line' id='line_1_22' title="bbox 359 2602 2739 2685; baseline -0.002 -13"><span class='ocrx_word' id='word_1_181' title='bbox 359 2604 508 2672; x_wconf 77' lang='grc' dir='ltr'><strong><em>ὄντα</em></strong></span> <span class='ocrx_word' id='word_1_182' title='bbox 551 2606 734 2670; x_wconf 82' lang='grc' dir='ltr'><strong><em>αὐτὸν</em></strong></span> <span class='ocrx_word' id='word_1_183' title='bbox 781 2606 863 2678; x_wconf 80' lang='grc' dir='ltr'><strong>εἷς</strong></span> <span class='ocrx_word' id='word_1_184' title='bbox 914 2603 1312 2685; x_wconf 69' lang='grc' dir='ltr'><strong><em>Συρακούσας</em></strong></span> <span class='ocrx_word' id='word_1_185' title='bbox 1360 2610 1632 2670; x_wconf 80' lang='grc' dir='ltr'><strong><em>πλεῦσαι</em></strong></span> <span class='ocrx_word' id='word_1_186' title='bbox 1681 2605 1911 2670; x_wconf 84' lang='lat' dir='ltr'><strong>vitium</strong></span> <span class='ocrx_word' id='word_1_187' title='bbox 1962 2603 2099 2671; x_wconf 83' lang='lat' dir='ltr'><strong>alit.</strong></span> <span class='ocrx_word' id='word_1_188' title='bbox 2192 2602 2356 2671; x_wconf 81' lang='lat' dir='ltr'><strong>Erat</strong></span> <span class='ocrx_word' id='word_1_189' title='bbox 2403 2605 2576 2672; x_wconf 88' lang='lat' dir='ltr'><strong>enim</strong></span> <span class='ocrx_word' id='word_1_190' title='bbox 2627 2624 2739 2669; x_wconf 77' lang='lat' dir='ltr'><strong>mia</strong></span> 
     </span>
     <span class='ocr_line' id='line_1_23' title="bbox 365 2709 2738 2797; baseline -0 -20"><span class='ocrx_word' id='word_1_191' title='bbox 365 2712 548 2778; x_wconf 78' lang='lat' dir='ltr'><strong>litera</strong></span> <span class='ocrx_word' id='word_1_192' title='bbox 597 2710 804 2777; x_wconf 78' lang='lat' dir='ltr'><strong>minus</strong></span> <span class='ocrx_word' id='word_1_193' title='bbox 849 2728 1041 2797; x_wconf 88' lang='lat' dir='ltr'><strong>quam</strong></span> <span class='ocrx_word' id='word_1_194' title='bbox 1094 2709 1523 2791; x_wconf 76' lang='grc' dir='ltr'><strong><em>πρεσβευτής,</em></strong></span> <span class='ocrx_word' id='word_1_195' title='bbox 1575 2718 1639 2776; x_wconf 83' lang='lat' dir='ltr'><strong>et</strong></span> <span class='ocrx_word' id='word_1_196' title='bbox 1686 2709 2102 2776; x_wconf 83' lang='lat' dir='ltr'><strong>scribendum</strong></span> <span class='ocrx_word' id='word_1_197' title='bbox 2154 2710 2579 2791; x_wconf 77' lang='grc' dir='ltr'><strong><em>πρεσβύτην</em></strong></span> <span class='ocrx_word' id='word_1_198' title='bbox 2623 2709 2738 2791; x_wconf 72' lang='grc' dir='ltr'><strong>γὰρ</strong></span> 
     </span>
     <span class='ocr_line' id='line_1_24' title="bbox 363 2814 2347 2904; baseline 0.002 -19"><span class='ocrx_word' id='word_1_199' title='bbox 363 2818 547 2895; x_wconf 80' lang='grc' dir='ltr'><strong><em>ὄντα,</em></strong></span> <span class='ocrx_word' id='word_1_200' title='bbox 604 2815 772 2904; x_wconf 89' lang='lat' dir='ltr'><strong>quod</strong></span> <span class='ocrx_word' id='word_1_201' title='bbox 824 2814 920 2883; x_wconf 90' lang='lat' dir='ltr'><strong>vel</strong></span> <span class='ocrx_word' id='word_1_202' title='bbox 971 2815 1325 2902; x_wconf 87' lang='lat' dir='ltr'><strong>partipium</strong></span> <span class='ocrx_word' id='word_1_203' title='bbox 1372 2814 1522 2881; x_wconf 78' lang='grc' dir='ltr'><strong><em>ὄντα</em></strong></span> <span class='ocrx_word' id='word_1_204' title='bbox 1568 2814 1861 2883; x_wconf 86' lang='lat' dir='ltr'><strong>additum</strong></span> <span class='ocrx_word' id='word_1_205' title='bbox 1913 2814 2347 2889; x_wconf 85' lang='lat' dir='ltr'><strong>demonstrat.</strong></span> 
     </span>
    </p>
   </div>
   <div class='ocr_carea' id='block_1_6' title="bbox 2847 1136 2859 2053">
    <p class='ocr_par' dir='ltr' id='par_1_7' title="bbox 2847 1136 2859 2053">
     <span class='ocr_line' id='line_1_25' title="bbox 2847 1136 2859 2053; baseline 0 0"><span class='ocrx_word' id='word_1_206' title='bbox 2847 1136 2859 2053; x_wconf 95' lang='lat' dir='ltr'><strong> </strong></span> 
     </span>
    </p>
   </div>
   <div class='ocr_carea' id='block_1_7' title="bbox 365 3024 2855 3222">
    <p class='ocr_par' dir='ltr' id='par_1_8' title="bbox 365 3024 2855 3222">
     <span class='ocr_line' id='line_1_26' title="bbox 460 3024 2855 3116; baseline -0 -21"><span class='ocrx_word' id='word_1_207' title='bbox 460 3030 612 3116; x_wconf 80' lang='lat' dir='ltr'><strong>Pag.</strong></span> <span class='ocrx_word' id='word_1_208' title='bbox 663 3032 819 3097; x_wconf 75' lang='lat'><strong>502.</strong></span> <span class='ocrx_word' id='word_1_209' title='bbox 872 3027 988 3095; x_wconf 79' lang='grc' dir='ltr'><strong>ὑπὸ</strong></span> <span class='ocrx_word' id='word_1_210' title='bbox 1034 3034 1151 3094; x_wconf 79' lang='grc' dir='ltr'><strong>τῶν</strong></span> <span class='ocrx_word' id='word_1_211' title='bbox 1189 3027 1366 3110; x_wconf 74' lang='grc' dir='ltr'><strong>ἀμφὶ</strong></span> <span class='ocrx_word' id='word_1_212' title='bbox 1418 3028 1860 3110; x_wconf 71' lang='grc' dir='ltr'><strong><em>Θρασύβουλον</em></strong></span> <span class='ocrx_word' id='word_1_213' title='bbox 1903 3024 1957 3096; x_wconf 81' lang='grc' dir='ltr'><strong>οἳ</strong></span> <span class='ocrx_word' id='word_1_214' title='bbox 1997 3036 2275 3109; x_wconf 77' lang='grc' dir='ltr'><strong><em>κατῆγον</em></strong></span> <span class='ocrx_word' id='word_1_215' title='bbox 2311 3031 2440 3097; x_wconf 71' lang='grc' dir='ltr'><strong>ἀπὸ</strong></span> <span class='ocrx_word' id='word_1_216' title='bbox 2476 3035 2734 3113; x_wconf 75' lang='grc' dir='ltr'><strong><em>Φυγῆς</em></strong></span> <span class='ocrx_word' id='word_1_217' title='bbox 2854 3075 2855 3084; x_wconf 40' lang='lat'>1</span> 
     </span>
     <span class='ocr_line' id='line_1_27' title="bbox 365 3132 2855 3222; baseline -0.001 -21"><span class='ocrx_word' id='word_1_218' title='bbox 365 3136 468 3202; x_wconf 83' lang='grc' dir='ltr'><strong>τὸν</strong></span> <span class='ocrx_word' id='word_1_219' title='bbox 531 3135 739 3214; x_wconf 77' lang='grc' dir='ltr'><strong><em>δῆμον.</em></strong></span> <span class='ocrx_word' id='word_1_220' title='bbox 833 3132 971 3199; x_wconf 87' lang='lat' dir='ltr'><strong>Imo</strong></span> <span class='ocrx_word' id='word_1_221' title='bbox 1028 3153 1179 3202; x_wconf 76' lang='lat' dir='ltr'><strong>vero</strong></span> <span class='ocrx_word' id='word_1_222' title='bbox 1240 3134 1369 3199; x_wconf 76' lang='grc' dir='ltr'><strong>ἀπὸ</strong></span> <span class='ocrx_word' id='word_1_223' title='bbox 1437 3142 1744 3212; x_wconf 76' lang='grc' dir='ltr'><strong><em>Φυλῆς,</em></strong></span> <span class='ocrx_word' id='word_1_224' title='bbox 1806 3134 1977 3222; x_wconf 87' lang='lat' dir='ltr'><strong>quod</strong></span> <span class='ocrx_word' id='word_1_225' title='bbox 2029 3155 2204 3202; x_wconf 89' lang='lat' dir='ltr'><strong>nunc</strong></span> <span class='ocrx_word' id='word_1_226' title='bbox 2250 3135 2435 3204; x_wconf 82' lang='lat' dir='ltr'><strong>video</strong></span> <span class='ocrx_word' id='word_1_227' title='bbox 2482 3134 2560 3203; x_wconf 92' lang='lat' dir='ltr'><strong>ab</strong></span> <span class='ocrx_word' id='word_1_228' title='bbox 2606 3133 2737 3202; x_wconf 86' lang='lat' dir='ltr'><strong>aliis</strong></span> <span class='ocrx_word' id='word_1_229' title='bbox 2854 3137 2855 3154; x_wconf 64' lang='lat'>¹</span> 
     </span>
    </p>
   </div>
   <div class='ocr_carea' id='block_1_8' title="bbox 368 3238 2258 3329">
    <p class='ocr_par' dir='ltr' id='par_1_9' title="bbox 368 3238 2258 3329">
     <span class='ocr_line' id='line_1_28' title="bbox 368 3238 2258 3329; baseline 0.002 -23"><span class='ocrx_word' id='word_1_230' title='bbox 368 3247 753 3326; x_wconf 86' lang='lat' dir='ltr'><strong>occupatum</strong></span> <span class='ocrx_word' id='word_1_231' title='bbox 801 3245 864 3304; x_wconf 89' lang='lat' dir='ltr'><strong>et</strong></span> <span class='ocrx_word' id='word_1_232' title='bbox 912 3257 949 3303; x_wconf 92' lang='lat' dir='ltr'><strong>a</strong></span> <span class='ocrx_word' id='word_1_233' title='bbox 999 3238 1286 3326; x_wconf 79' lang='lat' dir='ltr'><strong>Kaysero</strong></span> <span class='ocrx_word' id='word_1_234' title='bbox 1335 3239 1398 3304; x_wconf 93' lang='lat' dir='ltr'><strong>in</strong></span> <span class='ocrx_word' id='word_1_235' title='bbox 1449 3238 1844 3326; x_wconf 79' lang='lat' dir='ltr'><strong>praefatione</strong></span> <span class='ocrx_word' id='word_1_236' title='bbox 1892 3239 2258 3329; x_wconf 88' lang='lat' dir='ltr'><strong>probatum.</strong></span> 
     </span>
    </p>
   </div>
   <div class='ocr_carea' id='block_1_9' title="bbox 271 3447 2739 4495">
    <p class='ocr_par' dir='ltr' id='par_1_10' title="bbox 271 3447 2739 4495">
     <span class='ocr_line' id='line_1_29' title="bbox 443 3447 2735 3538; baseline 0 -22"><span class='ocrx_word' id='word_1_237' title='bbox 443 3450 629 3516; x_wconf 81' lang='lat' dir='ltr'><strong>‘Sunt</strong></span> <span class='ocrx_word' id='word_1_238' title='bbox 693 3449 757 3514; x_wconf 90' lang='lat' dir='ltr'><strong>iu</strong></span> <span class='ocrx_word' id='word_1_239' title='bbox 824 3447 1201 3516; x_wconf 86' lang='lat' dir='ltr'><strong>Philostrati</strong></span> <span class='ocrx_word' id='word_1_240' title='bbox 1247 3447 1433 3517; x_wconf 85' lang='lat' dir='ltr'><strong>libris</strong></span> <span class='ocrx_word' id='word_1_241' title='bbox 1482 3449 1603 3516; x_wconf 87' lang='lat' dir='ltr'><strong>loci</strong></span> <span class='ocrx_word' id='word_1_242' title='bbox 1651 3450 1917 3538; x_wconf 88' lang='lat' dir='ltr'><strong>quidam</strong></span> <span class='ocrx_word' id='word_1_243' title='bbox 1970 3462 2102 3521; x_wconf 89' lang='lat' dir='ltr'><strong>tam</strong></span> <span class='ocrx_word' id='word_1_244' title='bbox 2145 3453 2313 3522; x_wconf 88' lang='lat' dir='ltr'><strong>male</strong></span> <span class='ocrx_word' id='word_1_245' title='bbox 2363 3454 2625 3523; x_wconf 87' lang='lat' dir='ltr'><strong>mulcati</strong></span> <span class='ocrx_word' id='word_1_246' title='bbox 2671 3463 2735 3519; x_wconf 91' lang='lat' dir='ltr'><strong>ut</strong></span> 
     </span>
     <span class='ocr_line' id='line_1_30' title="bbox 365 3552 2739 3642; baseline 0.005 -19"><span class='ocrx_word' id='word_1_247' title='bbox 365 3555 544 3623; x_wconf 80' lang='lat' dir='ltr'><strong>nulla</strong></span> <span class='ocrx_word' id='word_1_248' title='bbox 590 3552 976 3623; x_wconf 87' lang='lat' dir='ltr'><strong>emendandi</strong></span> <span class='ocrx_word' id='word_1_249' title='bbox 1025 3574 1171 3641; x_wconf 86' lang='lat' dir='ltr'><strong>spes</strong></span> <span class='ocrx_word' id='word_1_250' title='bbox 1219 3574 1558 3642; x_wconf 85' lang='lat' dir='ltr'><strong>superesse</strong></span> <span class='ocrx_word' id='word_1_251' title='bbox 1604 3557 1922 3627; x_wconf 83' lang='lat' dir='ltr'><strong>videatur.</strong></span> <span class='ocrx_word' id='word_1_252' title='bbox 1987 3560 2225 3629; x_wconf 90' lang='lat' dir='ltr'><strong>Subest</strong></span> <span class='ocrx_word' id='word_1_253' title='bbox 2264 3570 2452 3630; x_wconf 87' lang='lat' dir='ltr'><strong>vetus</strong></span> <span class='ocrx_word' id='word_1_254' title='bbox 2478 3561 2739 3634; x_wconf 83' lang='lat' dir='ltr'><strong>lacuna.</strong></span> 
     </span>
     <span class='ocr_line' id='line_1_31' title="bbox 366 3660 2733 3754; baseline 0 -22"><span class='ocrx_word' id='word_1_255' title='bbox 366 3674 431 3732; x_wconf 91' lang='lat' dir='ltr'><strong>et</strong></span> <span class='ocrx_word' id='word_1_256' title='bbox 498 3663 745 3730; x_wconf 89' lang='lat' dir='ltr'><strong>lacerae</strong></span> <span class='ocrx_word' id='word_1_257' title='bbox 799 3660 1138 3728; x_wconf 89' lang='lat' dir='ltr'><strong>verborum</strong></span> <span class='ocrx_word' id='word_1_258' title='bbox 1190 3661 1501 3748; x_wconf 85' lang='lat' dir='ltr'><strong>reliquiae</strong></span> <span class='ocrx_word' id='word_1_259' title='bbox 1552 3684 1725 3731; x_wconf 87' lang='lat' dir='ltr'><strong>nunc</strong></span> <span class='ocrx_word' id='word_1_260' title='bbox 1773 3665 2014 3753; x_wconf 86' lang='lat' dir='ltr'><strong>absque</strong></span> <span class='ocrx_word' id='word_1_261' title='bbox 2065 3666 2191 3733; x_wconf 91' lang='lat' dir='ltr'><strong>ullo</strong></span> <span class='ocrx_word' id='word_1_262' title='bbox 2237 3687 2432 3735; x_wconf 84' lang='lat' dir='ltr'><strong>sensu</strong></span> <span class='ocrx_word' id='word_1_263' title='bbox 2480 3666 2733 3754; x_wconf 81' lang='lat' dir='ltr'><strong>conglu-</strong></span> 
     </span>
     <span class='ocr_line' id='line_1_32' title="bbox 367 3766 2731 3855; baseline 0.005 -19"><span class='ocrx_word' id='word_1_264' title='bbox 367 3771 610 3836; x_wconf 85' lang='lat' dir='ltr'><strong>tinatae</strong></span> <span class='ocrx_word' id='word_1_265' title='bbox 676 3776 856 3846; x_wconf 85' lang='lat' dir='ltr'><strong>sunt,</strong></span> <span class='ocrx_word' id='word_1_266' title='bbox 924 3766 1122 3834; x_wconf 89' lang='lat' dir='ltr'><strong>veluti</strong></span> <span class='ocrx_word' id='word_1_267' title='bbox 1189 3787 1248 3854; x_wconf 93' lang='lat' dir='ltr'><strong>p.</strong></span> <span class='ocrx_word' id='word_1_268' title='bbox 1302 3773 1454 3835; x_wconf 83' lang='lat'><strong>508.</strong></span> <span class='ocrx_word' id='word_1_269' title='bbox 1506 3770 1534 3836; x_wconf 80' lang='grc' dir='ltr'><strong><em>ὅ</em></strong></span> <span class='ocrx_word' id='word_1_270' title='bbox 1583 3770 1634 3836; x_wconf 82' lang='grc' dir='ltr'><strong>δ’</strong></span> <span class='ocrx_word' id='word_1_271' title='bbox 1683 3772 1989 3854; x_wconf 73' lang='grc' dir='ltr'><strong><em>Αἰσχίνης</em></strong></span> <span class='ocrx_word' id='word_1_272' title='bbox 2037 3774 2168 3840; x_wconf 78' lang='grc' dir='ltr'><strong><em>οὐδὲ</em></strong></span> <span class='ocrx_word' id='word_1_273' title='bbox 2213 3780 2332 3842; x_wconf 80' lang='grc' dir='ltr'><strong>τῶν</strong></span> <span class='ocrx_word' id='word_1_274' title='bbox 2378 3774 2731 3855; x_wconf 67' lang='grc' dir='ltr'><strong><em>ἀποβεβλη-</em></strong></span> 
     </span>
     <span class='ocr_line' id='line_1_33' title="bbox 365 3873 2732 3961; baseline 0.001 -19"><span class='ocrx_word' id='word_1_275' title='bbox 365 3876 561 3957; x_wconf 84' lang='grc' dir='ltr'><strong><em>μένων</em></strong></span> <span class='ocrx_word' id='word_1_276' title='bbox 609 3876 757 3942; x_wconf 75' lang='grc' dir='ltr'><strong><em>ποτὲ</em></strong></span> <span class='ocrx_word' id='word_1_277' title='bbox 804 3874 914 3948; x_wconf 67' lang='grc' dir='ltr'><strong>τὴν</strong></span> <span class='ocrx_word' id='word_1_278' title='bbox 963 3873 1202 3940; x_wconf 74' lang='grc' dir='ltr'><strong><em>ἀσπίδα</em></strong></span> <span class='ocrx_word' id='word_1_279' title='bbox 1250 3875 1664 3961; x_wconf 79' lang='grc' dir='ltr'><strong><em>ἐνθυμουμένῳ</em></strong></span> <span class='ocrx_word' id='word_1_280' title='bbox 1711 3880 1781 3944; x_wconf 82' lang='grc' dir='ltr'><strong>τὸ</strong></span> <span class='ocrx_word' id='word_1_281' title='bbox 1829 3880 1890 3943; x_wconf 81' lang='grc' dir='ltr'><strong>ἐν</strong></span> <span class='ocrx_word' id='word_1_282' title='bbox 1935 3878 2271 3957; x_wconf 81' lang='grc' dir='ltr'><strong><em>Ταμύναις</em></strong></span> <span class='ocrx_word' id='word_1_283' title='bbox 2319 3879 2517 3961; x_wconf 77' lang='grc' dir='ltr'><strong><em>ἔργον.</em></strong></span> <span class='ocrx_word' id='word_1_284' title='bbox 2554 3880 2732 3956; x_wconf 65' lang='lat' dir='ltr'><strong>‚Haec</strong></span> 
     </span>
     <span class='ocr_line' id='line_1_34' title="bbox 364 3979 2730 4073; baseline -0.001 -23"><span class='ocrx_word' id='word_1_285' title='bbox 364 3980 700 4058; x_wconf 70' lang='grc' dir='ltr'><strong><em>ἀδιανόητα</em></strong></span> <span class='ocrx_word' id='word_1_286' title='bbox 762 3988 916 4046; x_wconf 89' lang='lat' dir='ltr'><strong>sunt</strong></span> <span class='ocrx_word' id='word_1_287' title='bbox 979 3987 1043 4046; x_wconf 90' lang='lat' dir='ltr'><strong>et</strong></span> <span class='ocrx_word' id='word_1_288' title='bbox 1091 3979 1408 4046; x_wconf 85' lang='lat' dir='ltr'><strong>absurda:</strong></span> <span class='ocrx_word' id='word_1_289' title='bbox 1479 3980 1811 4069; x_wconf 86' lang='lat' dir='ltr'><strong>complura</strong></span> <span class='ocrx_word' id='word_1_290' title='bbox 1859 3983 2243 4052; x_wconf 85' lang='lat' dir='ltr'><strong>exciderunt</strong></span> <span class='ocrx_word' id='word_1_291' title='bbox 2289 3993 2355 4053; x_wconf 86' lang='lat' dir='ltr'><strong>et</strong></span> <span class='ocrx_word' id='word_1_292' title='bbox 2403 3985 2565 4053; x_wconf 88' lang='lat' dir='ltr'><strong>nihil</strong></span> <span class='ocrx_word' id='word_1_293' title='bbox 2611 3983 2730 4073; x_wconf 86' lang='lat' dir='ltr'><strong>spei</strong></span> 
     </span>
     <span class='ocr_line' id='line_1_35' title="bbox 271 4085 2733 4180; baseline 0 -24"><span class='ocrx_word' id='word_1_294' title='bbox 271 4175 280 4180; x_wconf 71' lang='lat'>‚</span> <span class='ocrx_word' id='word_1_295' title='bbox 368 4088 710 4174; x_wconf 89' lang='lat' dir='ltr'><strong>reliquum.</strong></span> <span class='ocrx_word' id='word_1_296' title='bbox 808 4085 1066 4172; x_wconf 80' lang='lat' dir='ltr'><strong>Aliquid</strong></span> <span class='ocrx_word' id='word_1_297' title='bbox 1130 4085 1402 4172; x_wconf 88' lang='lat' dir='ltr'><strong>dispicio</strong></span> <span class='ocrx_word' id='word_1_298' title='bbox 1469 4109 1530 4174; x_wconf 92' lang='lat' dir='ltr'><strong>p.</strong></span> <span class='ocrx_word' id='word_1_299' title='bbox 1591 4093 1743 4156; x_wconf 76' lang='lat'><strong>525.</strong></span> <span class='ocrx_word' id='word_1_300' title='bbox 1807 4092 1873 4157; x_wconf 80' lang='grc' dir='ltr'><strong>οὐ</strong></span> <span class='ocrx_word' id='word_1_301' title='bbox 1928 4092 2054 4174; x_wconf 71' lang='grc' dir='ltr'><strong>γὰρ</strong></span> <span class='ocrx_word' id='word_1_302' title='bbox 2095 4090 2174 4158; x_wconf 74' lang='grc' dir='ltr'><strong>ἄν</strong></span> <span class='ocrx_word' id='word_1_303' title='bbox 2220 4117 2372 4160; x_wconf 72' lang='grc' dir='ltr'><strong><em>ποτε</em></strong></span> <span class='ocrx_word' id='word_1_304' title='bbox 2421 4094 2612 4170; x_wconf 69' lang='grc' dir='ltr'><strong><em>θνητὰ</em></strong></span> <span class='ocrx_word' id='word_1_305' title='bbox 2648 4114 2733 4157; x_wconf 84' lang='grc' dir='ltr'><strong>νο·</strong></span> 
     </span>
     <span class='ocr_line' id='line_1_36' title="bbox 365 4187 2731 4282; baseline 0.001 -22"><span class='ocrx_word' id='word_1_306' title='bbox 365 4194 603 4276; x_wconf 73' lang='grc' dir='ltr'><strong><em>μισθείη</em></strong></span> <span class='ocrx_word' id='word_1_307' title='bbox 666 4192 754 4258; x_wconf 73' lang='grc' dir='ltr'><strong>τοὶ</strong></span> <span class='ocrx_word' id='word_1_308' title='bbox 813 4192 1151 4273; x_wconf 67' lang='grc' dir='ltr'><strong><em>ἀνθρώπεια</em></strong></span> <span class='ocrx_word' id='word_1_309' title='bbox 1196 4193 1330 4260; x_wconf 75' lang='grc' dir='ltr'><strong><em>οὐδὲ</em></strong></span> <span class='ocrx_word' id='word_1_310' title='bbox 1375 4193 1642 4282; x_wconf 72' lang='grc' dir='ltr'><strong><em>διδακτὰ</em></strong></span> <span class='ocrx_word' id='word_1_311' title='bbox 1687 4187 1731 4261; x_wconf 71' lang='grc' dir='ltr'><em>ἃ</em></span> <span class='ocrx_word' id='word_1_312' title='bbox 1780 4196 2091 4278; x_wconf 71' lang='grc' dir='ltr'><strong><em>ἐμάθομεν</em></strong></span> <span class='ocrx_word' id='word_1_313' title='bbox 2137 4200 2187 4264; x_wconf 77' lang='grc' dir='ltr'><strong>εί</strong></span> <span class='ocrx_word' id='word_1_314' title='bbox 2235 4200 2449 4280; x_wconf 72' lang='grc' dir='ltr'><strong><em>μνήμη</em></strong></span> <span class='ocrx_word' id='word_1_315' title='bbox 2496 4221 2731 4267; x_wconf 69' lang='lat' dir='ltr'><strong>mero·</strong></span> 
     </span>
     <span class='ocr_line' id='line_1_37' title="bbox 362 4298 2729 4391; baseline 0.003 -24"><span class='ocrx_word' id='word_1_316' title='bbox 362 4300 638 4368; x_wconf 84' lang='grc' dir='ltr'><strong><em>λιτεύετο</em></strong></span> <span class='ocrx_word' id='word_1_317' title='bbox 698 4300 1038 4379; x_wconf 74' lang='grc' dir='ltr'><strong><em>ἀνθρώποις.</em></strong></span> <span class='ocrx_word' id='word_1_318' title='bbox 1134 4298 1265 4365; x_wconf 84' lang='grc' dir='ltr'><strong>Ηοο</strong></span> <span class='ocrx_word' id='word_1_319' title='bbox 1332 4320 1533 4367; x_wconf 85' lang='lat' dir='ltr'><strong>unum</strong></span> <span class='ocrx_word' id='word_1_320' title='bbox 1600 4301 1820 4380; x_wconf 88' lang='lat' dir='ltr'><strong>video,</strong></span> <span class='ocrx_word' id='word_1_321' title='bbox 1884 4304 2165 4391; x_wconf 86' lang='lat' dir='ltr'><strong>requiri:</strong></span> <span class='ocrx_word' id='word_1_322' title='bbox 2232 4306 2286 4372; x_wconf 73' lang='grc' dir='ltr'><strong>εἰ</strong></span> <span class='ocrx_word' id='word_1_323' title='bbox 2352 4315 2484 4373; x_wconf 84' lang='grc' dir='ltr'><strong>ΜΗ</strong></span> <span class='ocrx_word' id='word_1_324' title='bbox 2531 4305 2729 4387; x_wconf 71' lang='grc' dir='ltr'><strong><em>μνήμη</em></strong></span> 
     </span>
     <span class='ocr_line' id='line_1_38' title="bbox 365 4403 1996 4495; baseline 0.001 -22"><span class='ocrx_word' id='word_1_325' title='bbox 365 4404 901 4474; x_wconf 72' lang='grc' dir='ltr'><strong><em>συνεπολιτεύετοε</em></strong></span> <span class='ocrx_word' id='word_1_326' title='bbox 953 4403 1200 4490; x_wconf 89' lang='lat' dir='ltr'><strong>reliqua</strong></span> <span class='ocrx_word' id='word_1_327' title='bbox 1248 4405 1532 4491; x_wconf 84' lang='lat' dir='ltr'><strong>corrigat</strong></span> <span class='ocrx_word' id='word_1_328' title='bbox 1580 4408 1693 4495; x_wconf 91' lang='lat' dir='ltr'><strong>qui</strong></span> <span class='ocrx_word' id='word_1_329' title='bbox 1740 4410 1996 4495; x_wconf 87' lang='lat' dir='ltr'><strong>poterit.</strong></span> 
     </span>
    </p>
   </div>
  </div>
 </body>
</html>
