2934 5050
1317 278 1518 325 vanu.
2523 256 2602 317 71

220 454 433 512 autem
484 444 657 513 untle
704 445 905 512 frater
951 455 1316 532 comparet,
1366 465 1495 533 quo
1537 447 1789 513 Milonis
1830 452 2091 512 sumtus
2118 442 2319 529 possit
2343 450 2600 508 susten·

219 562 389 630 tare,
454 550 650 617 iidem
713 560 869 617 sunt
929 553 990 616 in
1056 571 1330 638 quorum
1399 551 1559 619 fines
1624 573 1772 618 mox
1833 571 1985 617 eum
2032 569 2179 616 cum
2232 546 2481 635 legione
2528 548 2594 612 in

218 656 477 723 hiberna
525 654 965 743 profecturum
1009 677 1152 723 esse
1195 657 1450 723 Marcus
1492 658 1865 744 nuperrime
1891 662 2317 742 cognoverat,
2368 672 2598 739 nempe

220 761 354 827 isti
416 762 746 839 Nervii,
810 770 882 827 ut
941 761 1217 829 audiunt
1277 764 1337 827 in
1388 763 1506 850 Ep.
1557 767 1632 838 8,
1697 766 1757 827 2.
1854 761 1988 846 Ego
2052 780 2200 826 vero
2252 757 2595 845 legendnm

216 875 394 952 puto:
468 869 719 933 cuius
782 868 1605 935 inconsiderantiam
1653 905 1744 917 —
1804 875 1880 933 et
1929 886 2074 952 ego
2121 863 2597 941 sustinebo,

217 984 291 1039 ut
354 984 687 1061 potero,
770 982 848 1040 et
892 985 977 1038 tu
1045 981 1127 1040 ut
1206 975 1476 1061 possis
1531 983 1657 1040 est
1724 983 2051 1038 tuorum
2123 979 2592 1036 Nerviorum.

212 1077 418 1144 Nervii
467 1088 690 1146 autem
739 1080 794 1145 si
842 1088 1137 1146 carerent
1183 1081 1416 1145 ceteris
1462 1078 1689 1156 rebuS,
1740 1078 1974 1164 quibus
2001 1077 2282 1158 Quintus
2308 1073 2591 1141 officium

209 1183 489 1251 debitum
560 1185 990 1272 persolveret,
1065 1186 1186 1271 ipsi
1242 1185 1466 1251 saltem
1519 1193 1817 1272 poterant
1871 1185 2043 1250 mitti
2091 1183 2169 1250 acl
2223 1182 2461 1248 bestias
2517 1201 2591 1246 ac

213 1289 566 1358 belluarum
628 1291 930 1357 dentibus
981 1291 1431 1377 unguibusque
1488 1289 1795 1376 discerpti
1852 1290 2165 1375 sanguine
2222 1298 2286 1355 et
2345 1288 2594 1374 gemitu

209 1396 548 1483 suffragari
600 1397 839 1463 Miloni.
889 1396 980 1463 Cf.
1033 1395 1167 1463 Cic.
1222 1398 1282 1461 in
1338 1397 1630 1463 Pisonem
1682 1400 1718 1482 §
1766 1401 1872 1461 89.

285 1501 601 1570 Eiusdem
650 1503 955 1589 epistolae
1007 1506 1110 1588 §8
1164 1503 1251 1569 ita
1300 1511 1605 1588 corrupta
1652 1512 1789 1580 est,
1845 1510 1913 1566 ut
1956 1501 2107 1587 quid
2150 1499 2370 1566 Cicero
2395 1500 2597 1585 scrip-

208 1610 352 1673 serit
416 1619 602 1676 certo
669 1609 1103 1676 demonstrari
1167 1616 1463 1695 nequeat.
1563 1608 1632 1672 ln
1706 1626 1774 1672 re
1823 1606 2068 1674 incerta
2118 1604 2397 1672 conabor
2443 1603 2596 1671 dare

205 1713 361 1798 quod
412 1714 744 1802 probabile
792 1713 995 1781 videri
1044 1715 1265 1801 possit.
1354 1713 1455 1779 De
1506 1712 1821 1778 Felicis
1867 1719 2380 1778 testamento
2421 1718 2589 1776 tum

208 1823 465 1904 magis
538 1841 899 1908 querere
980 1819 1155 1907 (libr.
1231 1818 1612 1907 querare)
1664 1818 1733 1883 si
1785 1817 2031 1883 scies.
2106 1818 2319 1899 Quas
2372 1816 2587 1882 enim

210 1925 541 1994 tabulas
589 1946 672 1993 se
722 1926 1054 2012 putavit
1097 1925 1590 2009 obsignare,
1634 1923 1714 1988 in
1758 1922 2069 2008 quibus
2108 1923 2592 1987 semuncia-

210 2031 375 2111 (libr.
447 2033 858 2117 inunciis)
918 2029 1433 2096 firmissime
1496 2040 1640 2095 lam
1694 2027 1865 2119 (libr.
1925 2026 2589 2110 firmissimum),

208 2142 586 2204 tenueras
646 2137 842 2226 (libr.
884 2137 1392 2228 teuesuero),
1457 2136 1749 2225 lapsus
1808 2156 1935 2223 eas
2001 2133 2178 2223 (libr.
2242 2137 2392 2221 est)
2455 2153 2596 2219 per

206 2259 571 2310 errorem
642 2252 721 2309 et
769 2262 997 2308 suum
1050 2251 1125 2308 et
1177 2242 1531 2308 Sicurae
1573 2243 2005 2329 serlvi‘non
2067 2240 2593 2327 obsignavit,

208 2366 399 2431 quas
484 2349 756 2414 noluit
837 2368 975 2415 eas
1057 2349 1616 2436 obsignavit.”
1712 2347 2081 2413 Ernestius:
2168 2352 2586 2412 tenuerat.

208 2451 515 2540 Equidem
589 2452 1288 2542 plusquamperfectum
1365 2454 1468 2520 bic
1543 2463 1715 2519 recte
1762 2453 1976 2518 locum
2049 2451 2340 2517 obtinere
2414 2458 2587 2538 puto.

209 2556 357 2626 Nam
420 2561 505 2628 de
572 2561 810 2628 tabulis
866 2560 1111 2628 dudum
1169 2547 1360 2628 fac'tis
1414 2570 1480 2627 et
1538 2560 1837 2648 repositis
1896 2578 2046 2625 cum
2105 2556 2588 2648 praesumtione

209 2665 477 2750 quadam
533 2668 629 2734 rei
681 2666 997 2754 perfectae
1036 2676 1101 2734 et
1138 2667 1470 2733 absolutae
1513 2676 1685 2733 recte
1725 2665 2002 2731 dicitur:
2054 2663 2305 2731 tabulas
2346 2664 2409 2728 in
2452 2662 2594 2749 qui·

208 2768 323 2837 bus
368 2775 646 2840 tenuisti
706 2793 827 2839 non
884 2772 1190 2858 obsigno,
1251 2772 1630 2858 obsignabo;
1682 2771 1871 2858 idque
1920 2771 1984 2836 iu
2034 2771 2384 2857 praeterito
2433 2778 2589 2835 tem·

213 2894 354 2960 pore
401 2880 467 2945 in
522 2878 1151 2967 plusquamperfecto
1194 2876 1410 2946 efferri
1450 2886 1684 2966 potest.

1719 3057 1831 3124 W.
1879 3056 1954 3125 G.
2007 3053 2455 3124 PLUYGERS.

771 3380 968 3427 monus
1011 3379 1420 3426 cnanosTom
1468 3378 1650 3426 Locus
1695 3378 2051 3426 conunc'rUS.

303 3541 536 3610 Editur
599 3542 769 3630 apud
829 3542 1096 3609 Dionem
1159 3539 1693 3629 Chrysostomum
1758 3540 1953 3607 XXX.
2005 3560 2069 3626 p.
2116 3543 2244 3605 557
2296 3535 2511 3602 Reisk.
2562 3536 2591 3601 ὁ

225 3644 430 3727 κόσμος
476 3645 638 3722 οἶκός
681 3650 774 3718 ἐςι
819 3647 983 3714 πάνυ
1028 3646 1222 3720 καλός
1269 3670 1339 3712 τε
1386 3646 1491 3711 καὶ
1543 3649 1694 3720 θεῖος
1742 3646 1856 3712 ὑπὸ
1907 3648 2046 3711 θεῶν
2089 3640 2589 3720 κατεσκευασμέ-

226 3774 304 3825 νος
346 3755 547 3837 ὥσπερ
595 3755 713 3844 ὑπὸ
749 3760 868 3819 τῶν
904 3751 1274 3831 εὐδαιμόνων
1309 3777 1382 3818 τε
1420 3753 1528 3817 καὶ
1570 3753 1874 3821 πλουσίων
1898 3749 2289 3827 καλουμένων
2322 3748 2453 3815 ἆνδ
2464 3753 2592 3828 ρῶν

226 3855 593 3934 οὕστινας
663 3861 888 3941 ὁρῶμεν
967 3858 1603 3936 κατεσκευασμένους.
1699 3857 1856 3923 Vera
1940 3865 2006 3923 et
2074 3856 2339 3940 antiqua
2404 3851 2592 3917 lectio

226 3973 350 4029 erat
392 3972 1175 4034 ANAPnNACTINAC.
1245 3963 1455 4029 Bonus
1503 3963 1717 4028 scriba
1753 3947 1875 4027 'ubi
1916 3963 2138 4043 ἀνδρῶν
2175 3959 2473 4032 dederat,
2519 3962 2589 4020 ut

228 4071 336 4135 viri
396 4071 574 4137 virili
618 4089 853 4156 genere
897 4069 1309 4148 dicerentur,
1369 4078 1751 4135 ACTINAC
1801 4067 1866 4132 in
1915 4063 2197 4140 οὕστινας
2251 4062 2589 4131 convertit.

232 4170 438 4243 Belius
497 4185 641 4243 erat
702 4174 909 4260 legere
955 4174 1360 4257 ἀνδρῶνας
1407 4198 1638 4247 τινας
1685 4175 1909 4255 ὁρῶμεν
1956 4169 2587 4248 κατεσκευασμένους.

2107 4351 2174 4418 C.
2223 4349 2295 4415 G.
2344 4347 2415 4414 C.
