2934 5050
1048 308 1133 354 An
1179 308 1708 356 musonius-rum.
2488 283 2575 349 65

198 478 392 543 forma
435 484 529 544 est
570 478 940 558 ἄνδρολοὶλος
961 529 979 551 ,
1043 468 1155 544 sed
1199 499 1238 544 a
1283 482 1509 544 iocosis
1555 483 1620 543 et
1662 481 2009 566 ingeniosis
2068 481 2305 544 Atticis
2349 479 2564 544 πολλοὶ

197 587 324 646 τῶν·
359 583 638 649 τοιούτων
701 584 1071 649 πέπαικται.
1146 582 1313 664 Quid
1376 586 1462 649 sit
1508 582 1877 662 οἱνδρολαλος
1942 586 2097 650 satis
2155 585 2567 669 perspicuum

196 694 285 755 est
323 710 524 776 neque
570 690 726 756 dum
762 689 929 756 illud
970 689 1500 756 muliercularum
1537 710 1742 777 genus
1787 689 2017 754 defecit
2031 738 2049 768 ,
2098 695 2175 755 ut
2218 695 2285 756 et
2318 688 2564 775 reliqua

195 798 436 861 tantum
493 816 619 862 non
685 799 903 863 omnia
917 844 935 876 ,
1001 816 1162 883 quae
1228 796 1397 882 apud
1457 794 1965 880 Theophrastum
2035 795 2248 862 verbis
2313 796 2565 881 depicta

193 906 363 977 sunt,
408 903 693 970 invitae
736 903 880 970 luce
921 905 1076 971 viva
1121 922 1193 968 ac
1238 903 1547 988 spirantia
1588 906 1869 987 spectare
1920 902 2125 967 datur.

276 1005 454 1089 Quod
498 1009 679 1074 addit
720 1010 913 1076 homo
957 1007 1310 1075 maledicus
1355 1008 1460 1073 καὶ
1520 1008 1711 1071 αὑταὶ
1760 1008 1871 1080 τὴν
1934 1006 2113 1086 θύραν
2158 1009 2270 1084 τὴν
2318 1007 2561 1072 αὔλειον

193 1113 584 1179 ὑπακούουσιν
628 1115 897 1200 planum
944 1119 1058 1181 est.
1131 1113 1301 1193 Quid
1348 1115 1434 1179 sit
1481 1113 1809 1178 ὑπακούειν
1855 1114 1911 1177 si
1958 1115 2101 1198 quis
2148 1115 2386 1181 ostium
2422 1111 2561 1199 pul-

191 1221 413 1285 caverit
459 1221 605 1305 quis
650 1228 746 1287 est
804 1223 917 1306 qui
962 1216 1245 1287 nesciat?
1306 1224 1382 1285 ut
1427 1222 1495 1283 in
1540 1239 1675 1304 cap.
1724 1216 1813 1284 IV
1859 1216 2170 1300 κόψαντός
2232 1243 2388 1291 τινος
2450 1220 2561 1293 τὴν

192 1322 359 1404 θύραν
398 1326 747 1391 ὑπακοῦσαι
781 1324 999 1402 αὐτός,
1048 1326 1216 1412 quod
1262 1324 1592 1391 sordidum
1628 1330 1726 1390 est
1761 1330 1828 1391 et
1864 1326 2291 1409 rusticanum„
2329 1322 2566 1392 Contra

190 1429 559 1499 mulieribus
617 1433 988 1499 indecorum
1049 1438 1145 1497 est
1204 1437 1268 1497 et
1324 1431 1762 1516 impudentiae
1828 1435 1980 1497 nota
2031 1432 2088 1497 si
2149 1451 2310 1517 quae
2371 1429 2559 1496 αὐταὶ

194 1537 458 1624 (l'IPOC)
511 1536 622 1612 τὴν
667 1540 847 1619 θύραν
890 1538 999 1613 τὴν
1044 1537 1290 1605 αὔλειον
1335 1536 1766 1613 ὑπακούουσιν,
1828 1557 1980 1604 nam
2038 1535 2225 1624 plane
2285 1556 2564 1604 necessa-

188 1643 349 1709 rium
393 1647 496 1711 est
536 1645 1066 1730 praepositionem
1113 1642 1257 1724 πρός
1302 1644 1597 1709 inserere.

268 1855 410 1923 Non
473 1863 611 1923 erat
659 1855 1055 1946 tangendum
1099 1859 1170 1922 in
1229 1876 1363 1941 sqq.
1426 1855 1707 1936 εἷδεχθής
1753 1877 1850 1926 τις
1907 1854 2037 1919 ἀπὸ
2090 1856 2198 1918 τοῦ
2247 1853 2563 1932 προσώπου

188 1960 339 2040 kh,
403 1965 440 2039 ἧ
503 1962 565 2028 δὲ
624 1962 879 2042 πονηρία
936 1961 1154 2027 ούδΕΝ
1218 1960 1438 2039 ὁμοία,
1509 1962 1622 2025 ubi
1690 1964 2021 2045 perpefam
2079 1957 2309 2024 ούδεΝῙ
2381 1958 2565 2036 ὁμοία

187 2066 598 2135 substituunt.
644 2068 893 2147 Notum
930 2073 1027 2134 est
1064 2088 1187 2152 quo
1219 2088 1407 2134 sensu
1444 2067 1696 2135 dicatur
1732 2067 1853 2146 οὐχ
1883 2063 2081 2144 ὅμοιος
2104 2113 2121 2142 ,
2163 2065 2285 2146 οὐχ
2319 2064 2564 2143 ὁμοίως,

186 2172 340 2239 οὐδὲν
381 2169 615 2253 ὅμοιος,
666 2180 733 2241 et
771 2196 892 2239 non
932 2173 1153 2238 cambis
1195 2174 1364 2260 apud
1407 2172 1748 2238 Romanoa.

589 2282 735 2346 Post
777 2279 926 2344 mihi
969 2301 1089 2344 non
1130 2280 1320 2343 simili
1351 2302 1552 2363 poena
1594 2278 1896 2342 commissa
1934 2276 2138 2341 luetis.

266 2385 786 2472 Breviloquentia
828 2392 925 2452 est
969 2387 1090 2465 οὑχ
1134 2380 1331 2463 ὅμοιος
1387 2382 1578 2472 (οὐδὲν
1627 2381 1852 2468 ὅμοιος)
1906 2383 2083 2447 ἄλλα
2130 2380 2290 2447 πολὺ
2338 2380 2557 2462 ammi-

188 2513 319 2570 ρων,
366 2498 431 2559 et
476 2495 570 2560 sic
614 2495 736 2574 οὐχ
782 2492 996 2569 ὁμοίως
1046 2497 1141 2558 est
1199 2491 1328 2557 fere
1374 2490 1549 2556 idem
1597 2490 1761 2577 quod
1819 2488 2226 2569 διαφερόντως
2278 2488 2566 2570 insiqnem

189 2598 249 2661 in
288 2601 541 2665 modum.
609 2598 830 2664 Unum
872 2619 950 2664 ex
992 2597 1225 2685 Lysiae
1269 2598 1550 2664 oratione
1596 2595 1767 2661 XIV.
1814 2617 1962 2685 pag.
2017 2594 2143 2661 141
2161 2645 2177 2672 ,
2230 2594 2317 2660 20
2356 2616 2566 2660 exem-

187 2702 357 2788 plum
405 2704 700 2772 afferam:
766 2704 966 2770 καίτοι
1017 2707 1108 2791 (αἱ
1154 2711 1272 2769 τῶν
1321 2702 1626 2784 ἡμετέρων
1671 2701 1976 2782 προγόνων
2038 2699 2279 2787 ἀρεταί)
2330 2698 2563 2764 πολλαὶ

190 2809 285 2873 καὶ
344 2810 645 2891 μεγάλαι
703 2849 790 2861 -
851 2811 957 2877 καὶ
1019 2818 1315 2877 ΟΤΔΕΝ
1371 2810 1721 2874 'OMOIAI
1782 2816 1905 2878 τοῖς
1970 2809 2084 2872 ὑπὸ
2140 2804 2367 2872 τούτων
2428 2804 2562 2885 περὶ

190 2916 288 2988 τὴν
333 2917 516 2983 πόλιν
562 2917 1047 2999 πεπραγμένοις.

269 3128 430 3198 Ibid.
497 3140 576 3213 τῇ
621 3129 748 3211 γὰρ
805 3130 995 3197 αὑτοῦ
1042 3131 1289 3208 γυναικὶ
1353 3128 1650 3195 τάλαντα
1703 3128 2144 3206 εἶσενέγκαμεν
2206 3127 2241 3202 ἢ
2301 3134 2522 3204 προῖκα
2546 3175 2562 3200 ,

191 3233 252 3311 ἐξ
297 3234 358 3312 ἦς
410 3237 656 3303 παιδίον
702 3238 869 3318 αύτῷ
919 3236 1171 3315 γέγονε,
1219 3243 1378 3316 τρεῖς
1423 3239 1711 3318 χαλκοῦς
1758 3236 1844 3308 εἰς
1890 3234 2037 3315 ὄψον
2081 3232 2282 3299 δίδωσι
2329 3233 2432 3297 καὶ
2481 3235 2564 3312 τῷ

184 3344 397 3424 ψυχρῷ
448 3344 734 3409 λούεσθαι
788 3342 1139 3424 οέναγκοὶζει
1186 3352 1263 3423 τῇ
1325 3347 1432 3407 τοῦ
1492 3340 1851 3411 Ποσειδῶνος
1902 3340 2155 3425 ἡμέρου]
2228 3337 2335 3404 Sic
2384 3337 2566 3405 Pala-

186 3449 383 3526 tinus,
457 3469 609 3515 nam
670 3469 870 3534 quum
933 3468 1137 3513 errore
1199 3448 1404 3513 scriba
1461 3448 1737 3512 dedisset
1798 3447 2036 3511 παιδίον
2098 3446 2266 3525 αὐτῷ
2333 3450 2561 3538 γεννᾷ,

185 3556 398 3619 statim
444 3556 516 3620 in
559 3556 851 3641 margine
907 3574 1130 3620 veram
1173 3551 1515 3618 lectionem
1578 3551 1799 3631 γέγονε
1863 3552 2164 3637 reposuit.
2252 3548 2427 3615 Olim
2470 3569 2565 3613 re·

184 3667 435 3743 pertum
480 3665 577 3726 est
620 3658 911 3724 τάλαντα
961 3661 1549 3737 εἶσενεγκαμΕΝΗῐ
1606 3667 1829 3739 προῖκα
1854 3707 1870 3733 ,
1936 3657 2045 3722 sed
2099 3655 2393 3721 τάλαντα
2453 3674 2566 3739 per

187 3783 247 3828 se
285 3765 454 3830 nihil
514 3770 609 3831 est
660 3766 786 3829 nisi
829 3785 1134 3830 numerus
1179 3763 1534 3830 definiatur.
1619 3763 1907 3830 Fuerunt
1949 3763 2156 3849 igitur
2213 3762 2325 3846 qui
2371 3761 2563 3825 conii-

190 3876 426 3935 oerent:
497 3869 792 3936 τάλαντα
855 3870 1336 3952 εἶσενεγκαμένῃ
1398 3877 1621 3946 προῖκα
1687 3861 1755 3944 ἓξ
1779 3918 1794 3944 ,
1860 3868 1896 3944 ἥ
1956 3892 2026 3932 τε
2088 3866 2328 3931 παιδίον
2391 3867 2560 3945 αὐτῷ

189 3982 371 4059 γεννᾷ
390 4025 407 4051 ,
457 3977 637 4060 quasi
678 3976 834 4041 haec
876 3980 1041 4041 esset
1085 3973 1328 4042 Graeca
1361 3978 1703 4042 verborum
1750 3975 2142 4061 compositio.
2212 3969 2565 4037 Mirificum

191 4080 507 4165 imprimis
563 4086 660 4147 est
704 4087 912 4164 γεννᾷ.
1000 4078 1125 4146 Sed
1169 4083 1573 4168 interpretari
1634 4084 1928 4168 quamvis
1972 4079 2275 4145 mendosa
2319 4078 2565 4142 volenti-

193 4186 293 4250 bus
333 4187 434 4249 nil
472 4188 742 4251 arduum.
831 4187 1002 4250 Audi
1045 4186 1272 4251 modo:
1340 4210 1672 4270 „praesens
1720 4189 1994 4271 (γεννᾶν)
2058 4191 2251 4249 autem
2308 4180 2563 4263 QUASI

191 4291 445 4375 perfec&
481 4292 917 4377 eiqutficatione
947 4291 1203 4375 ponitur
1245 4299 1315 4356 ut
1359 4298 1495 4357 νικῶ
1543 4292 1834 4380 aliaq1ae”.
1917 4291 2322 4376 Ubicumque
2367 4288 2564 4355 Inter-

197 4403 398 4478 Ρῖθῒθθ
455 4395 616 4464 fflud
675 4397 848 4482 quad
863 4445 878 4472 9
943 4398 1356 4482 quodammodo
1376 4446 1390 4473 ‚
1455 4399 1830 4483 abiquatenus
1889 4407 1953 4466 et
2015 4397 2256 4463 similia
2313 4395 2391 4461 de
2452 4413 2566 4458 suo

2211 4507 2239 4549 5
