2934 5050
1149 314 1519 365 ruroch.
2402 299 2526 364 261

251 476 432 573 Peg.⁸
457 485 611 554 967.
659 504 718 553 ο.
774 483 881 549 καὶ
938 484 1008 558 δὴ
1073 485 1177 550 καὶ
1224 485 1585 567 λοιδορήσεις
1632 509 1711 563 γε
1757 486 2013 558 ἐπῆλθον
2054 496 2336 561 ποιηταῖς
2382 490 2525 560 τοὺς

166 594 657 673 Φιλοσοφοῦντας
716 589 852 656 κυσὶ
915 590 1226 668 ματαίαις
1285 590 1742 671 ἀπεικάζοντας
1796 589 2212 672 χρωμέναισιν
2258 595 2524 663 ὑλακαῖς

165 693 338 760 ἄλλα
395 719 468 760 τε
526 694 760 770 ἀνόητα
806 695 1023 760 εἰπεῖν.
1091 694 1263 761 Nota
1306 700 1404 760 est
1446 695 1527 761 de
1561 694 1784 761 eadem
1826 715 1895 760 re
1937 694 2228 763 Platonis
2270 697 2525 783 querela

164 800 231 864 in
271 799 435 866 libro
478 799 564 866 X.
608 801 684 866 de
726 799 878 883 Rep.
924 817 1073 886 pag.
1122 796 1275 866 607.
1324 818 1384 865 Β.
1423 800 1543 866 Est
1582 804 1800 865 autem
1834 802 1904 864 in
1941 799 2211 888 vulgata
2246 803 2521 869 vitium:

162 904 466 981 ματαίαις
512 906 687 970 enim
729 922 857 969 non
901 902 983 968 ad
1027 902 1170 969 xvc!
1204 903 1315 969 sed
1350 904 1431 970 ad
1475 906 1742 977 ὑλακαῖς
1778 906 2092 991 pertinere
2128 905 2373 972 clarum
2405 912 2520 973 est.

163 1006 284 1075 Sed
326 1008 535 1095 qualis
578 1013 676 1075 est
716 1009 925 1096 igitur
964 1005 1122 1074 haec
1164 1009 1507 1075 verborum
1551 1006 1884 1075 disiectio?

247 1111 548 1200 Suspicor
601 1115 887 1199 priscum
945 1111 1333 1178 vocabulum
1389 1116 1714 1199 poeticum
1768 1133 1807 1179 a
1851 1115 2074 1180 scribis
2114 1118 2529 1182 interemtum

165 1238 323 1295 esse,
389 1219 573 1284 cuius
632 1219 1071 1303 interpretatio
1129 1218 1198 1282 in
1252 1222 1435 1284 textu
1465 1219 1834 1295 *adhaeserit
1875 1217 2336 1308 Platonemque
2381 1225 2530 1287 scri·

164 1324 389 1407 psisse:
453 1321 591 1386 κυσὶ
660 1319 1221 1402 μαψυλάκαις
1281 1322 1771 1405 ἀπεικάζοντας,
1833 1323 2026 1409 idque
2079 1328 2289 1391 nescio
2335 1344 2527 1411 quem

163 1428 648 1511 interpretatum
704 1446 839 1492 esse
882 1428 1008 1492 sio:
1066 1426 1381 1504 ματαίαις
1421 1429 1772 1509 χρωμέναις
1821 1428 2087 1501 ὑλακαῖς
2111 1477 2128 1505 ,
2176 1427 2345 1494 unde
2388 1428 2530 1496 vul·

167 1537 314 1620 gata
368 1531 562 1598 lectio
606 1530 875 1596 conflata
911 1531 1019 1595 sit.
1091 1531 1510 1612 Μαψυλοὶκας
1557 1538 1655 1599 est
1702 1533 1869 1618 apud
1914 1532 2268 1599 Pindarum
2313 1538 2379 1598 et
2422 1555 2530 1596 τε·

168 1634 498 1717 Φολαχθαι
546 1641 844 1714 γλῶσσαν
887 1636 1285 1717 μαψυλάκαν
1329 1634 1585 1722 Sappho
1631 1639 1817 1703 dixit.

1280 1918 1419 1995 ΙΙΙ.

742 2130 830 2179 AD
876 2111 1222 2179 Iammcm
1265 2110 1451 2189 λόγον
1496 2111 1945 2192 προτρεπτικόν.

253 2273 328 2340 In
364 2277 517 2342 crisi
556 2295 821 2360 operum
857 2273 1334 2341 Platonicorum
1372 2281 1436 2341 et
1470 2276 1540 2341 in
1577 2275 2016 2342 constituendo
2045 2273 2335 2341 Platonis
2356 2279 2539 2342 textu

172 2399 402 2468 magna
447 2384 547 2445 est
587 2374 930 2445 Iamblichi
976 2380 1318 2446 auctoritas
1335 2426 1353 2458 ,
1406 2381 1519 2465 qui
1560 2381 1630 2445 in
1672 2380 2103 2445 Adhortatione
2146 2381 2231 2444 ad
2270 2380 2539 2446 Philoso-

162 2484 360 2566 phiam
420 2483 780 2573 complures
830 2482 1000 2552 locos
1042 2483 1400 2551 luculentos
1444 2490 1511 2551 et
1552 2482 1905 2570 praeclaros
1950 2505 2028 2551 ex
2074 2485 2206 2551 suis
2251 2469 2541 2552 Platonis

176 2584 510 2656 Codicibus
567 2587 919 2674 descripsit.
989 2588 1280 2655 Utimur'
1311 2594 1529 2655 autem
1594 2589 1935 2655 Iamblichi
1994 2590 2266 2655 editione
2310 2589 2539 2655 multis

175 2694 416 2760 mendis
474 2693 843 2780 lacunisque
903 2694 1254 2760 deformata
1267 2739 1286 2772 ‚
1349 2713 1545 2778 quam
1604 2714 1683 2759 ex
1728 2690 1976 2759 Gizensi
2017 2690 2249 2759 Codice
2295 2694 2540 2760 concin-

176 2802 346 2866 navit
401 2798 839 2888 Kiesslingius
856 2845 875 2879 ‚
935 2818 1142 2885 quum
1198 2799 1583 2884 archetypus
1630 2800 1922 2862 omnium
1965 2795 2307 2862 Iamblichi
2349 2796 2543 2862 libro-

175 2920 313 2966 rum
329 2950 348 2981 ,
410 2905 594 2969 cuius
654 2924 771 2989 ope
827 2903 1112 2989 plurima
1167 2903 1399 2969 menda
1457 2901 1588 2967 elui
1646 2900 2036 2987 lacunaeque
2079 2899 2358 2986 suppleri
2404 2921 2545 2986 pos-

177 3011 317 3071 sunt
331 3053 350 3084 ,
409 3009 484 3072 in
541 3007 942 3074 Bibliotheca
997 3005 1289 3075 Medicea
1343 3005 1593 3073 lateret.
1662 3003 2008 3070 Ostendam
2068 3024 2195 3072 uno
2251 3004 2541 3091 exemplo

177 3126 360 3193 quam
415 3110 618 3176 fallax
675 3117 741 3177 et
798 3111 1048 3178 lubrica
1106 3114 1193 3176 sit
1251 3109 1406 3177 fides
1458 3107 1968 3195 Kiesslingianae
2027 3109 2324 3175 editionis
2368 3114 2434 3175 et
2474 3110 2543 3174 in

177 3231 324 3297 quos
383 3235 624 3281 errores
683 3235 798 3281 nos
859 3216 1139 3282 inducat.
1223 3215 1448 3281 Edidit
1506 3235 1708 3300 nuper
1765 3216 1870 3280 vir
1929 3215 2152 3279 doctus
2192 3211 2544 3280 Manrnws

177 3314 424 3384 Scmz
469 3319 812 3404 perutilem
847 3319 1091 3385 librum
1133 3320 1424 3398 „Studien
1458 3343 1569 3384 zur
1609 3319 1951 3386 Geschichte
1986 3319 2089 3382 dee
2124 3318 2545 3383 Platoni-seben

183 3423 440 3500 Testes?
501 3426 571 3489 in
627 3444 751 3509 quo
813 3443 1016 3509 quum
1069 3429 1288 3512 ageret
1344 3425 1421 3490 de
1465 3422 1948 3507 interpolatione
1993 3422 2160 3508 apud
2203 3421 2543 3488 Platonem

179 3529 553 3593 testimoniis
597 3530 1021 3594 recentiorum
1062 3530 1441 3614 scriptorum
1481 3528 1783 3613 deprensa
1817 3547 1967 3614 pag.
2014 3525 2121 3591 32.
2162 3529 2255 3591 ita
2292 3526 2541 3592 scribit:

266 3631 498 3697 Pham.
549 3630 702 3698 173.
748 3651 814 3699 D.
878 3629 945 3699 εὖ
1008 3631 1073 3700 δὲ
1134 3634 1168 3708 ἢ
1232 3638 1436 3704 κακῶς
1498 3658 1593 3705 τις
1638 3632 1894 3711 γέγονεν
1940 3632 2005 3695 ἐν
2046 3630 2331 3695 πόλει-
2360 3630 2547 3695 αὑτὸν

179 3733 443 3810 λέληθεν.
532 3737 666 3802 Wer
708 3739 907 3806 wic‘rde
947 3739 1081 3802 bier
1106 3738 1226 3810 ,ein
1274 3738 1535 3802 Glossem
1579 3737 1918 3800 vermutken
1934 3784 1948 3812 ‚
2010 3759 2176 3800 wenn
2225 3757 2340 3799 une
2383 3735 2549 3799 nield

181 3837 537 3905 Iamblichus
594 3841 1002 3926 Protreptious
1061 3843 1324 3907 dasselbe
1381 3842 1695 3905 verr-athen
1740 3842 1939 3904 wic'rde
1952 3840 1990 3903 ‚7
2034 3840 2192 3905 ,Dore
2236 3841 2395 3904 leben
2436 3842 2547 3903 wir

180 3946 434 4009 ndmlieh
479 3944 690 4027 ἑτέρως
733 3953 882 4011 εὐαέι
917 3946 1177 4020 κακῶς.”
1215 3951 1280 4012 et
1315 3951 1459 4031 post
1496 3962 1731 4030 pauca:
1784 3944 1954 4022 „Mic
1992 3944 2182 4009 Recht
2217 3945 2322 4008 kat
2358 3945 2546 4008 daher

182 4044 566 4116 Valckenaer
606 4051 798 4116 dieses
844 4052 1053 4132 ἑτέρως
1100 4049 1495 4133 ἄενμεειεὶἰι.”
1642 4059 1647 4064 ’

268 4152 440 4218 Audi
495 4175 662 4220 nunc
727 4156 880 4240 quid
935 4159 1028 4222 rei
1072 4159 1175 4222 sit.
1245 4156 1477 4221 Editur
1516 4152 1682 4238 apud
1728 4152 2155 4219 Iamblichum
2200 4173 2347 4240 pag.
2391 4152 2544 4220 210.
2590 4225 2599 4234 ,

186 4250 250 4319 εὖ
289 4254 350 4321 δὲ
397 4256 432 4332 ἦ
483 4264 684 4330 κακῶς
731 4258 766 4334 ἢ
815 4258 1028 4341 ἑτέρως
1075 4261 1168 4335 τίς
1215 4284 1276 4325 τι
1325 4259 1584 4337 γέγονεν
1629 4259 1692 4321 ἕν
1738 4258 1950 4323 πόλει.
2000 4258 2107 4323 sed
2146 4258 2550 4345 Archetypus

189 4354 394 4425 Codex
411 4409 426 4437 ,
493 4363 675 4428 cuius
737 4360 1014 4431 Gizensis
1068 4364 1231 4432 liber
1288 4363 1664 4429 mendosum
1711 4363 2145 4450 apographum
2194 4369 2290 4428 est
2310 4410 2324 4438 ,
2390 4364 2549 4427 hanc
