2934 5050
399 270 532 337 350
1411 291 1754 341 nomm.

395 457 532 525 sola
578 463 958 546 argumenta
1002 463 1428 547 grammatica
1474 467 1588 527 aut
1632 462 1903 526 metrica
1943 480 2082 525 rem
2124 465 2303 525 extra
2339 479 2603 526 omnem
2640 480 2777 527 con·

393 566 771 630 troversiam
829 570 1092 650 ponunt.
1165 565 1483 645 Quoniam
1544 568 1611 629 in
1670 586 1861 629 versu
1921 565 2173 631 heroico
2218 563 2354 631 fieri
2398 585 2528 630 non
2572 570 2779 651 potest
2892 617 2893 650 ἶ

391 674 468 734 ut
525 690 640 754 pro
698 669 955 756 dactylo
999 670 1252 733 creticus
1296 670 1727 734 substituatur
1742 717 1760 746 ‚
1808 675 2058 735 certum
2104 675 2203 736 est
2246 670 2522 749 εὔχομαι
2566 669 2775 734 τελε-ε’-

388 798 568 852 μενος
616 775 696 839 ab
741 776 1002 859 antiquo
1046 779 1300 840 cantore
1344 774 1475 839 dici
1519 795 1645 840 non
1690 776 1995 859 potuisse.

481 924 555 989 In
600 923 784 990 Iliad.
835 935 901 992 Ξ.
953 923 1107 989 235.

751 1029 875 1106 ἐγὼ
923 1026 989 1093 δέ
1034 1027 1104 1092 κέ
1151 1052 1243 1093 τοι
1289 1027 1449 1093 ειδέω
1495 1027 1683 1109 χάριν
1732 1029 1957 1108 ἤματα
2003 1029 2242 1095 πάντα.

389 1139 760 1200 annotatur:
807 1132 1178 1214 ’Λρίςαρχος
1223 1132 1473 1213 χάριν
1513 1132 1774 1198 εἶδέωε
1824 1134 1893 1198 αἱ
1931 1132 1997 1197 δὲ
2034 1133 2331 1212 δημώδεις
2370 1134 2598 1200 εἰδέω
2635 1132 2775 1213 χά-

387 1262 523 1319 ριν.
593 1237 794 1304 Unice
837 1259 990 1306 vera
1031 1245 1127 1303 est
1163 1244 1280 1302 τῶν
1321 1237 1605 1315 δημωδῶν
1645 1240 1959 1325 scriptura
1988 1238 2219 1304 leniter
2239 1239 2582 1305 emendata
2616 1238 2773 1319 (ἰδέω

385 1344 572 1424 χάριν
615 1365 730 1429 pro
777 1342 973 1429 εἰδέω)
1024 1348 1090 1408 et
1132 1342 1539 1408 Aristarchus
1582 1344 1955 1428 imprudens
1992 1350 2276 1410 metrum
2314 1342 2771 1429 pessumdedit.

389 1449 639 1515 Mirum
677 1454 774 1514 est
811 1450 1010 1514 etiam
1040 1446 1394 1512 Aristarchi
1433 1446 1511 1511 de
1542 1446 1660 1512 tali
1693 1451 2148 1533 compositione
2170 1449 2528 1514 iudicium:
2552 1468 2774 1533 nempe

389 1554 512 1632 ἐγὼ
574 1553 637 1619 δέ
686 1553 754 1618 κέ
799 1576 891 1618 τοι
939 1551 1073 1618 ἰδέω
1118 1549 1307 1631 χάριν
1349 1552 1857 1636 componendum
1905 1558 2040 1618 erat
2085 1574 2235 1618 cum
2278 1552 2442 1618 locis
2488 1553 2773 1618 huiusce-

385 1657 599 1736 modi,
662 1657 784 1734 ἐγὼ
845 1655 909 1722 δέ
973 1657 1048 1721 Κ’
1111 1654 1287 1734 ἄγω,
1353 1662 1420 1721 et
1464 1655 1589 1733 ἐγὼ
1635 1657 1701 1721 δέ
1750 1665 1858 1721 ΚΕ
1908 1658 2060 1722 λαὸν
2104 1659 2371 1737 άγείρω,
2421 1658 2504 1723 de
2550 1657 2773 1743 quibus

388 1762 556 1827 infra
615 1761 933 1839 dicemus,
996 1760 1108 1825 sed
1167 1759 1318 1824 audi
1378 1761 1742 1845 opinionem
1802 1762 2189 1827 Aristarchi:
2247 1764 2488 1826 '‘eAel
2541 1760 2606 1826 δὲ
2650 1763 2771 1836 ἦτοι

389 1868 690 1942 εἷδείην
752 1864 825 1931 ἵν’
881 1863 921 1947 ἦ
983 1865 1055 1930 τὸ
1102 1868 1271 1946 ῥῆμα
1317 1863 1781 1943 ἐνηλλαγμένων
1825 1864 2263 1953 (coniunctim
2304 1883 2432 1932 PRO
2481 1867 2773 1951 optativo.-

388 1972 543 2058 quid
565 1967 986 2058 simplicius?)
1030 1969 1064 2045 ἢ
1114 1968 1243 2034 ἘΚ
1290 1977 1704 2034 UGPICCOT
1752 1970 2065 2048 νοουμένου
2108 1976 2216 2035 τοῦ
2264 1980 2377 2035 ΚΕ
2421 1972 2552 2049 ἐγὼ
2600 1970 2665 2036 δέ
2684 1993 2771 2035 σοι

388 2076 633 2154 εἵσομαι
695 2074 902 2157 χάριν.
988 2074 1294 2140 Nondum
1353 2073 1551 2138 multi
1604 2076 1753 2138 anni
1795 2083 1945 2141 sunt
1991 2097 2069 2142 ex
2115 2096 2241 2161 quo
2285 2076 2566 2141 eruditis
2612 2096 2773 2141 com·

385 2180 574 2268 plura
608 2182 907 2263 eleyanter
952 2181 1259 2244 abundare
1293 2178 1679 2245 videbantur
1712 2185 1778 2244 et
1816 2179 1945 2244 alia
1981 2185 2199 2245 contra
2220 2181 2527 2261 eleqanter
2547 2181 2741 2245 abesse
2752 2225 2770 2255 ‚

386 2290 463 2351 ut
508 2284 642 2350 sola
686 2291 949 2351 naturae
993 2283 1373 2369 simplicitas
1418 2287 1531 2350 aut
1575 2282 1827 2349 dicendi
1867 2287 2102 2350 veritas
2149 2284 2455 2366 indeqau
2494 2305 2635 2351 esse
2666 2304 2776 2369 pu·-

389 2395 649 2455 taretur.
723 2387 851 2454 Ubi
904 2388 1135 2457 vocula
1182 2395 1290 2451 ΚΕ
1334 2386 1504 2471 apud
1548 2385 1909 2454 Homerum
1952 2409 2104 2454 cum
2148 2387 2365 2455 futuro
2412 2392 2641 2456 iuncta
2682 2394 2779 2454 est

389 2489 518 2559 dici
577 2498 823 2579 poterat
881 2492 1206 2573 παρέλκειν
1252 2493 1323 2557 τὸ
1369 2499 1479 2556 ΚΕ
1522 2490 1629 2559 vel
1674 2492 1743 2559 έκ
1790 2498 2074 2577 περισσοῦ
2121 2494 2379 2560 νοεῖσθαι
2410 2544 2427 2571 .
2490 2494 2729 2561 κεῖσθαι
2754 2543 2775 2569 ,

389 2599 696 2674 τίθεσθαι,
761 2602 912 2684 quia
953 2605 1098 2685 post
1139 2597 1501 2663 Homerum
1548 2617 1737 2664 nemo
1782 2619 1925 2665 eam
1971 2597 2358 2685 particulam
2383 2600 2624 2685 futuro
2668 2599 2781 2665 ad-

391 2704 613 2782 debat,
678 2709 742 2769 et
803 2705 973 2789 apud
1031 2703 1392 2770 Homerum
1446 2704 1706 2787 perinde
1752 2709 1848 2770 est
1891 2703 2187 2770 additane
2231 2707 2319 2769 sit
2364 2724 2446 2769 an
2491 2726 2621 2770 non
2667 2696 2783 2770 sitss

390 2807 518 2874 Sed
579 2809 692 2874 ubi
752 2810 1044 2887 ὁμηρικῶς
1089 2828 1203 2894 pro
1248 2810 1370 2886 ἐγὼ
1416 2811 1469 2874 δ’
1516 2807 1684 2886 ἄξω,
1733 2808 1857 2886 ἐγὼ
1903 2807 1966 2873 δέ
2012 2830 2102 2873 σοι
2149 2808 2339 2888 χάριν
2384 2808 2636 2886 εἵσομαι
2684 2808 2783 2875 di-

391 2915 560 2978 citur
602 2914 724 2991 ἐγὼ
770 2913 834 2978 δέ
880 2911 941 2977 κ’
991 2910 1170 2991 ἄγω,
1221 2913 1343 2991 ἐγὼ
1391 2914 1455 2980 δέ
1503 2913 1571 2979 κέ
1616 2937 1706 2979 τοι
1754 2913 1917 2980 nucu
1961 2911 2187 2994 χάριν,
2244 2916 2397 2999 quia
2446 2923 2555 2979 ΚΕ
2598 2935 2782 3000 pror—

390 3038 499 3083 sus
542 3021 966 3083 necessarium
1003 3022 1131 3094 est,
1175 3018 1503 3099 παρέλκειν
1539 3019 1647 3086 vel
1686 3019 1756 3083 ἐκ
1788 3022 2073 3100 περισσοῦ
2098 3019 2357 3084 νοεῖσθαι
2377 3017 2559 3084 nullo
2578 3019 2781 3085 modo

391 3122 519 3186 dici
565 3127 790 3207 potest.

480 3285 583 3351 Ad
624 3284 808 3350 Iliad.
862 3294 931 3350 Ε.
985 3283 1137 3352 787.
1188 3286 1280 3372 (et
1326 3297 1403 3353 Θ.
1454 3286 1640 3372 228).

661 3390 890 3467 Αἰδὼς,
942 3391 1245 3472 Ἀργεῖοι,
1292 3391 1438 3458 κάκ’
1491 3391 1773 3472 ἐλέγχεα
1797 3442 1814 3470 ,
1862 3391 2045 3467 tettae
2094 3395 2344 3471 άγητοί.

387 3496 719 3561 annotavit
778 3494 1134 3581 Didymus:
1199 3497 1573 3579 Ἀρίςαρχος
1635 3495 1698 3563 δὲ
1743 3497 1918 3564 κάκ’
1981 3496 2439 3578 ἐλεγχέες.
2510 3498 2771 3586 Optime

388 3599 630 3687 legitur
675 3609 756 3665 Δ.
806 3599 960 3666 242.

800 3708 1064 3786 Ἀργεῖοι
1110 3705 1371 3788 ειόμωροι
1393 3757 1410 3784 ,
1457 3706 1800 3790 ἐλεγχέες,
1849 3708 1920 3775 οὔ
1963 3732 2031 3774 νυ
2076 3707 2381 3788 σέβεσθε;

385 3816 455 3877 et
504 3820 594 3876 Ω..
643 3808 797 3877 239.
1455 3867 1461 3873 .
1548 3845 1554 3851 -

682 3914 966 3996 Ἑέρρετε,
1013 3917 1407 4000 λωβητῆρες,
1455 3918 1799 3999 ἐλεγχέες.
1847 3919 1917 3985 οὗ
1963 3943 2029 3984 νυ
2075 3919 2184 3985 καὶ
2230 3920 2375 3998 ὑμῖν

685 4021 883 4088 Ῥοίκοι
931 4020 1088 4090 ἕνεςι
1133 4022 1316 4100 γόος;

371 4126 498 4191 -sed
560 4146 729 4192 nunc
788 4146 1053 4210 sequens
1116 4126 1297 4200 νεῑδος
1359 4127 1636 4193 formam
1694 4126 1983 4208 ἐλέγχεα
2040 4128 2358 4214 postulat,
2406 4147 2570 4214 quae
2612 4126 2767 4197 dibi
2878 4210 2879 4213 Ἴ

387 4229 524 4294 sine
565 4229 704 4295 ulla
746 4233 1102 4315 suspicione
1145 4231 1387 4319 legitur
1430 4239 1508 4298 ut
1554 4242 1649 4298 Ω.
1701 4232 1856 4299 260.

545 4332 684 4402 τοὺς
732 4336 843 4409 μὲν
891 4335 1167 4400 oin-abac&
1209 4340 1434 4415 '‘Apn4,
1487 4338 1571 4401 τὰ
1621 4337 1671 4400 δ’
1721 4336 2003 4417 ἐλέγχεα
2054 4336 2267 4402 πάντα
2317 4336 2666 4402 λέλειπται.
