2934 5050
310 277 393 338 42
1309 289 1710 339 ursonem

313 458 552 525 BoEtho
623 467 688 527 et
760 457 939 526 Aelio
1004 458 1309 548 Dionysio
1378 458 1600 526 sedulo
1662 458 2041 548 descripsit,
2110 477 2387 546 quorum
2453 456 2562 524 hic
2627 457 2699 523 iu

313 565 544 651 glossis
614 564 955 633 Platonicis
1005 566 1249 633 multus
1288 574 1424 643 est,
1475 567 1578 633 ille
1625 574 1821 633 totus.
1919 565 2104 632 Audi.
2181 565 2493 641 Νητικήνε
2547 562 2698 630 ἄνευ

314 678 420 738 τοῦ
470 696 508 737 ο
555 674 666 749 τὴν
713 672 844 754 περὶ
893 672 963 738 τὸ
1010 673 1200 748 νήθειν
1244 674 1492 754 τέχνην.
1588 673 1812 759 ltaque
1873 670 2415 759 quemadmodum
2458 669 2699 736 sciolus

316 780 378 843 in
444 777 648 844 altero
710 778 966 844 Politice·
1027 778 1163 845 loco
1227 778 1499 845 sormam
1558 790 1838 845 veterem
1887 776 2297 857 obliteravit,
2349 778 2443 843 sic
2493 777 2700 843 altero

315 884 578 950 verbum
649 894 834 950 vetus
898 886 964 950 in
1023 885 1352 970 vulgarem
1420 886 1691 951 sormam
1741 886 2083 950 convertit.
2183 883 2360 949 Plato
2401 884 2540 970 ipse
2584 880 2699 949 de-

317 989 528 1056 derat:
581 991 721 1064 τοὺς
768 991 901 1069 περὶ
948 992 1018 1056 τὸ
1066 998 1149 1065 νῆ
1166 1015 1196 1055 ν
1242 1016 1314 1056 τε
1361 992 1465 1057 καὶ
1505 989 1755 1067 ξαίνειν.
1855 989 2309 1057 Animadverte
2356 991 2482 1054 iam
2533 989 2696 1054 mihi

316 1116 513 1183 quam
573 1095 1018 1162 calamitosum
1085 1100 1171 1162 sit
1232 1100 1571 1184 antiquum
1640 1104 1740 1170 νῆν
1787 1106 1851 1162 et
1899 1115 2093 1184 quam
2147 1115 2389 1161 rarum.
2487 1093 2700 1161 Semel

319 1202 508 1268 habet
550 1202 900 1280 Hesiodus,
943 1203 1139 1268 semel
1187 1201 1474 1290 Sappho,
1523 1203 1825 1288 EupoliS,
1874 1201 2068 1268 Plato.
2171 1204 2504 1268 Praeterea
2548 1220 2700 1266 uus·

316 1328 510 1394 quam
576 1318 903 1394 comparet
975 1309 1097 1373 nisi
1156 1309 1323 1396 apud
1386 1309 1881 1374 Grammaticos.
1983 1307 2164 1394 Apud
2231 1306 2576 1374 Hesiodum
2628 1315 2698 1390 νῇ

319 1416 383 1478 ἰη
454 1422 547 1479 νεῖ
609 1421 989 1500 corruptum
1059 1423 1194 1491 est,
1260 1413 1429 1501 apud
1493 1413 1869 1498 Eupolidem
1923 1420 2108 1479 νῶσαι
2157 1416 2222 1479 iu
2288 1415 2459 1489 νῆὀε,
2523 1410 2699 1499 apud

322 1519 646 1585 Platonem
714 1527 816 1596 νῆν
881 1521 943 1584 in
1014 1520 1241 1600 νήθειν,
1306 1528 1372 1586 et
1425 1521 1670 1597 νητικήν
1717 1521 1781 1585 in
1832 1520 2134 1596 νηστικνὶν.
2232 1519 2413 1607 Apud
2479 1519 2703 1585 Gram-

321 1627 591 1692 maticos
651 1631 754 1700 νῆν
817 1636 1169 1692 constanter
1227 1628 1290 1691 in
1343 1635 1461 1692 νεῖν
1506 1646 1888 1692 conversum
1940 1625 2242 1692 vidimus,
2338 1626 2466 1712 lpsi
2520 1624 2702 1691 Lexi-

316 1729 622 1816 cographi
700 1739 816 1798 νεῖν
899 1752 1011 1819 pro
1081 1754 1229 1797 nere
1300 1734 1616 1799 Graecum
1682 1752 1821 1798 esse
1889 1752 2011 1797 uon
2074 1731 2395 1798 dubitant.
2495 1731 2699 1819 Hesy-

317 1836 505 1902 chius
575 1844 808 1903 Ns‘i'v:
878 1838 1066 1914 νήθειν
1136 1840 1415 1916 ςήμονα,
1490 1838 1858 1918 κολυμβᾶν,
1930 1838 2264 1918 νήχεσθαι,
2340 1841 2510 1903 inter
2554 1845 2701 1904 Νεῒ·

318 1968 433 2021 μον
495 1952 560 2009 et
617 1951 770 2009 Νεῒν
815 1945 923 2009 οὐκ
967 1940 1120 2009 οἶδεν
1171 1946 1577 2031 interposuit.
1675 1942 1907 2011 Suidas
1955 1952 2157 2011 Νεῖν
2204 1944 2537 2024 κολυμβᾶν
2591 1942 2698 2008 καὶ

319 2049 389 2115 τὸ
438 2049 627 2125 νήθειν
673 2048 917 2129 κρόκην,
966 2060 1028 2114 et
1076 2049 1421 2136 adscripsit
1474 2051 1838 2116 testimonia
1892 2049 1997 2114 ubi
2044 2059 2216 2117 esset
2258 2060 2498 2116 natare.
2570 2049 2700 2115 Cur

320 2153 589 2220 alterius
621 2153 1114 2239 significationis
1142 2154 1388 2221 nullum
1415 2154 1739 2221 addiderit
1766 2176 1887 2221 nou
1920 2155 2257 2222 miramur.
2310 2154 2496 2221 Nulla
2522 2162 2699 2221 sunt.

411 2264 747 2326 Caeterum
798 2259 954 2325 nihil
1003 2258 1177 2326 aliud
1216 2281 1295 2327 ex
1333 2269 1517 2327 NHN
1562 2270 1783 2327 natum
1828 2269 1924 2328 est
1965 2272 2222 2348 praeter
2265 2261 2698 2347 compositum

319 2366 550 2441 ἑπινῆν,
598 2363 763 2431 unde
809 2364 966 2430 illud
1022 2365 1427 2433 Homericum

592 2471 937 2553 γιγνομένῳ
985 2471 1331 2549 ἐπένησε
1388 2473 1532 2557 λίνῳ
1575 2469 1679 2540 ὅτε
1725 2497 1831 2553 μιν
1875 2471 2019 2540 τέκε
2063 2473 2286 2557 μήτηρ.

410 2578 751 2666 Sequioms
791 2578 1084 2655 ἕπινήθειν
1123 2579 1453 2656 dicebant,
1509 2579 1678 2647 unde
1719 2581 2117 2655 έπινησθέντα
2156 2590 2222 2647 et
2260 2579 2706 2659 ἐπινενησμέναι

318 2684 704 2751 formabant.
800 2683 989 2751 Solus
1037 2685 1377 2765 AelianuS‚
1427 2689 1539 2774 qui
1588 2694 1725 2754 νῶσι
1776 2688 2055 2764 recoxit,
2104 2688 2299 2754 etiam
2343 2684 2706 2763 έπινηθέντα

321 2790 470 2857 inde
521 2795 742 2857 natum
798 2801 1089 2878 usurpat.

405 3004 745 3085 Ὄρχαμος
790 3001 958 3070 uude
1005 3011 1171 3070 esset
1220 3005 1435 3071 nescio
1486 3005 1633 3092 quis
1682 3003 2163 3071 Grammaticus
2211 3003 2291 3070 ad
2343 3001 2570 3092 odyss,
2621 3015 2703 3071 Δ.

327 3114 453 3175 156
526 3111 615 3174 ita
686 3108 938 3175 docuit:
1007 3111 1183 3192 παρὰ
1254 3113 1325 3179 τὸ
1385 3109 1562 3192 ἄρχω
1628 3108 2007 3193 ὄρχαμος
2074 3110 2178 3177 καὶ
2244 3107 2561 3193 ὄρχαμος.
2622 3112 2704 3185 ὥς

320 3216 705 3297 παρδαλῆ
754 3218 789 3292 ἦ
835 3216 976 3296 δορα
1023 3216 1129 3281 καὶ
1178 3216 1600 3296 πάρδαλις
1644 3217 1716 3283 τὸ
1764 3221 1926 3297 ζῷον.

414 3320 508 3386 Ad
558 3319 786 3386 ultima
835 3319 1232 3387 llindorlius:
1287 3321 1536 3388 »Verba
1581 3323 1661 3388 ab
1701 3322 1816 3388 hoc
1856 3322 1988 3387 loco
2027 3321 2306 3388 alieno.”
2402 3320 2703 3397 Minimo,

322 3426 433 3493 sed
478 3445 739 3513 prorsus
782 3427 1178 3503 necessaria,
1232 3429 1286 3492 si
1331 3448 1523 3494 unam
1568 3426 1894 3494 literulam
1939 3427 2324 3494 correxeris:
2375 3427 2704 3508 πόρδαλις

320 3533 392 3599 τὸ
453 3533 616 3615 ζῷον.
712 3530 873 3598 Nota
942 3552 1046 3599 res
1108 3541 1206 3599 est
1267 3543 1330 3599 et
1399 3533 1750 3600 multorum
1815 3533 2214 3599 testimoniis
2280 3532 2701 3609 confirmata,

322 3636 491 3725 quod
553 3637 764 3704 dicam
833 3637 1044 3705 verbis
1108 3638 1420 3726 Apollonii
1489 3641 1552 3705 in
1604 3640 1833 3708 Lexico
1884 3639 2063 3705 Hom.
2113 3658 2174 3706 v.
2223 3637 2564 3721 Πόρδαλιςε
2614 3677 2703 3690 -

324 3745 620 3827 Φαίνεται
681 3744 882 3822 λέγων
945 3746 1044 3810 έπὶ
1107 3750 1213 3812 τοῦ
1274 3744 1421 3828 ζῴου
1482 3746 1580 3810 διὰ
1644 3751 1748 3812 τοῦ
1798 3756 1851 3811 Ο
1878 3795 1895 3824 ,
1961 3744 2061 3810 ἐπὶ
2108 3746 2169 3811 δὲ
2216 3751 2328 3818 τῆς
2377 3747 2555 3826 δορᾶς
2600 3745 2706 3812 διὰ

322 3855 429 3917 τοῦ
477 3859 558 3916 A.
658 3848 867 3935 lpsius
915 3851 1272 3918 Aristarchi
1324 3850 1480 3918 haec
1533 3862 1673 3918 erat
1720 3852 2075 3919 sententia:
2127 3852 2345 3937 itaque
2392 3850 2471 3916 ad
2513 3849 2702 3919 Iliad.

325 3964 410 4022 N.
471 3958 590 4021 105
643 3953 752 4020 ubi
804 3975 974 4022 nunc
1022 3956 1273 4023 editur:

598 4062 753 4128 θώων
792 4062 1276 4142 παρδαλίων
1319 4087 1390 4128 τε
1436 4062 1638 4130 λύκων
1680 4068 1739 4127 τ’
1785 4061 1895 4139 ἤϊα
1942 4061 2269 4129 πέλονται.

327 4166 670 4234 manifesto
703 4187 920 4234 errore
958 4177 1306 4234 annotatur
1334 4170 1397 4233 in
1429 4169 1671 4235 Veneto
1695 4178 1789 4235 A:
1835 4169 2206 4250 ’Λρίςαρχος
2245 4170 2710 4250 παρδαλίων,

327 4273 508 4341 ἄλλοι
556 4273 619 4340 δὲ
668 4297 763 4339 πο
778 4275 1021 4355 ρδαλί
1036 4300 1169 4354 ων,
1238 4294 1382 4340 nam
1432 4282 1658 4341 contra
1701 4284 1796 4340 est
1839 4284 1905 4340 et
1949 4275 2303 4356 παρδαλίων
2336 4276 2715 4357 -πορδαλίων

327 4379 544 4447 sedem
595 4379 765 4446 inter
811 4401 881 4447 se
929 4389 1185 4447 mutare
1237 4379 1493 4448 debent.
1590 4379 1903 4448 Similiter
1949 4380 2244 4462 πόρδαλις
2280 4389 2344 4449 et
2385 4383 2711 4465 πορδάλιος
