2934 5050
362 246 491 313 316
1015 262 1103 310 An
1159 223 1622 311 morosum
1669 260 2058 310 rfflrmffl.

442 432 665 521 Epigr.
724 432 875 498 101.
929 430 969 497 7
995 451 1087 516 sq.

782 535 1212 617 βραδυσκελῆς
1256 537 1543 618 Ἥφαιςε
1568 585 1586 613 ,
1633 535 1728 601 σοὶ
1775 536 2105 612 Τιμασίων

788 640 1043 717 ἔθηκεν,
1088 641 1299 720 ἀκμῆς
1347 649 1580 719 γυῖον
1626 640 2251 721 ὢρφοινωμένος.

446 750 550 814 An
606 745 773 826 yvf’
813 743 1578 829 ὦπωρφοινωμένοςῗ
1639 741 1738 812 Cf.
1806 744 1957 811 102.
2005 743 2085 823 8;
2139 742 2293 809 103.
2342 740 2417 822 8;
2472 740 2615 808 104.
2656 739 2723 821 85

369 850 521 919 107.
571 849 632 917 7.

451 956 676 1045 Epigr.
727 954 891 1034 124,
945 956 978 1021 1
997 1003 1013 1022 .

449 1062 676 1135 ’Aen-ie,-
716 1060 844 1126 ἀπὸ
889 1060 1242 1143 βροτέων
1290 1060 1576 1149 (βριαρῶν
1622 1059 1888 1148 Iacobe.)
1929 1059 2105 1137 dium
2143 1056 2489 1139 Τιμῶνορος
2523 1054 2727 1138 «ima

538 1167 662 1250 ναῷ
711 1167 1032 1248 ὖτωροφίοι
1077 1167 1412 1240 Παλλαδος
1460 1165 1866 1245 ἆλκιμάχας.

357 1272 624 1358 Recepit
680 1271 887 1339 editor
940 1276 1272 1358 tamquam
1334 1273 1761 1338 certissimam
1819 1269 1983 1335 hanc
2030 1267 2316 1334 Heckeri
2363 1269 2733 1335 emendatio-

357 1397 508 1443 nem
560 1396 675 1463 pro
732 1376 967 1442 codicis
1026 1379 1341 1463 scriptura
1403 1372 1448 1439 ἄ
1468 1401 1504 1449 n
1522 1400 1572 1452 μ
1592 1397 1692 1439 ιιι.
1762 1372 1981 1439 Habet
2040 1378 2259 1438 tamen
2320 1393 2399 1439 ea
2449 1374 2732 1439 correctio

355 1481 477 1549 hoc
537 1481 956 1559 incommodi,
1020 1481 1190 1566 quod
1246 1479 1609 1567 periculum
1669 1484 1765 1544 est
1820 1498 1903 1543 ne
1956 1475 2157 1543 lector
2217 1480 2455 1566 iungat
2500 1479 2622 1543 aivi
2655 1512 2731 1528 -

356 1585 532 1665 ὤμων
555 1622 644 1635 -
680 1581 899 1664 Eponae
953 1591 1171 1651 contra
1212 1589 1500 1650 mentem
1543 1589 1786 1670 poetae.
1861 1581 2108 1648 Deinde
2153 1583 2396 1648 iniuria
2440 1587 2731 1671 negatum

358 1697 487 1769 est,
556 1686 732 1766 ἧσθαι
803 1690 882 1756 de
946 1689 1150 1776 clipeo
1211 1695 1380 1756 recte
1438 1689 1589 1756 dici.
1675 1685 2085 1755 Contrarium
2143 1689 2322 1752 enim
2385 1690 2644 1772 appaeet
2700 1706 2734 1750 e

354 1795 757 1864 MNAsALcAB
793 1796 1259 1883 epigrammate
1309 1791 1480 1859 128:
1531 1790 1663 1868 ἧσο
1711 1794 1858 1858 κατ’
1905 1788 2184 1870 ἦγοιθέον
2229 1790 2357 1857 τόδ’
2405 1792 2565 1858 dcxl
2611 1799 2733 1873 <px-

360 1899 523 1977 εινά,
584 1900 700 1966 ubi
755 1900 914 1966 bene
975 1900 1083 1985 (cf.
1146 1921 1243 1988 ep.
1293 1897 1381 1965 52
1399 1945 1417 1977 ,
1467 1898 1537 1987 2)
1599 1901 2100 1984 interpretantur
2150 1897 2226 1960 de
2270 1897 2475 1982 quiete
2518 1920 2558 1960 a
2604 1895 2732 1961 beai

360 2005 679 2070 laboribus.
766 2003 1083 2072 Similiter
1139 2006 1247 2071 hic
1305 2005 1698 2090 reposuerim
1760 1999 1796 2080 ἦ
1811 2025 1922 2080 μοι
1941 2024 1981 2065 ι.
2058 1997 2318 2068 Codicis
2358 2000 2558 2067 lectio
2597 2005 2733 2066 nata

361 2109 619 2178 videtur
667 2131 771 2176 ex
840 2109 995 2176 hac:
1074 2106 1298 2188 ἧμαι.
1380 2108 1717 2175 Nimirum
1774 2105 2065 2174 vocalem
2111 2129 2155 2170 α
2204 2108 2648 2191 ωροτεοτίρώι
2683 2106 2731 2169 is

362 2219 475 2302 qui
536 2216 942 2283 Doriensium
1001 2213 1349 2281 dialectum
1391 2233 1517 2279 non
1561 2215 1719 2279 satis
1763 2210 1999 2278 callens
2042 2231 2158 2297 pro
2204 2212 2385 2277 omni
2434 2206 2559 2286 ἦτα
2608 2208 2735 2276 lite·

362 2340 503 2387 ram
545 2317 737 2403 ἄλφοι
784 2321 1026 2406 requiri
1069 2318 1361 2405 putabat.

453 2423 676 2513 Epigr.
728 2422 876 2489 166.
929 2422 993 2488 4.

895 2532 1097 2600 ''Ee-w
1142 2528 1248 2595 xxi
1283 2529 1488 2606 ’κήλης
1538 2529 1602 2594 ἓν
1647 2552 1806 2596 τισιν
1852 2526 2137 2608 εὐτυχίη.

361 2634 586 2704 Minus
628 2640 797 2703 recte
839 2634 1163 2702 Iacobsius
1206 2632 1238 2699 ἔ
1252 2636 1309 2703 ς’
1355 2658 1385 2700 ο
1403 2628 1438 2699 ὖ
1455 2657 1507 2700 ν.
1577 2633 1748 2699 Nam
1790 2631 2143 2719 particulae
2187 2627 2288 2696 οὖν
2326 2651 2454 2697 non
2499 2635 2599 2699 est
2629 2629 2731 2695 hu·

354 2741 460 2808 ius
498 2741 643 2809 loci.
712 2739 955 2809 Melius
999 2740 1304 2805 conicias:
1353 2736 1454 2808 ἔς·’
1498 2736 1543 2803 ἄ
1560 2763 1593 2822 ρ
1612 2763 1680 2804 οι.
1743 2736 1821 2803 In
1864 2758 2056 2804 versu
2101 2736 2503 2822 praecedenti

676 2851 847 2917 τοῖς
890 2851 1176 2926 μηροῖς
1225 2845 1420 2920 αὐτὴν
1464 2844 1591 2925 γὰρ
1638 2844 1980 2925 ὑπερδήσοις
2031 2839 2368 2920 ἐκολύμβα

357 2969 509 3017 cum
548 2950 842 3017 Heckero
885 2951 1138 3036 requiro
1181 2955 1308 3014 τοῖν
1351 2955 1585 3029 μηροῖν.

446 3053 669 3142 Epigr.
716 3054 872 3122 200.
920 3052 984 3120 3.
1099 3090 1120 3103 „

356 3157 390 3223 ὃ
401 3182 434 3223 ν
491 3152 536 3238 ᾧ
553 3208 574 3234 ,
633 3158 804 3245 quod
855 3158 1050 3224 habet
1109 3158 1305 3225 codex
1320 3204 1338 3236 ,
1400 3166 1569 3225 recte
1624 3160 1758 3224 iam
1820 3156 2132 3243 explicuit
2174 3154 2521 3223 Iacobsius.
2586 3153 2720 3219 Pes-

353 3263 517 3328 sime
573 3262 652 3328 de
709 3264 1069 3329 coniectura
1124 3268 1453 3349 receptum
1498 3264 1671 3347 θείῃὲ
1686 3265 1762 3347 φ’
1810 3258 1895 3345 ᾧ,
1945 3265 1991 3328 1.
2040 3284 2096 3328 e.
2140 3283 2211 3326 ea
2257 3259 2592 3326 conditione
2634 3262 2718 3331 ni,

357 3366 527 3453 quod
569 3366 675 3433 hic
721 3367 1088 3434 absurdum.

446 3471 668 3561 Epigr.
715 3471 871 3538 206.
921 3472 984 3539 6.

852 3575 1025 3659 ἔργον
1067 3577 1429 3660 οὶροιχνοιίοις
1478 3579 1744 3658 νήμασιν
1791 3577 2193 3659 ἰσόμορον.

356 3679 656 3762 Ἰσόμορος
703 3681 831 3748 dici
874 3683 1155 3768 potuisse
1199 3704 1314 3768 pro
1358 3679 1484 3758 ἶσος
1504 3734 1521 3759 ,
1552 3707 1677 3768 par
1694 3729 1712 3761 ,
1760 3703 1888 3749 non
1932 3681 2119 3748 facile
2165 3679 2449 3747 adducar
2489 3686 2565 3745 ut
2606 3698 2714 3744 cre-

354 3785 525 3853 dam.
602 3786 851 3871 Aptum
915 3786 1078 3853 foret
1136 3786 1517 3866 ἶσόμιτον
1574 3788 1681 3855 vel
1736 3787 2131 3853 ἱσόπονον.
2202 3785 2311 3851 Vs.
2367 3785 2453 3851 10
2497 3804 2607 3871 pro
2644 3780 2711 3846 αἱ

355 3914 403 3971 y
421 3915 456 3956 υ
472 3889 520 3956 ά
533 3904 575 3955 λ
593 3914 636 3954 ω
655 3916 685 3957 ν
752 3911 831 3956 ex
898 3891 1281 3980 apographis
1340 3893 1775 3979 recipiendum
1833 3892 2041 3958 fuerat
2056 3939 2074 3970 ‚
2147 3891 2318 3976 quod
2377 3891 2713 3956 coniectum

356 4000 680 4063 assecutus
737 4017 920 4075 sum,
981 3996 1064 4062 αἱ
1081 4002 1407 4075 γαλῶν.
1480 3995 1655 4075 Quae
1698 4000 1871 4063 enim
1922 3999 2052 4061 sint
2095 3995 2507 4061 Naucratidis
2550 3992 2711 4058 valles

356 4113 611 4186 prorsus
655 4100 1014 4167 obscurum.

450 4202 670 4290 Epigr.
721 4202 878 4271 209.

724 4307 963 4381 Βιθυνὶς
1015 4310 1248 4391 Κυθέρη
1299 4337 1380 4389 με
1433 4321 1574 4387 τεῆς
1627 4311 2016 4389 ἆνεθὴκκτο,
2070 4310 2302 4391 Κύπρι,
