2934 5050
641 818 1610 912 CONIECTANEA
1680 823 2226 920 LATINA.

1401 1316 1453 1380 1.

1190 1551 1267 1597 An
1314 1551 1671 1599 IUVBNAOEH.

324 1729 534 1812 Quam
578 1731 817 1799 misera
855 1732 944 1800 sit
982 1731 1082 1798 vel
1116 1742 1339 1799 nostra
1382 1740 1591 1801 aetate
1633 1735 1919 1803 conditio
1958 1739 2321 1807 carminum
2363 1746 2615 1827 poetae,

236 1836 342 1901 eui
388 1843 539 1922 post
584 1835 922 1907 Horatium
969 1835 1165 1905 libuit

464 1988 471 1997 .
1453 1942 1801 2011 decurrere
1849 1964 2114 2032 campo,

460 2062 581 2131 per
625 2064 817 2131 quem
863 2064 1138 2130 magnus
1180 2064 1378 2132 equos
1424 2048 1769 2115 Auruncae
1820 2046 1996 2119 flexit
2042 2050 2387 2129 alumnus,

234 2167 379 2221 cum
427 2158 688 2216 constat
737 2151 909 2221 inter
953 2169 1218 2229 omneS,
1266 2154 1377 2237 qui
1426 2150 1722 2237 diligenti
1772 2153 1988 2221 studio
2034 2153 2113 2220 ad
2161 2156 2462 2225 intimam
2503 2156 2612 2225 ha·

232 2272 377 2321 rum
426 2262 806 2323 saturarum
855 2256 1239 2322 sententiam
1294 2264 1631 2342 penetrare
1678 2260 1891 2324 conati
1941 2267 2134 2336 sunt,
2180 2267 2321 2326 tum
2371 2282 2612 2350 nuper-

234 2359 392 2429 rime
440 2359 744 2447 pluribus
804 2359 1087 2426 ostendit
1148 2358 1421 2426 Sanum
1486 2381 1702 2438 ineuS,
1765 2362 2031 2431 Schoiae
2086 2364 2351 2433 Latinae
2399 2376 2613 2436 rector

234 2464 298 2534 in
342 2464 582 2554 oppido
650 2464 1006 2542 Zevenaar‚
1068 2466 1522 2533 dissertatione
1554 2486 1669 2534 sua
1707 2467 2122 2547 Academica,
2163 2471 2611 2540 observationes

232 2571 477 2638 criseas
544 2570 902 2638 continenti
968 2571 1031 2636 in
1097 2571 1357 2638 Saturus
1421 2571 1500 2636 D.
1550 2571 1731 2637 Iunii
1793 2573 2123 2639 Iuvenalis
2172 2576 2477 2662 (Traiect.
2525 2577 2609 2644 ad

233 2673 533 2741 Rhenum
580 2673 749 2761 apud
799 2675 1073 2741 Kemink
1123 2684 1185 2741 et
1234 2675 1772 2764 fi1.1875).1n
1823 2697 1948 2763 quo
2010 2677 2174 2743 libro
2228 2699 2354 2745 non
2403 2700 2605 2766 pauca

231 2779 315 2845 ita
358 2778 645 2846 feliciter
689 2787 754 2846 et
802 2780 1132 2864 ingeniose
1169 2782 1490 2856 correxit,
1543 2790 1612 2845 ut
1653 2783 1867 2847 omnia
1908 2781 2071 2849 laeta
2113 2783 2190 2849 de
2231 2782 2339 2848 illo
2381 2786 2608 2852 iuvene

230 2884 542 2970 augurari
614 2884 797 2950 nobis
860 2884 1090 2962 liceat,
1164 2892 1229 2951 et
1287 2885 1474 2951 lacile
1532 2886 1588 2951 ei
1654 2879 2136 2966 condonemuS,
2199 2887 2257 2954 si
2320 2886 2425 2954 hic
2477 2889 2606 2957 illic

231 2990 451 3055 minus
519 2986 681 3055 hene
752 3008 884 3054 rem
946 2988 1262 3072 gesserit,
1327 2997 1427 3065 et,
1490 2989 1659 3075 quod
1722 2991 1932 3075 paullo
1993 2991 2295 3075 gravius,
2337 2981 2398 3058 'a
2447 2992 2606 3061 locis

227 3093 591 3162 sanissimis
638 3114 764 3162 non
812 3092 1201 3162 abstinuerit
1238 3113 1530 3160 manum.
1626 3095 1812 3161 Falsa
1851 3105 2216 3164 commenta
2266 3098 2401 3183 ipse
2440 3096 2607 3166 dele·

230 3196 318 3263 hit
379 3197 558 3263 dies:
622 3217 774 3264 vera
839 3198 1210 3265 manebunt.
1308 3197 1463 3263 Mihi
1528 3198 1606 3264 de
1653 3197 1808 3265 locis
1855 3199 2238 3285 quibusdam
2287 3200 2603 3270 medicam

228 3320 489 3369 manum
558 3301 893 3389 hucusque
956 3301 1195 3370 frustra
1261 3303 1784 3389 exspectantibus
1858 3303 2176 3371 disserere
2237 3306 2302 3371 in
2387 3307 2603 3372 animo

225 3415 356 3484 est,
408 3407 773 3492 faciamque
835 3408 1094 3474 initium
1149 3407 1229 3474 ab
1277 3407 1402 3485 iis,
1452 3427 1617 3493 quae
1667 3409 1760 3474 sic
1809 3409 2049 3495 scripta
2096 3408 2403 3494 leguntur
2464 3410 2599 3476 Sat.

224 3508 276 3588 1,
322 3515 406 3584 94
458 3531 635 3597 sqq.:

493 3616 644 3701 quis
690 3614 958 3684 totidem
1002 3616 1211 3684 erexit
1261 3615 1481 3692 villas,
1531 3615 1678 3701 quis
1725 3613 1967 3682 fercula
2014 3623 2257 3703 septem

493 3726 742 3788 secreto
788 3720 1041 3785 cenavit
1086 3720 1289 3786 avus?
1334 3739 1507 3786 nunc
1555 3718 1840 3806 sportula
1888 3721 2097 3807 primo

498 3822 725 3892 limine
774 3843 968 3910 parva
1014 3844 1234 3900 saner,
1278 3824 1505 3891 turbae
1550 3822 1857 3910 rapienda
1904 3833 2157 3909 togatae
2191 3830 2353 3912 cett..

228 3925 321 3994 Aa
367 3927 540 3998 sedec
585 3931 827 3998 Annum
876 3929 1179 3998 Wmnnen
1231 3931 1295 3994 in
1357 3929 1701 3995 novissima
1767 3928 2045 3995 editione
2098 3928 2374 4016 (Lipsiae
2421 3928 2592 4013 apud

226 4030 649 4102 Weidnerum
704 4035 901 4118 1873)
951 4032 1280 4100 adnotavit
1330 4034 1537 4100 »sedet
1574 4065 1656 4099 =
1693 4031 1863 4099 steht
1915 4031 2022 4120 (an
2073 4032 2217 4098 dem
2280 4032 2592 4117 gewohn-

229 4134 475 4204 »lichen
546 4137 783 4224 Platze)
849 4139 975 4204 wie
1042 4138 1207 4208 auch
1272 4134 1445 4215 εἷμαι
1523 4138 1704 4224 (sici)
1769 4139 1854 4203 im
1929 4138 2428 4216 Griechiscben‚
2501 4137 2589 4205 cf.

231 4238 694 4326 »Naegelsbach
736 4261 815 4308 zu
851 4241 1031 4308 Hom.
1078 4249 1184 4322 15,
1215 4249 1369 4310 254.
1433 4241 1744 4310 Aehnlich
1775 4243 1852 4330 (?)
1884 4243 1961 4320 ll,
2007 4249 2133 4310 120
2174 4265 2357 4312 coena
2395 4243 2584 4316 sedet,

233 4344 379 4424 »1v‚
432 4351 517 4411 74
562 4351 632 4412 in
675 4368 937 4432 quorum
989 4349 1172 4436 facie,
1199 4349 1462 4414 miserae
1505 4369 1852 4436 maynaque
1890 4350 2135 4416 sedebat
2177 4348 2386 4433 pallor
2429 4345 2591 4430 ami·
