2934 5050
1130 293 1192 339 nt
1237 293 1637 340 nentononuu.
2443 275 2567 338 151

196 461 377 545 pueri
432 479 730 547 quoque,
780 460 890 527 sed
933 459 1241 546 decrepiti
1294 480 1519 538 senez-1,
1569 458 1679 527 sed
1730 466 2063 525 matronae
2104 456 2175 524 τὸ
2222 456 2575 539 προστυχὸν

194 564 273 638 εἷς
318 560 513 632 ὅπλον
553 565 1020 649 ἁρπασάμεναι.
1097 565 1344 632 lnterea
1383 564 1644 630 latitant
1684 572 1978 630 amantes
2019 565 2083 628 in
2128 562 2337 628 vicina
2380 561 2570 628 domu

196 668 576 737 Calasiridis
617 681 681 737 et
728 671 902 738 brevi
948 680 1089 758 post
1128 670 1293 736 clam
1337 668 1781 736 conscendunt
1827 688 2086 746 navem,
2132 675 2275 734 tuto
2317 665 2562 754 prosec-

194 776 317 842 tnri
365 776 431 842 in
485 778 880 864 Aegyptum.

274 880 508 950 Studet
576 882 819 948 imitari
884 879 1263 947 Heliodorus
1325 892 1572 947 veteres
1635 880 1922 958 Atticos,
1989 878 2099 945 sed
2163 898 2238 945 ea
2285 898 2390 945 res
2438 897 2563 943 non

190 985 558 1054 felicissime
605 987 665 1053 ei
710 988 948 1062 cessit,
1002 1006 1148 1052 nam
1191 987 1398 1052 oratio
1444 995 1650 1052 scatet
1699 985 1898 1051 vitiis,
1997 983 2142 1051 Scio
2190 982 2447 1070 quidem
2499 992 2565 1049 et

192 1091 474 1179 intelligo
539 1092 874 1159 Graeculis
920 1111 1064 1158 sero
1114 1092 1284 1158 natis
1330 1091 1535 1157 multa
1583 1090 2000 1157 condonanda
2047 1110 2221 1165 esse,
2269 1109 2415 1155 nam
2465 1107 2564 1153 ar-

190 1195 382 1263 dnum
448 1216 610 1265 sane
674 1209 810 1264 erat
863 1216 1020 1284 pure
1068 1206 1130 1263 et
1181 1198 1390 1263 Attice
1445 1197 1766 1275 scribere,
1828 1196 1981 1262 dum
2033 1215 2225 1263 aures
2273 1192 2564 1282 quotidie

192 1311 566 1369 resonarent
649 1302 879 1367 vitioso
946 1301 1311 1388 aequalium
1383 1323 1710 1381 sermone,
1804 1303 1868 1367 in
1938 1321 2064 1388 quo
2136 1302 2565 1367 miscerentur

192 1407 500 1493 quadrata
564 1406 902 1482 rotundiS,
966 1406 1077 1473 sed
1145 1416 1360 1473 tamen
1424 1407 1701 1474 ridicula
1768 1427 1869 1474 res
1933 1417 2030 1474 est
2079 1407 2563 1473 recentissimos

193 1513 336 1580 istos
373 1514 732 1600 scriptores
770 1511 1023 1586 videre,
1073 1515 1180 1599 qui
1222 1513 1410 1579 modo
1449 1512 1797 1599 loquantur
1835 1534 1981 1579 cum
2012 1521 2218 1578 matre
2244 1510 2565 1589 Evandri,

194 1627 257 1683 ut
318 1619 600 1685 Romani
665 1616 1087 1703 jocabantur,
1157 1616 1344 1684 modo
1413 1617 1798 1685 delabantur
1866 1617 1947 1683 ad
2023 1628 2244 1704 turpes
2305 1636 2562 1683 errores

194 1744 396 1790 eorum
425 1775 445 1804 ,
492 1725 608 1811 qui
659 1722 912 1789 diversa
960 1721 1365 1790 confundunt
1412 1726 1478 1789 in
1533 1745 1729 1791 unum
1780 1734 1845 1791 et
1894 1724 2118 1790 falsam
2167 1724 2373 1790 secuti
2409 1740 2560 1788 ana·

191 1827 408 1914 logiam
456 1830 679 1895 omnia
729 1827 1141 1895 conturbant.
1217 1830 1543 1896 Judiciuni
1599 1832 1746 1897 tulit
1795 1830 1873 1896 de
1912 1829 2228 1896 Heliodori
2267 1827 2556 1895 oratione

193 1932 449 2002 Cobetus
496 1935 576 2000 ad
628 1934 871 2001 calcem
921 1935 1083 2000 sexti
1132 1934 1579 2025 mnemosynes
1629 1937 2011 2014 voluminiS,
2062 1934 2216 2013 sed,
2273 1942 2346 1999 ut
2394 1931 2555 1997 mibi

192 2040 438 2124 quidem
506 2039 797 2117 videtur,
864 2040 1050 2124 paulo
1111 2041 1422 2107 severius.
1524 2041 1731 2108 Unum
1797 2039 1983 2107 affert
2047 2038 2411 2125 exemplum
2477 2056 2555 2104 ex

194 2164 305 2229 quo
351 2153 701 2232 appareat,
766 2163 955 2230 quam
1007 2146 1093 2210 sit
1144 2145 1522 2212 Heliodorus
1567 2147 1954 2238 Graecitatis
2000 2144 2386 2231 antiquioris
2434 2143 2555 2207 im-

196 2255 446 2334 peritus,
500 2249 796 2337 Appellat
841 2250 1168 2335 genitores
1218 2261 1555 2337 perpetuo,
1604 2254 1795 2317 unico
1834 2250 1971 2317 loco
2009 2260 2275 2337 excepto
2315 2270 2376 2335 p.
2405 2252 2559 2314 260.

198 2357 297 2431 55,
354 2357 504 2428 τοὺς
552 2353 831 2439 φύντας,
893 2374 1020 2441 quo
1065 2356 1373 2421 vocabulo
1420 2356 1590 2443 apud
1642 2366 1887 2423 veteres
1939 2365 2154 2442 poetas
2205 2374 2327 2420 non
2376 2352 2554 2447 yeni-

197 2470 337 2528 ιον-σε
384 2461 802 2537 indicantur,
848 2469 921 2526 ut
968 2480 1246 2548 aequum
1294 2473 1424 2539 est,
1467 2461 1580 2529 sed
1626 2463 1781 2530 nati.
1837 2461 2071 2528 Probat
2121 2461 2236 2527 hoc
2275 2458 2554 2527 Cobetus

194 2565 385 2634 allatis
451 2567 676 2635 decem
743 2569 929 2636 locis:
994 2570 1273 2657 reliquos
1321 2577 1453 2634 tres
1501 2568 1789 2633 indicare
1837 2568 2087 2632 omisit:
2149 2587 2207 2653 p.
2260 2568 2414 2630 288.
2470 2567 2554 2628 40

194 2670 470 2752 Φρόνημαι
528 2673 852 2751 βασίλειον
911 2675 1016 2740 καὶ
1079 2675 1223 2755 πρὸς
1287 2674 1427 2747 τοὺς
1478 2676 1722 2755 φύντας
1766 2673 2105 2753 ἄναφέρον,
2155 2691 2214 2757 p.
2265 2673 2416 2734 536.
2468 2670 2554 2732 29

194 2775 283 2841 τὸν
324 2779 545 2861 Φῦνται
592 2780 698 2844 καὶ
748 2778 997 2860 ἔχοντες
1039 2780 1144 2845 καὶ
1184 2777 1603 2858 αἰδεσθέντες,
1657 2798 1717 2864 p.
1771 2782 1922 2844 556.
1966 2783 2048 2841 55
2092 2773 2291 2851 ἥδοντο
2333 2773 2432 2838 ἐπὶ
2468 2772 2552 2853 τῷ

194 2882 364 2963 φύντι
404 2881 745 2965 σωζομένῳ.
812 2883 975 2950 lllud
1025 2905 1277 2971 quoque
1325 2883 1472 2948 addi
1527 2890 1767 2969 potest,
1821 2880 2228 2948 Heliodorum
2277 2878 2548 2943 aliorum

195 2987 544 3075 exemplum
595 2989 925 3055 imitatum
978 2998 1275 3077 parentes
1315 2988 1512 3056 semel
1562 2990 1927 3073 iterumque
1975 3004 2202 3051 vocare
2247 2984 2390 3055 τοὺς
2429 3004 2549 3047 ποι-

196 3091 399 3172 ripae,
450 3113 598 3159 cum
640 3095 781 3168 τοὺς
821 3095 1044 3174 γονέας
1082 3078 1378 3170 deberet,
1429 3114 1492 3179 p.
1545 3099 1695 3160 240.
1754 3097 1830 3159 15
1873 3100 1939 3159 et
1978 3112 2036 3178 p.
2067 3097 2216 3157 255.
2262 3094 2376 3164 273
2416 3087 2550 3166 εἴγε

198 3218 273 3261 σοι
316 3199 581 3280 πατέρες
630 3200 817 3279 εἰσὶν,
865 3198 1208 3282 ἀπόκριναι.
1280 3199 1397 3266 Est
1446 3197 1563 3264 boc
1613 3198 1871 3285 quidem
1916 3199 2321 3283 perineptum
2360 3198 2552 3276 φῦναι

199 3299 429 3383 dicere,
479 3304 589 3371 ubi
634 3310 838 3388 φῦσαι
890 3325 1205 3392 usurpare
1244 3303 1545 3381 debereS,
1593 3306 1646 3369 si
1672 3303 1932 3390 quidem
1956 3323 2108 3369 cum
2149 3299 2552 3385 elegantiori·

204 3404 309 3475 bns
369 3411 542 3498 loqm
594 3409 823 3489 velles,
887 3409 999 3478 sed
1046 3412 1332 3477 omnium
1384 3410 1450 3476 in
1503 3409 1838 3475 Heliodoro
1886 3427 2223 3485 errorum,
2273 3422 2549 3490 quorum

205 3523 291 3579 cst
346 3536 736 3604 permagnus
800 3536 1146 3593 numerus,
1209 3516 1314 3582 hic
1382 3523 1597 3581 tamen
1643 3523 1741 3581 est
1788 3514 1975 3600 longe
2024 3511 2443 3598 turpissimus
2488 3518 2553 3573 et

205 3621 544 3708 exemplum
620 3642 887 3708 prorsus
957 3621 1168 3688 simile
1231 3620 1474 3687 frustra
1540 3619 1843 3705 quaesivi.
1944 3616 2022 3683 Ut
2091 3615 2211 3702 ipsi
2285 3614 2554 3680 lectores

210 3727 430 3806 possint
484 3726 656 3794 [erre
713 3726 1077 3814 judicium,
1144 3727 1389 3814 potiora
1453 3721 1533 3789 de
1581 3723 1697 3790 hoc
1740 3729 2125 3808 argumento
2172 3717 2550 3804 subjiciam,

210 3846 275 3893 ex
316 3832 544 3917 quibus
590 3831 745 3897 illud
796 3833 1117 3918 imprimis
1164 3828 1531 3918 apparebit,
1597 3826 1765 3914 qnod
1816 3823 2223 3892 retinendum
2277 3832 2409 3900 est,
2476 3843 2554 3889 ne

210 3934 339 4016 quis
379 3939 590 4024 ipsum
644 3936 1054 4004 Heliodorum
1103 3936 1424 4020 corrigat,
1475 3933 1628 3999 dum
1678 3932 2090 3998 librariorum
2139 3947 2391 3994 errores
2433 3927 2556 3993 sibi

212 4042 513 4129 corrigere
561 4042 896 4121 videatur,
945 4042 1233 4128 antiquis
1279 4047 1344 4106 et
1394 4039 1608 4125 probis
1648 4035 2100 4103 vocabulorum
2149 4034 2372 4100 formis
2411 4052 2552 4118 per·

216 4155 382 4227 petuo
438 4147 837 4215 adulterinas
895 4146 1276 4222 admisceri,
1339 4144 1528 4210 cuius
1590 4145 1682 4208 rei
1747 4139 2110 4227 exemplum
2171 4136 2551 4212 babuimus,

215 4266 343 4317 cnm
406 4254 687 4321 dicerem
739 4252 909 4340 apud
960 4250 1366 4319 Heliodorum
1417 4258 1593 4315 natos
1640 4245 1834 4314 semel
1884 4244 2145 4311 omnino
2194 4253 2369 4309 recte
2414 4242 2555 4313 τοὺς

216 4353 437 4434 Φύη-ις
482 4358 633 4426 dici.
