2934 5050
1026 317 1345 365 ιεοτιοιειε
1393 318 1780 366 ntentans.
2455 304 2575 367 301

241 485 653 553 Menandrum
699 486 1094 573 quorundum
1139 486 1547 555 Macedonum
1605 486 2077 552 benivolentiam
2127 486 2458 573 larqitioue
2502 490 2586 553 ad

242 614 301 658 se
340 591 661 658 adtrahere
706 603 991 657 conatum
1036 592 1126 658 sic
1171 592 1519 678 increpuit:
1565 595 1740 677 ‘quae
1787 599 1882 666 te,
1930 589 2065 675 fili,
2111 591 2270 657 ratio
2316 592 2383 657 iu
2426 591 2586 659 hauc

241 708 359 762 tam
407 717 628 762 vanam
690 717 860 783 spem
919 697 1202 774 induxit,
1262 707 1333 762 ut
1376 717 1479 763 eos
1540 695 1655 762 tibi
1698 694 1929 782 fideles
1969 697 2238 780 suturas.
2261 697 2588 764 existima-

238 822 357 880 res,
408 821 558 888 quos
609 802 875 888 pecunia
930 802 1014 867 ad
1073 822 1350 868 amorem
1405 802 1499 867 tui
1541 800 1923 885 conpulisses
1937 799 1992 863 θ’
2038 819 2079 865 a
2122 800 2379 866 caritate
2421 801 2590 867 istud

233 915 400 990 pater
441 905 492 994 †
538 927 699 972 auus
761 927 796 971 o
851 904 1190 992 Philippus
1254 907 1489 972 maiore
1548 927 1629 972 ex
1686 913 1867 992 parte
1929 914 2232 971 mercator
2299 905 2589 977 Graeciae

236 1030 410 1097 quam
452 1012 662 1077 victor.
710 1049 799 1061 -—

317 1113 632 1202 Corrupto
676 1124 743 1182 et
790 1114 1020 1182 mutilo
1085 1115 1221 1183 ioco
1283 1116 1671 1182 sententiam
1729 1111 2198 1201 quodammodo
2245 1115 2590 1182 restituere

226 1229 487 1286 >conatus
549 1240 696 1287 sum
748 1222 814 1286 in
863 1220 1037 1287 hunc
1103 1219 1364 1287 modum
1427 1218 1820 1309 supplendo:
1880 1242 1920 1285 a
1965 1219 2221 1286 caritate
2263 1220 2434 1285 istud
2472 1242 2591 1307 pa-

231 1336 398 1391 terna
456 1324 818 1393 audiuisset
873 1325 1026 1393 oiim
1092 1325 1428 1414 Philippus
1484 1327 1619 1413 ipse
1662 1326 1897 1392 maiore
1944 1345 2025 1391 ex
2062 1334 2243 1410 porte
2288 1333 2594 1391 mercator

238 1430 305 1498 G.
351 1452 415 1518 q.
462 1454 527 1500 v.

315 1541 387 1614 7,
449 1541 530 1613 2,
595 1536 670 1604 Ε.
725 1541 834 1606 16.
883 1536 1277 1626 Maqoue...
1345 1537 1687 1604 Cannensis
1736 1554 1988 1622 puqnae
2054 1532 2293 1599 exitum
2352 1533 2596 1600 senatui

232 1638 572 1708 Poenorum
628 1643 952 1709 nuntiante
1005 1644 1193 1729 inque
1254 1643 1412 1709 tanti
1472 1661 1789 1707 successus
1849 1638 2050 1727 sidem
2109 1638 2331 1705 anulos
2374 1659 2595 1705 aureos

231 1745 408 1811 trium
465 1746 822 1813 modiorum
889 1767 1249 1814 mensuram
1312 1745 1635 1832 explentes
1682 1744 1979 1827 suadente
2002 1793 2022 1819 ,
2097 1745 2205 1830 qui
2248 1744 2596 1830 intersectis

231 1852 445 1917 nostris
490 1851 732 1918 civibus
776 1852 1040 1919 detracti
1082 1861 1292 1929 erant,
1349 1849 1631 1939 [Hanno]
1684 1849 1989 1936 quaesivit
2031 1868 2111 1915 au
2157 1847 2390 1935 aliquis
2433 1847 2592 1915 soci-

233 1975 397 2022 orum
435 1967 585 2042 post
629 1966 863 2023 tautam
911 1956 1156 2024 cladem
1198 1979 1240 2022 a
1286 1955 1585 2023 Romanis
1630 1955 1977 2042 defecisset.

309 2059 594 2146 Corn-ige
621 2062 714 2127 sis
773 2061 1174 2150 effundente,-
1239 2064 1334 2149 es·
1387 2062 1451 2126 in
1506 2060 1911 2147 praecedenti
1961 2059 2160 2125 latere
2205 2078 2305 2124 -es
2332 2056 2594 2124 nemini

230 2165 443 2250 opinor
491 2185 620 2232 non
671 2167 1083 2254 perspicuum
1132 2175 1252 2235 est.

313 2274 386 2347 7,
448 2276 528 2349 5,
593 2275 657 2337 4.
713 2270 788 2348 Q.
835 2270 1075 2337 Fabius
1120 2271 1360 2350 Labeo,
1424 2271 1661 2338 arbiter.
1703 2269 1783 2336 ab
1829 2278 2045 2335 senatu
2088 2269 2323 2358 [istium
2367 2270 2596 2336 consti-

230 2375 589 2442 tuendorum
650 2376 815 2442 inter
871 2375 1148 2443 Nolanos
1208 2399 1283 2443 ac
1344 2374 1787 2462 Neapolitanos
1842 2376 2058 2453 datus,
2129 2397 2272 2441 cum
2326 2375 2395 2441 iu
2461 2394 2597 2440 rem

227 2493 604 2565 praesentem
653 2480 919 2548 venissel
935 2530 954 2559 ‚
997 2492 1294 2569 utrosque
1336 2482 1676 2569 separatim
1720 2482 1995 2561 monuit,
2046 2491 2113 2547 ut
2160 2482 2388 2548 omissa
2427 2478 2595 2566 cupi-

229 2584 409 2652 ditate
452 2585 712 2673 reqredi
754 2588 805 2672 -1-
850 2586 1030 2652 modo
1076 2582 1489 2655 controuersia
1534 2608 1723 2674 quam
1765 2587 2065 2673 proqredi
2104 2587 2389 2653 mallent.

309 2690 572 2758 Molesta
618 2690 728 2756 ina
773 2691 954 2757 modo
999 2694 1412 2758 controversia
1460 2692 1817 2759 sententiae
1867 2701 2154 2758 tenorem
2202 2711 2329 2757 non
2369 2690 2596 2756 leviter

228 2794 568 2863 obstruunt
631 2806 828 2882 atque
899 2795 1282 2883 impediunt.
1381 2796 1676 2883 Suspicio
1734 2816 1840 2862 me
1888 2804 2095 2874 tenet,
2142 2796 2207 2862 in
2257 2795 2593 2883 archetypi

231 2902 515 2987 margine
561 2899 712 2966 otim
754 2899 1153 2987 adscriptum
1212 2920 1353 2968 esse
1405 2911 1575 2967 mota
1634 2902 2045 2967 controversia
2090 2919 2128 2966 a
2178 2898 2457 2966 librario·
2486 2911 2597 2967 'ue-

227 3004 622 3091 gligentiori,
669 3006 818 3090 qui,
863 3024 1062 3091 quum
1114 3027 1231 3072 sno
1271 3006 1410 3073 loco
1450 3006 1495 3071 i.
1544 3025 1601 3072 e.
1652 3006 1823 3071 inter
1862 3026 2003 3070 eum
2042 3011 2108 3072 et
2145 3005 2213 3070 iu
2252 3003 2361 3072 illa
2399 3003 2594 3072 verba

232 3111 506 3198 recipere
576 3111 934 3176 amississet
963 3160 980 3188 ,
1065 3109 1298 3176 calami
1369 3129 1660 3177 errorem
1731 3108 2200 3195 quodammodo
2270 3110 2595 3196 corrigere

233 3212 539 3291 voluerit,
586 3212 818 3281 deinde
857 3215 1055 3282 alium
1085 3216 1407 3284 hominem
1435 3216 1650 3282 nescio
1674 3234 1864 3302 quem
1892 3214 2395 3282 somniculosum
2424 3216 2594 3282 inter

229 3315 714 3386 describendum
763 3321 825 3385 ei
872 3319 1009 3387 loeo
1056 3321 1165 3390 ina
1214 3324 1619 3408 praepostere
1665 3321 2084 3410 assignasse„
2116 3320 2228 3387 ubi
2278 3340 2453 3388 nunc
2500 3319 2595 3388 le·

229 3423 386 3489 viter
431 3431 685 3490 mutata
734 3421 1056 3510 legantur.
1154 3425 1330 3507 Quae
1377 3446 1580 3513 quum
1630 3425 1718 3492 ita
1765 3444 1835 3490 se
1881 3424 2193 3504 habeant,
2242 3428 2593 3494 restituen-

228 3523 374 3593 dum
421 3528 712 3595 videtur:
760 3550 902 3595 cum
947 3541 1118 3596 mota
1154 3533 1567 3598 controversia
1605 3532 1671 3596 iu
1707 3551 1845 3596 rem
1874 3538 2267 3616 praesentem
2296 3531 2593 3609 venisset,

229 3641 508 3721 utrosque
568 3635 908 3719 separatim
968 3637 1241 3715 monuit,
1304 3647 1375 3702 ut
1431 3637 1661 3702 omissa
1721 3635 2056 3722 cupiditate
2110 3635 2360 3721 reqredi
2403 3656 2593 3722 quam

225 3737 510 3823 proyredi
552 3738 842 3805 mallent.

314 3845 389 3918 7,
436 3848 512 3920 5,
559 3846 622 3907 9.
697 3842 992 3929 [Sentius
1036 3843 1428 3911 Saturninus
1467 3816 1727 3933 vetulo]
1777 3867 1918 3912 cum
1959 3869 2000 3911 a
2042 3843 2389 3909 triumviris
2431 3843 2594 3911 iuter

227 3946 594 4032 proscriptos
638 3967 862 4014 nomeu
910 3970 1114 4015 suum-
1138 3951 1525 4037 propositum
1571 3951 1876 4030 audisset,
1941 3949 2224 4016 continuo
2263 3959 2595 4036 praeturae

228 4045 490 4136 insiynia
523 4052 887 4119 invasit..
941 4054 1230 4121 vehicula
1268 4054 1742 4143 conprehendit,
1788 4055 2056 4142 hospitia
2095 4055 2437 4141 occupavit,
2484 4058 2592 4124 ob·

230 4150 355 4216 vios
412 4157 741 4221 summovit
801 4179 875 4224 ac
937 4169 1065 4224 tam
1128 4160 1351 4226 audaci
1412 4161 1811 4247 usurpatione
1871 4159 2122 4245 imperii
2176 4160 2246 4225 iu
2313 4162 2594 4226 maxima

236 4253 366 4321 luce
423 4258 822 4327 densissimas
883 4262 1210 4330 hostilibus
1272 4264 1467 4332 oculis
1525 4266 1806 4331 tenebras
1851 4263 2094 4353 offudit.
2136 4265 2305 4331 idem
2350 4275 2421 4327 ut
2464 4263 2593 4329 Pu-
