2934 5050
991 320 1377 368 ruicococica
1428 319 1501 363 er
1549 320 1800 364 canica.
2453 304 2579 368 215

297 482 411 549 Est
475 485 558 550 in.
595 484 938 553 codicibus
984 485 1163 553 MSS.
1217 497 1545 555 certorum
1590 488 2045 555 vocabulorum
2097 488 2583 576 formarumque

213 600 505 676 perpetua
567 590 881 677 quaedam
951 592 1242 659 confusio
1293 603 1362 659 ut
1412 595 1477 660 in
1528 596 1725 676 -βολή
1773 603 1837 662 et
1885 597 2154 675 -βουλή,
2206 595 2472 662 πέπωκα
2517 603 2582 663 et

209 696 544 777 πέπτωκα,
594 697 828 780 δεκαζω
876 708 939 764 et
987 698 1210 781 δικάζω
1258 708 1325 766 et
1373 701 1439 766 in
1487 701 1632 768 aliis
1687 702 2032 768 sexcentis,
2127 702 2581 768 Diversissima

207 812 351 868 sunt
404 802 517 870 sed
579 805 829 871 scribae
877 804 1038 870 nihil
1087 807 1403 873 sentiunt.
1500 807 1596 874 Ex
1645 827 1719 875 eo
1765 827 2002 894 genere
2045 817 2145 873 est
2197 806 2582 894 frequentis·

207 908 357 974 sima
401 909 698 976 confusio
737 911 909 977 iuter
947 912 1206 985 καθῆκεν
1248 922 1312 978 et
1345 912 1718 994 κατέθηκεν,
1769 914 2162 979 καθεῖναι-
2185 914 2580 992 καταθεῖναι,

205 1015 399 1089 καθείς
432 1056 522 1067 -
558 1016 896 1094 καταθείς,
945 1025 1010 1082 el.
1057 1017 1253 1084 simili
1309 1018 1495 1085 modo
1545 1039 1660 1106 pro
1707 1021 1970 1100 μεθῆκε,
2016 1021 2327 1099 μεθεῖναι,
2373 1021 2579 1098 μεθείς

206 1119 261 1185 iu
299 1118 481 1187 libris
507 1141 820 1210 apparere
845 1121 1044 1189 solent
1072 1125 1408 1202 μετέθηκε,
1450 1127 1840 1205 μεταθεῖναι,
1883 1127 2174 1206 μεταθείς
2197 1177 2214 1203 ,
2251 1136 2311 1193 el
2342 1150 2579 1205 συγκα-

203 1224 472 1308 τέθηκεν,
526 1230 904 1308 ἐγκαταθείς
957 1249 1070 1315 pro
1117 1233 1547 1310 συγκαθῆκεν,
1600 1232 1889 1312 ε’γκαθείς
1939 1241 2001 1298 el
2048 1233 2194 1298 sim.
2291 1231 2471 1314 Quod
2522 1233 2579 1298 si

204 1334 334 1418 quis
387 1335 594 1401 semel
654 1333 1094 1402 observaverit
1148 1336 1351 1403 multa
1411 1338 1568 1403 vitia
1630 1338 1779 1404 hinc
1829 1347 1978 1404 nata
2027 1339 2248 1405 statim
2299 1336 2573 1403 sanabit.

79 1446 80 1481 ³
204 1436 404 1506 isaeus
463 1441 713 1507 dicitur
772 1440 943 1528 apud
1010 1440 1305 1508 Philostr.
1375 1463 1432 1529 p.
1485 1449 1615 1509 513
1680 1464 1759 1511 ex
1824 1446 1955 1510 vita
2012 1442 2344 1509 luxuriosa
2402 1443 2576 1529 frugi

205 1541 393 1611 tactus
441 1566 623 1613 esse:
671 1547 776 1613 καὶ
824 1547 1142 1630 τράπεζαν
1190 1547 1454 1614 ἐκόλασε
1497 1550 1602 1616 καὶ
1650 1550 1720 1616 τὸ
1769 1552 1910 1633 ἐρᾶν
1954 1550 2332 1629 μεΤΕθηκεν
2371 1546 2568 1631 ὥσπερ

203 1651 324 1723 τοὺς
367 1653 692 1735 προτέρους
739 1654 1102 1737 ὀφθαλμοὺς
1143 1654 1514 1734 ἀποβαλών.
1612 1655 1794 1723 Satin
1844 1657 2259 1744 perspicuum
2309 1663 2407 1721 est
2454 1679 2573 1734 με·

204 1754 357 1829 θῆκεν
421 1779 568 1825 esse
637 1758 1123 1845 reponendum?
1196 1760 1371 1827 Idem
1421 1761 1731 1828 mendum
1782 1761 1969 1828 l'acile
2017 1760 2455 1847 deprehendes
2505 1764 2570 1827 in

204 1858 466 1929 Hernicis
533 1886 597 1953 p.
652 1869 804 1931 714.
854 1866 882 1931 ὅ
929 1867 1043 1945 μὲν
1088 1866 1247 1941 Αἴας
1276 1866 1630 1947 -ῆλγησέ
1677 1892 1747 1933 τε
1798 1868 1903 1934 καὶ
1952 1870 2061 1945 τῆν
2109 1867 2290 1948 ὀργῆν
2338 1864 2575 1945 μΕΤέ-

202 1968 353 2043 θῆκεν
399 1973 429 2035 δ
478 1971 546 2037 δὲ
591 1971 938 2053 Ἀχιλλεὺς
986 1973 1346 2052 ἀπεμῆκυνε
1393 1975 1506 2051 τῆν
1552 1983 1731 2053 μῆνιν
1758 2025 1776 2055 ,
1831 1976 1964 2040 imo
2013 1992 2161 2039 vero
2210 1974 2372 2038 iram
2422 1972 2572 2038 mis·

201 2092 318 2139 sam
362 2078 559 2162 fecit,
611 2078 899 2157 μεθῆκεν.

277 2285 418 2374 vag.
456 2291 631 2371 fils.
681 2290 868 2373 φύσει
918 2291 1034 2370 μὲν
1081 2292 1207 2374 γὰρ
1255 2292 1577 2376 ἐπίφθονον
1621 2300 1847 2374 χρῆμα
1892 2289 2246 2373 ἄνθρωπΟῙ.
2320 2290 2565 2358 Natura

197 2393 276 2457 rei
330 2404 392 2460 et
453 2393 718 2461 dicendi
779 2396 1178 2464 consuetudo
1242 2397 1567 2484 postulant
1634 2406 1705 2464 ut
1756 2395 2110 2480 ἅνθρωπος
2159 2396 2563 2483 corrigatur,

201 2504 258 2563 ut
299 2502 463 2587 apud
513 2500 936 2569 Theocritum
984 2502 1290 2572 Adoniaz.
1341 2508 1425 2572 83
1474 2502 1666 2591 σοφᾴν
1711 2528 1802 2572 τοι
1848 2506 2046 2589 χρῆμ’
2094 2501 2435 2589 ὥνθρωπος,
2498 2510 2563 2571 et

79 2689 82 2706 ἓ
201 2607 413 2688 passim
463 2607 641 2697 apud
688 2607 867 2677 alios.

274 2818 499 2889 Mirum
555 2820 734 2888 dictu
782 2830 882 2888 est
939 2822 1003 2888 in
1046 2840 1207 2908 quas
1250 2822 1526 2909 ineptias
1565 2843 1634 2890 se
1675 2820 2010 2909 Sophistae
2045 2821 2317 2888 induant
2357 2841 2558 2908 quum

202 2924 534 2994 orationem
598 2926 990 2994 calamistris
1045 2928 1316 2994 inurunt
1374 2919 1438 2995 e't
1501 2927 1853 3016 sophistico
1899 2930 2198 2995 acumine
2244 2948 2351 2994 res
2400 2930 2559 2994 sim-

203 3026 373 3110 plices
418 3033 723 3100 imbuunt
773 3042 838 3099 et
886 3042 1200 3102 exornant
1245 3032 1515 3101 scilicet.
1611 3033 1823 3115 Quum
1877 3033 2064 3101 vellet
2121 3032 2335 3100 dicere
2385 3054 2557 3100 »non

204 3142 284 3199 est
326 3138 696 3205 mirandum
749 3138 1041 3206 homines
1087 3141 1261 3206 omni
1311 3138 1567 3206 dicendi
1617 3138 1923 3206 facultate
1965 3139 2313 3207 destitutos
2360 3139 2563 3206 diser-

205 3240 424 3310 tissimo
462 3246 700 3312 aetatis
739 3264 896 3313 suae
938 3248 1076 3313 viro
1115 3245 1545 3312 maledicere’'
1589 3244 1701 3310 diu
1737 3242 2089 3310 meditatus
2127 3243 2558 3311 Philostratus

209 3338 335 3412 haec
393 3350 647 3439 peperit
708 3370 851 3438 pag.
904 3356 1094 3419 515.:
1164 3355 1229 3418 οὐ
1294 3352 1415 3434 χρῆ
1480 3349 1817 3432 θαυμάζειν
1880 3351 1931 3432 εἰ
1989 3349 2395 3430 πεπεδημένοι
2444 3354 2554 3426 τὴν

83 3541 84 3554 3
208 3455 469 3524 γλῶσσαν
533 3480 695 3531 τινες
756 3456 861 3522 καὶ
926 3466 1157 3524 BOTN
1221 3458 1602 3538 ἄφωνίας
1651 3456 1748 3521 ἐπ’
1797 3456 1989 3531 αὐτὴν
2043 3456 2562 3536 βεβλημένοι

83 3761 100 4156 ἐ

211 3587 280 3606 -
316 3559 660 3630 διαπτύοιέν
703 3586 775 3628 τε
820 3564 925 3628 καὶ
973 3563 1273 3646 κακίζοιεν
1321 3565 1424 3629 τὸν
1450 3559 2040 3641 -μεγαλειότατα
2091 3564 2211 3627 τῶν
2259 3563 2363 3645 ἐφ’
2413 3562 2559 3627 ἑαυ-

211 3666 293 3728 τοῦ
344 3669 656 3747 Ἑλλήνων
703 3669 1186 3753 ἑρμηνεύσαντα.
1281 3669 1397 3735 Est
1442 3667 1685 3753 aliquid
1736 3667 1906 3733 inter
1951 3666 2384 3755 Aeschylum,
2446 3668 2557 3752 qui

215 3763 263 3830 in
304 3775 759 3859 Aqamemnonc
806 3774 969 3841 dixit
1017 3796 1111 3842 vs,
1166 3781 1279 3842 55.

538 3881 627 3947 τὰ
673 3880 730 3945 δ’
777 3879 957 3949 ἄλλα
1005 3887 1159 3960 σιγῶ
1186 3902 1200 3920 ·
1251 3882 1404 3961 βοῦς
1451 3878 1553 3945 ἐπὶ
1601 3880 1859 3961 γλώσσῃ
1908 3878 2120 3958 μέγας

541 3986 839 4068 βέβηκεν.

216 4089 267 4146 el
304 4086 771 4177 Theognidem,
822 4093 1011 4160 cuius
1060 4092 1124 4158 bi
1173 4101 1327 4159 suut
1376 4094 1510 4158 noti
1559 4088 1861 4158 versiculi
1912 4095 2042 4156 815
2093 4111 2192 4177 sq.

405 4199 553 4277 βοῦς
600 4223 704 4277 μοι
749 4198 850 4265 ἐπὶ
898 4198 1189 4279 γλώσσης
1238 4200 1503 4282 κρατερῷ
1550 4197 1686 4264 ποδὶ
1734 4194 1864 4275 λὰξ
1912 4196 2246 4277 ἐπιβαίνων

585 4303 756 4387 ἴσχει
803 4308 1126 4373 κωτίλλειν
1171 4306 1394 4388 καίπερ
1438 4303 1807 4383 έπιςοὶμενον
1836 4352 1854 4382 ,

220 4401 308 4480 qui
352 4414 552 4476 vetere
599 4408 774 4479 dicto
820 4412 888 4478 in
938 4431 1087 4479 eum
1134 4411 1245 4498 qui
1282 4432 1441 4498 quae
1481 4409 1705 4476 sentiae
1743 4408 1949 4475 dicere
1985 4429 2107 4474 non
2147 4408 2370 4474 audeat
2403 4405 2563 4471 scite
