2934 5050
762 307 1075 355 omnonn
1120 306 1238 354 rao
1286 307 1340 354 c.
1389 305 1648 355 muno
1692 305 2004 357 Posruuo.
2326 345 2340 359 .
2481 288 2567 354 85

374 476 650 562 quosdam
706 476 883 541 etiam
939 482 1235 542 amatores
1249 522 1267 555 ,
1329 495 1585 542 summo
1631 475 1769 543 loco
1814 482 1997 543 natos
2012 521 2032 554 ,
2081 494 2206 541 non
2249 476 2318 540 in
2362 474 2565 542 hortis

367 588 477 647 aut
540 581 919 647 suburbanis
984 583 1119 647 suis
1134 627 1152 658 ‚
1222 580 1334 647 sed
1400 580 1672 666 Neapoli
1739 583 1809 647 in
1866 579 2275 647 celeberrimo
2334 581 2567 667 oppido

374 707 524 751 cum
566 692 615 762 †
656 684 1070 771 maeciapella
1112 705 1297 770 saepe
1341 686 1623 751 videmus.
1696 682 2203 773 Oblamydatum
2253 684 2447 751 illum
2490 684 2565 752 L.

382 788 634 856 Sullam
702 793 1149 876 imperatorem
1166 839 1184 869 ,
1255 789 1328 854 L.
1403 810 1551 857 vero
1611 789 1926 876 Scipionis
1939 837 1956 868 ‚
2023 791 2135 875 qui
2194 787 2442 855 bellum
2501 791 2570 855 in

365 896 518 961 Asia
573 898 774 982 gessit
832 895 1345 980 Antiochumque
1403 896 1674 972 devicit,
1739 916 1865 961 non
1919 892 2133 960 solum
2193 914 2343 959 cum
2398 892 2567 960 chla-

378 999 575 1086 myde
591 1047 609 1076 ,
673 999 783 1065 sed
841 1002 1038 1065 etiam
1099 1021 1248 1066 cum
1308 1000 1579 1085 crepidis
1638 1002 1707 1063 in
1761 996 2078 1085 Capitolio
2138 1003 2419 1064 statuam
2473 998 2569 1065 vi·

373 1105 593 1170 detis.''

285 1206 492 1275 Verba
549 1256 584 1287 „
603 1230 728 1275 non
774 1210 965 1275 modo
1013 1208 1466 1276 adolescentes”
1514 1214 1661 1275 cett.
1709 1211 1803 1274 ita
1846 1207 2127 1275 referunt
2171 1207 2350 1274 codd.
2403 1255 2438 1286 „
2451 1229 2573 1273 non

198 1315 357 1379 nodo
417 1316 580 1381 civis
639 1313 958 1379 Romanos
1016 1314 1126 1380 sed
1184 1320 1242 1378 et
1300 1315 1521 1379 nobilis
1577 1313 1965 1379 adolescentis
2025 1320 2083 1378 et
2126 1314 2405 1400 qnondam
2449 1318 2568 1379 cet.

210 1418 482 1484 Videmus
537 1421 670 1485 iam
728 1420 798 1483 in
843 1418 997 1483 edit.
1045 1414 1532 1497 Cratandriana,
1587 1418 1766 1484 codd.
1812 1419 2028 1483 videri.
2129 1419 2571 1505 OElamydatm

200 1529 262 1589 et
300 1525 603 1610 chlamyde
644 1526 713 1588 in
757 1523 1103 1588 Franciano
1148 1524 1512 1589 scribuntur
1556 1523 1937 1587 clamidatam
1980 1528 2048 1589 et
2092 1524 2365 1588 ewmide.

283 1628 573 1694 Priorem
615 1628 806 1693 huius
849 1630 1198 1693 sententiae
1241 1634 1492 1712 partem
1536 1626 1869 1693 emendare
1914 1629 2049 1692 iam
2094 1626 2345 1712 pridem
2390 1646 2570 1693 cona-

202 1736 301 1798 tus
340 1753 491 1797 snm
531 1734 600 1796 in
642 1729 984 1818 Philologo
1027 1730 1141 1795 XI.
1189 1750 1251 1815 p.
1304 1729 1430 1797 97:

291 1885 324 1915 ,‚
343 1836 737 1903 Deliciarum
808 1855 996 1901 causa
1052 1840 1117 1900 et
1175 1833 1528 1920 voluptatis
1590 1838 1743 1902 cives
1801 1836 2100 1901 Romanam
2115 1881 2133 1913 ,
2193 1855 2320 1902 non
2380 1834 2572 1901 modo

367 1941 598 2007 nobiles
654 1938 1076 2006 adolescentes
1090 1986 1108 2017 ,
1163 1939 1273 2004 sed
1318 1940 1626 2024 quosdam
1672 1943 1869 2007 etiam
1916 1944 2234 2007 senatores
2252 1987 2270 2019 ,
2317 1957 2573 2006 summo

374 2045 520 2113 loco
562 2052 745 2111 natos
762 2092 780 2121 ,
827 2064 954 2109 non
998 2046 1068 2108 in
1112 2043 1316 2109 hortis
1359 2049 1474 2110 aut
1517 2044 1894 2110 suburbanis
1937 2047 2072 2111 suis
2088 2091 2107 2122 ‚
2153 2043 2266 2111 md
2304 2039 2576 2130 Neapoli

375 2155 447 2217 in
510 2149 917 2215 celeberrimo
976 2147 1205 2234 oppido
1267 2169 1416 2214 cum
1479 2149 1659 2214 mitra
1675 2196 1692 2227 ‚
1747 2171 1921 2235 quam
1970 2149 2190 2215 Graeci
2233 2148 2539 2235 appellant
2552 2190 2574 2226 ,

386 2274 576 2340 saepe
618 2253 805 2319 vidi.”

285 2359 675 2426 Litterarum
739 2357 1124 2446 farraginem
1184 2360 1566 2444 maeeiapeua
1625 2365 1793 2427 recte
1839 2366 1994 2427 tunc
2040 2361 2358 2427 ordinasse
2401 2353 2571 2421 mihi

203 2464 417 2531 videor
432 2511 451 2542 ,
501 2463 610 2530 sed
655 2467 873 2550 postea
914 2462 1204 2530 intellexi
1220 2510 1238 2542 ,
1287 2466 1552 2530 mitram
1590 2466 1695 2532 vel
1734 2466 2017 2532 mitellam
2031 2512 2049 2545 ,
2089 2464 2575 2551 Hervagianum

202 2575 638 2636 commentum
656 2615 673 2645 ,
714 2588 839 2634 non
884 2588 1019 2634 esse
1064 2568 1257 2633 huius
1300 2567 1454 2647 loci;
1505 2570 1584 2636 de
1629 2573 1855 2656 capitis
1896 2563 2256 2638 velamento
2299 2567 2406 2632 hic
2451 2584 2578 2631 non

205 2677 295 2737 est
357 2694 571 2739 sermo
587 2722 605 2752 ,
672 2676 868 2739 mitra
934 2678 1152 2738 autem
1218 2671 1526 2739 Romanis
1578 2676 1713 2740 iam
1773 2675 1907 2740 illis
1965 2674 2360 2759 temporibus
2419 2669 2579 2736 satis

201 2781 346 2842 nota
381 2783 541 2843 erat.
611 2776 925 2857 Quoniam
960 2777 1038 2842 de
1076 2776 1273 2862 pallio
1311 2784 1409 2843 est
1443 2799 1650 2845 sermo
1667 2826 1685 2858 ,
1711 2782 2056 2865 requiritur
2078 2779 2321 2844 mentio
2357 2775 2577 2841 laenae

203 2881 547 2960 mollioris,
595 2903 755 2968 quae
800 2881 1173 2948 deliciarum
1218 2903 1290 2949 ac
1334 2882 1686 2969 voluptatis
1721 2886 1933 2972 gratia
1966 2882 2306 2971 gerebatur
2322 2927 2340 2958 ,
2380 2898 2579 2964 eaque

204 2986 457 3052 videtur
503 2985 696 3053 fuisse
739 2987 1002 3065 chlamis,
1043 2990 1259 3053 minus
1302 2986 1505 3075 vulgo
1547 2993 1729 3066 nota;
1779 3008 1939 3073 quae
1982 3006 2109 3054 vox
2146 2983 2391 3053 Μ
2421 3001 2571 3049 cum

202 3092 267 3155 in
306 3091 476 3158 libro
519 3095 774 3157 vetusto
817 3090 953 3178 legi
999 3090 1277 3177 amplius
1321 3112 1449 3174 non
1493 3098 1705 3179 posset
1719 3140 1737 3171 ,
1777 3092 2006 3158 lacuna
2043 3092 2362 3158 exstitisse
2397 3085 2573 3156 vide-

201 3193 292 3261 ler
332 3199 402 3262 in
447 3196 791 3263 codicibus.
885 3194 1160 3262 Omnem
1206 3199 1588 3263 sententiam
1634 3218 1801 3263 nunc
1846 3200 1938 3263 sic
1981 3198 2333 3262 constituo:

293 3348 327 3380 ,‚
345 3300 742 3367 Deliciarum
801 3321 989 3367 causa
1045 3307 1111 3366 et
1168 3301 1520 3387 voluptatis
1579 3304 1750 3369 cives
1814 3301 2135 3368 Romanos
2150 3348 2168 3379 ,
2216 3319 2344 3366 non
2382 3294 2575 3364 modo

379 3405 628 3472 nobiles
669 3405 1090 3472 adolescentes
1107 3453 1125 3483 ,
1175 3406 1286 3472 sed
1329 3407 1636 3492 quosdam
1681 3409 1879 3473 etiam
1921 3409 2268 3482 senatores,
2318 3420 2577 3469 summo

366 3509 510 3577 loco
556 3515 769 3589 natos,
817 3530 943 3576 non
986 3512 1057 3575 in
1098 3511 1300 3576 hortis
1346 3517 1458 3576 aut
1503 3511 1880 3576 suburbanis
1917 3512 2049 3575 suis
2063 3556 2082 3587 ‚
2123 3508 2237 3575 sed
2271 3504 2538 3590 Neapoli
2555 3548 2578 3581 ‚

376 3618 450 3680 in
494 3614 903 3680 celeberrimo
947 3615 1177 3701 oppido
1194 3663 1212 3693 ,
1261 3635 1411 3680 cum
1457 3614 1805 3698 [chlanide]
1852 3635 2045 3700 quam
2092 3611 2322 3681 Graeci
2365 3607 2578 3697 appel-

377 3719 520 3786 lant
535 3766 552 3796 ,
613 3739 798 3804 saepe
855 3719 1026 3797 vidi3
1087 3720 1348 3784 videmus
1405 3719 1891 3806 chlamydatum
1950 3718 2142 3784 illum
2202 3718 2276 3784 L.
2323 3714 2578 3784 Sullam

368 3827 858 3909 imperatorem;
907 3823 982 3888 L.
1029 3844 1178 3890 vero
1223 3823 1537 3910 Scipionis
1552 3872 1570 3901 ,
1613 3826 1725 3909 qui
1761 3822 2005 3889 bellum
2044 3825 2115 3888 in
2150 3825 2305 3890 Asia
2340 3822 2539 3910 gessit
2553 3865 2575 3898 ,

371 3929 888 4013 Antiochumque
926 3928 1188 4007 devicit,
1228 3949 1352 3994 non
1388 3929 1600 3995 solum
1639 3949 1788 3994 cum
1825 3926 2164 4015 chlamyde
2182 3974 2201 4005 ‚
2240 3925 2351 3993 sed
2377 3927 2576 3991 etiam

381 4052 536 4098 cum
578 4033 847 4118 crepidis
891 4035 959 4097 in
1004 4030 1317 4118 Capitolio
1363 4038 1645 4099 statuam
1690 4031 1981 4098 videtis.'’

306 4135 450 4200 Vidi
464 4162 484 4200 .·
541 4137 702 4221 ipse'
738 4135 951 4204 Cisero
1009 4141 1075 4202 in
1135 4137 1295 4204 villa
1354 4136 1742 4222 Pompeiana
1798 4139 2088 4202 versatus
2130 4140 2196 4201 et
2237 4132 2578 4220 Neapolim

207 4240 602 4324 frequentans
667 4241 832 4307 illud
899 4263 1082 4328 saepe
1150 4242 1415 4307 viderat.
1502 4241 1810 4305 Videmus:
1882 4242 1951 4305 in
2017 4241 2151 4307 foro
2210 4243 2384 4307 enim
2442 4247 2577 4307 erat

208 4341 418 4412 Sullae
478 4344 592 4411 illa
653 4353 862 4412 statua
910 4346 1320 4434 chlamydata
1339 4395 1355 4424 ‚
1407 4366 1601 4431 quam
1648 4366 1725 4411 ex
1770 4343 1909 4411 loco
1954 4346 2179 4413 iudicii
2223 4347 2577 4433 prospicere
