2934 5050
344 284 473 350 264
1137 296 1448 345 nucum-m
1496 296 1567 343 er
1614 296 1924 346 cucusum.

345 489 423 537 eo
482 465 1141 545 commendationem,
1195 464 1365 553 quod
1425 464 1746 533 delatores
1809 462 2093 553 (indices)
2156 462 2404 530 faciunt
2462 459 2594 529 iere
2643 466 2708 524 ut

345 594 542 643 causa
603 573 750 661 quis
811 571 1035 649 cadat,
1081 592 1206 638 non
1257 579 1329 638 ut
1371 570 1603 638 evadat
1650 591 1728 638 ex
1778 569 2018 638 iudicio
2060 568 2376 657 superior.
2474 567 2554 633 At
2596 583 2711 651 non

344 680 673 767 reputavit
721 666 863 756 ille,
909 697 1082 744 nunc
1133 697 1259 743 non
1310 684 1484 744 recte
1532 678 1743 764 sequi:
1796 686 1908 744 »et
1952 675 2234 743 damnali
2276 673 2389 741 alii
2428 668 2708 739 omnes.''

345 784 472 854 Sed
537 784 801 851 omnino
857 804 984 851 non
1040 783 1232 849 index
1278 782 1392 850 sed
1441 783 1636 849 iudex
1682 781 2122 851 scribendum.
2216 779 2493 868 [nquam
2534 778 2712 846 etiam

345 890 721 972 Quicberat.
833 888 930 956 Ad
1003 908 1390 976 praenomen
1466 891 1895 977 postpositum
1977 887 2061 956 cl'.
2142 895 2399 974 praeter
2473 882 2716 951 laudata

345 995 577 1063 Catull.
629 1001 735 1063 10.
782 1001 906 1064 30:
964 995 1203 1061 »Cinna
1250 1005 1349 1061 est
1399 994 1637 1075 Gaius,
1690 997 1745 1062 is
1786 994 1910 1061 sibi
1953 994 2279 1081 paravit.”
2364 986 2714 1058 Weissenb.

349 1101 427 1168 ad
486 1103 622 1169 Liv.
675 1102 724 1169 1.
777 1106 902 1179 56,
954 1099 1068 1167 Cic
1117 1120 1236 1188 pro
1281 1099 1410 1167 Mil.
1463 1106 1530 1169 3.
1629 1102 1703 1167 In
1752 1110 1812 1166 el
1862 1098 2023 1167 nihil
2069 1107 2170 1167 est
2209 1096 2382 1186 quod
2421 1093 2718 1170 offendat,

349 1207 652 1275 effectum
696 1206 1027 1293 significat
1066 1228 1150 1263 =
1198 1205 1575 1293 »proinde”‚
1641 1207 1956 1294 »igitur'’;
2004 1224 2215 1293 neque
2238 1201 2551 1290 exemplis
2573 1198 2719 1267 indi·

349 1333 579 1397 gemus
629 1333 703 1379 ex
761 1314 1014 1380 Tacito:
1068 1321 1374 1379 »senatus
1421 1313 1792 1380 consultum
1841 1321 2030 1379 atrox
2072 1321 2138 1379 et
2183 1310 2523 1389 irritum”,
2572 1306 2720 1374 aliis.

352 1417 430 1484 ΕΙ
500 1418 803 1503 quoniam
869 1417 1185 1506 quomodo
1247 1438 1475 1485 versus
1538 1417 1940 1506 penultimus
2000 1416 2382 1486 emendetur
2428 1435 2469 1482 a
2518 1420 2723 1482 nostro

359 1522 599 1590 iudicio
648 1522 918 1610 pendet,
974 1522 1373 1591 scribamus:

1540 1629 1714 1697 bunc
1763 1629 2000 1698 Tulliu’
2036 1650 2315 1717 nequam

724 1735 917 1803 iudex
964 1734 1267 1803 heredem
1320 1734 1475 1802 facit
1519 1745 1584 1803 et
1631 1734 1921 1803 damnati
1968 1736 2080 1805 alii
2127 1754 2378 1803 omnes,

446 1848 701 1930 Anceps
749 1841 1065 1910 iudicium
1115 1849 1215 1908 est
1262 1840 1342 1908 de
1387 1840 1809 1909 emendandis
1857 1843 2087 1930 primis
2135 1841 2351 1910 verbis
2391 1840 2461 1906 in
2501 1837 2582 1906 l'r.
2634 1839 2720 1904 16.

359 1949 403 2017 Ι.
459 1949 545 2018 xl
597 1950 683 2039 (v.
736 1952 852 2034 26)
1712 2010 1719 2021 ,
2062 1950 2069 1955 ’

677 2054 821 2121 hice
869 2053 1172 2120 stricosu’
1220 2053 1683 2142 bovinatorque
1730 2074 1843 2122 ore
1890 2054 2215 2142 improbu’
2262 2051 2451 2121 duro.
2678 2104 2685 2111 .

451 2158 558 2226 Sic
625 2158 866 2226 Gellius
930 2158 1037 2226 XI.
1103 2164 1168 2226 7.
1232 2163 1336 2237 9.;
1403 2160 1592 2228 Nonii
1658 2159 1809 2227 libri
1856 2183 1919 2249 p.
1970 2165 2076 2229 79.
2126 2166 2212 2227 25
2265 2157 2490 2248 (etiam
2537 2153 2724 2242 Harl.)

362 2263 465 2331 hic
528 2265 890 2342 siti-icones,
952 2284 1154 2351 quare
1213 2265 1519 2353 ctriqosm
1586 2268 1973 2335 auctoritate
2035 2264 2567 2342 commendatur,
2630 2261 2724 2328 tri-

359 2390 538 2436 cosus
596 2369 678 2436 ad
741 2371 1126 2438 sententiam
1191 2373 1383 2439 unice
1443 2379 1665 2458 aptum
1731 2383 1867 2455 est;
1936 2372 2020 2441 cf.
2088 2339 2300 2439 Rabt.
2349 2372 2524 2439 Pers.
2568 2371 2719 2438 55οε

363 2474 490 2540 »nil
561 2475 649 2544 mi
716 2485 909 2564 opust
968 2476 1192 2544 litibus
1250 2497 1457 2565 neque
1503 2479 1759 2546 tricis'’.
1855 2478 2051 2547 Paulo
2096 2485 2248 2546 ante
2299 2477 2585 2546 »tricone
2629 2493 2725 2540 va·

362 2573 556 2647 dato”
624 2581 730 2648 Xl.
798 2586 903 2648 25.
999 2583 1357 2672 Striqosus,
1423 2584 1846 2664 macilentuS‚
1907 2584 2065 2678 quid
2121 2603 2470 2653 commune
2515 2581 2725 2649 habeat

359 2707 512 2754 cum
568 2685 940 2755 bovinatore
988 2708 1113 2755 non
1162 2699 1449 2777 apparet.
1544 2689 1765 2759 Colore
1812 2691 2128 2758 orationis
2182 2691 2434 2778 requiri
2483 2682 2721 2775 aliquod

364 2795 605 2880 ingenii
661 2795 890 2860 vitium
944 2794 1359 2862 manifestum
1407 2803 1529 2864 est.
1622 2796 1717 2863 Ex
1761 2795 1977 2865 littera
2017 2818 2054 2863 c
2095 2796 2160 2861 in
2202 2797 2504 2864 stricosus
2540 2790 2723 2862 efficio

365 2919 489 2965 non
537 2901 842 2988 strigosus
889 2899 968 2966 ab
1016 2901 1202 2968 initio
1249 2900 1491 2980 fuisse,
1543 2923 1691 2969 nam
1734 2902 2032 2970 stricosus
2072 2923 2394 2989 nusquam
2437 2908 2724 2969 testatum

361 3015 498 3072 est..
580 3004 821 3073 Contra
882 3006 963 3072 M.
1026 3007 1175 3075 inde
1227 3006 1467 3087 efficit,
1516 3007 1789 3076 sormam
1839 3009 2163 3076 exstitisse
2209 3009 2528 3075 sir-icem.
2617 2999 2723 3072 sed

368 3119 623 3197 praeter
684 3113 1070 3179 sententiam
1136 3115 1332 3182 etiam
1394 3113 1602 3182 facilis
1664 3115 2056 3202 permutatio
2100 3113 2473 3183 litterarum
2520 3133 2555 3178 c
2597 3117 2656 3178 et
2695 3127 2727 3173 e

370 3235 518 3282 eum
573 3214 827 3284 refellit.
883 3215 1124 3284 Serib.:
1175 3218 1322 3287 »bic
1371 3220 1723 3287 tricosus”.¹

459 3321 637 3387 xm.
693 3323 749 3387 1.
792 3320 952 3390 Non.
1006 3328 1159 3393 261.
1218 3330 1289 3392 2:
1345 3347 1651 3394 »cernere
1701 3347 1931 3393 rursus
1977 3327 2343 3415 disponere.
2422 3327 2576 3396 Luc.
2612 3323 2727 3391 Sat.

364 3425 478 3493 lib.
532 3426 616 3495 V:
669 3436 1005 3515 postquam
1057 3431 1452 3518 praesidium
1502 3433 1735 3499 castris
1780 3433 2058 3501 educere
2096 3435 2323 3500 crevit.
2420 3432 2595 3501 Idem
2633 3426 2725 3495 lib.

368 3534 548 3601 xnl:
598 3533 858 3601 acribus
908 3539 1077 3602 inter
1125 3555 1194 3604 se
1241 3558 1389 3605 cum
1441 3538 1645 3624 armis
1692 3536 2037 3626 confligere
2084 3540 2368 3607 cernit.’'

466 3640 583 3706 Vix
652 3639 841 3708 verbo
892 3640 1138 3728 indiget
1187 3642 1386 3709 »alios
1432 3642 1779 3730 confligere
1826 3646 2067 3711 cerno''
2117 3665 2233 3733 pro
2279 3665 2356 3713 eo
2403 3644 2573 3734 quod
2615 3650 2725 3711 est:

375 3745 558 3811 »aliis
618 3745 1093 3834 confligendum
1168 3768 1309 3815 esse
1366 3748 1642 3816 decerno
1692 3749 2020 3839 (censeo)”
2065 3770 2102 3816 a
2149 3749 2399 3817 Lucilio
2448 3750 2575 3819 dici
2620 3764 2723 3815 non

374 3852 682 3939 potuisse.
751 3852 1118 3940 Legendum
1161 3864 1259 3922 est
1298 3866 1576 3923 cernunt.
1653 3854 1843 3931 Cum,
1882 3853 2048 3942 quod
2094 3855 2172 3921 M.
2202 3878 2286 3918 =
2325 3876 2523 3943 quom
2555 3857 2725 3921 iuter·

377 3965 703 4044 pretatur,
761 3957 842 4024 ad
903 3968 1181 4026 metrum
1237 3959 1633 4029 fulciendum
1681 3960 1760 4027 ab
1809 3961 2110 4048 imperito
2159 3959 2425 4029 librario
2474 3962 2722 4047 interpo-

378 4064 574 4130 situm
627 4072 740 4130 aut
788 4084 865 4131 ex
906 4066 1437 4154 interpretatione
1477 4089 1687 4134 secum
1727 4075 1953 4133 natum
1996 4074 2152 4154 puto
2193 4087 2343 4135 cum
2391 4087 2538 4135 vera
2560 4062 2724 4134 lectio

379 4170 741 4238 oblitterata
790 4180 1001 4238 esset:

465 4274 728 4343 acribus
775 4277 946 4345 inter
986 4297 1123 4345 sese
1157 4280 1360 4347 armis
1399 4279 1750 4367 confligere
1788 4288 2067 4347 cernunt
2107 4279 2179 4369 (i.
2202 4300 2258 4348 e.
2286 4273 2719 4361 constituunt.)

467 4380 626 4451 Non.
680 4385 875 4449 »598.
925 4387 1052 4450 24:
1100 4382 1387 4455 Samium
1438 4395 1536 4456 est
1582 4397 1883 4455 testeum.
1932 4386 2091 4456 Luc.
2134 4387 2271 4456 Sat.
2313 4387 2425 4458 lib.
2472 4385 2631 4456 Xlll:
2662 4388 2719 4449 et
