2934 5050
295 258 316 317 t
332 254 369 317 4
1290 265 1694 316 mscmmn

300 443 371 504 ut
416 447 482 506 et
540 435 717 505 Iliad.
767 448 832 509 Ξ.
889 441 1019 504 199

574 543 668 610 δά
692 568 1013 624 μνασαι
1060 544 1404 619 ἀθανάτους
1454 543 1558 622 ἠδὲ
1605 541 1846 617 θνητοὺς
1887 538 2246 621 άνθρῶπους.

391 648 611 717 Solent
651 649 903 717 scribae
943 648 1184 716 formas
1226 660 1473 717 veteres
1505 649 1892 729 δάμνασθαι,
1926 647 2270 727 κίρνασθαι,
2312 644 2685 722 πίλνασθαι,

301 756 395 820 uti
445 764 511 822 et
550 756 883 837 πρίασθαι,
927 756 1266 838 κίχρασθαι
1305 765 1371 823 et
1416 757 1563 822 sim.
1612 764 1884 820 accentu
1930 753 2156 818 vitiare
2191 751 2484 833 πριάσθαι
2527 752 2683 816 scri-

302 859 532 927 bentes
594 870 659 928 et
721 864 1059 946 κιχρῖὶσθαι
1104 872 1165 929 et
1233 862 1608 942 δαμνέὶσθαι.
1711 859 1825 926 Ubi
1887 858 2088 924 semel
2147 855 2596 924 emendaveris
2650 860 2686 934 ἦ

300 971 410 1033 τοῦ
477 966 891 1047 δάμναται
955 970 1240 1045 άποκοπῆ
1305 988 1420 1055 pro
1467 967 1698 1033 vitioso
1740 967 2096 1045 δαμνᾶται,
2146 963 2391 1050 reliqua
2457 971 2686 1050 sponte

304 1082 693 1158 sequuntur.
756 1074 1094 1140 Caeterum
1134 1074 1497 1141 rectissime
1534 1073 1854 1139 Porsonus
1891 1070 2141 1138 monuit
2176 1067 2435 1150 δαμνάω
2474 1068 2686 1149 δαμνῶ

305 1195 625 1264 nusquam
675 1177 847 1266 apud
896 1186 1150 1266 poetam
1208 1199 1591 1257 occurrere,
1651 1177 1763 1245 sed
1809 1185 1921 1245 aut
1967 1177 2244 1256 δάμνημι
2285 1182 2399 1242 aut
2441 1173 2682 1255 δάμνα·

303 1308 460 1363 μαι,
508 1287 699 1350 cuius
740 1285 916 1351 verbi
952 1290 1241 1374 [ntur-tem
1286 1285 1462 1365 δαμῶ
1505 1286 1743 1366 δαμόω,
1790 1285 1966 1371 δαμᾷ
2008 1282 2233 1368 δαμάᾳ
2271 1289 2338 1348 et.
2375 1279 2685 1362 δαμόωσιν

300 1389 473 1455 notis
521 1389 692 1476 apud
733 1391 1079 1458 Homerum
1132 1390 1289 1459 locis
1334 1391 1594 1477 legitur.

395 1571 488 1638 Ad
540 1570 769 1660 odyss
819 1585 900 1640 Λ.
961 1578 1081 1640 521
1158 1582 1466 1641 narratur
1534 1572 1820 1642 Phaedra
1875 1572 2020 1654 πρὸς
2070 1571 2287 1649 Θησέα
2347 1569 2684 1651 διαβαλεῖν

300 1680 381 1753 ὥς
426 1680 798 1747 Ἱππολύτου
864 1681 1276 1755 πείθοντος
1324 1683 1557 1761 αὐτήν,
1626 1680 1758 1745 imo
1813 1698 1964 1746 vero
2009 1684 2353 1761 πειρῶντος,
2416 1674 2525 1741 sed
2590 1675 2682 1741 vi·

301 1782 541 1850 dentur
580 1786 913 1871 sequiores
954 1797 1233 1855 veterem
1286 1785 1461 1853 verbi
1511 1789 1726 1868 πειρᾶν
1769 1785 2091 1852 notionem
2134 1783 2467 1860 amisisse,
2512 1779 2685 1849 unde

302 1890 514 1957 crebri
564 1910 820 1960 errores
867 1893 1026 1960 nati.

399 2071 636 2140 Notum
680 2082 778 2138 est
823 2093 1014 2160 quam
1065 2072 1250 2142 facile
1298 2082 1360 2140 et
1401 2094 1594 2161 quam
1642 2092 1830 2159 saepe
1869 2079 2092 2139 contra
2137 2069 2261 2137 loci
2295 2068 2685 2137 sententiam

302 2177 476 2245 κατά
526 2186 589 2245 et
636 2180 812 2260 μετά
866 2178 1040 2247 inter
1100 2199 1167 2246 se
1231 2188 1490 2249 mutent
1536 2179 1772 2247 locum.
1865 2177 2127 2245 Memini
2177 2197 2280 2244 me
2337 2175 2433 2244 vel
2482 2200 2690 2256 μετα·

305 2284 665 2351 δουλοῦσθαι
723 2283 936 2371 legere
1006 2306 1120 2372 pro
1182 2287 1728 2353 καταδουλοῦσθαι.
1823 2283 1983 2351 Vide
2054 2303 2224 2350 nunc
2290 2274 2449 2348 inihi
2514 2280 2685 2369 quod

302 2390 619 2477 scriptum
669 2400 768 2456 est
813 2390 879 2456 in
929 2390 1186 2458 Scholio
1233 2390 1310 2458 ad
1354 2390 1586 2481 odyss,
1640 2403 1723 2458 Λ.
1775 2395 1905 2458 322
1955 2411 2098 2478 pag.
2154 2393 2327 2468 506,
2384 2391 2464 2453 10
2512 2385 2686 2475 apud

305 2493 741 2564 Dindorfium:
803 2498 1216 2581 προσορμίσας
1265 2498 1327 2565 δὲ
1392 2508 1469 2583 τῇ
1534 2498 1661 2582 Δία
1708 2497 1866 2581 νήσῳ
1922 2496 2121 2577 ἐκβὰς
2169 2494 2269 2562 ἐπὶ
2324 2503 2436 2572 τῆς
2498 2492 2686 2574 ἠϊόνος

302 2604 872 2682 μετακοιμᾶσθαι.
970 2602 1151 2685 Quod
1200 2624 1353 2671 cave
1420 2603 1667 2670 Lexicis
1715 2605 2006 2681 inseras,
2072 2601 2242 2668 unde
2296 2595 2481 2689 plura
2527 2600 2689 2667 vitio

308 2715 465 2774 nata
506 2706 877 2795 expellenda
925 2729 1066 2776 esse
1112 2709 1297 2778 video
1346 2729 1542 2798 quam
1595 2730 1753 2776 nova
1803 2729 2140 2799 superesse
2185 2706 2501 2774 addenda.

397 2886 626 2978 Odyss.
669 2900 751 2957 Λ.
803 2893 936 2958 599

677 2989 744 3070 ἦέ
789 2995 862 3063 σέ
908 2997 979 3076 γ’
1020 2996 1081 3062 ἐν
1124 2999 1329 3075 νήεσσι
1372 2996 1719 3065 Ποσειδάων
1758 2996 2115 3077 ἐδάμασσεν
2139 3047 2157 3078 ,

402 3098 735 3168 Scholion:
783 3103 837 3168 oi
887 3102 952 3179 ἦέ
991 3104 1350 3171 άθετοῦνται
1400 3104 1508 3170 ὑπ’
1558 3103 1998 3188 Ἀρις-οφάνους
2042 3106 2122 3175 ὥς
2179 3102 2306 3170 άπὸ
2361 3108 2481 3169 τῶν
2524 3102 2688 3185 εἴρη-

310 3206 574 3286 σομένοον
618 3206 1117 3290 μετενεχθέντες.

402 3313 769 3380 Porsonus:
833 3314 886 3379 oi
933 3313 1024 3401 ἠέ)
1089 3313 1158 3379 id
1218 3323 1309 3380 est
1370 3335 1588 3381 versus
1647 3315 1727 3381 ab
1773 3314 1840 3393 ἦέ
1892 3314 2274 3401 incipientes.
2372 3312 2533 3396 Quis
2593 3314 2689 3381 sic

310 3417 645 3506 loquitur?
718 3416 941 3484 Scribe
989 3421 1041 3486 οἱ
1082 3419 1112 3486 ἐ
1164 3419 1400 3511 (πέντε)
1446 3422 1843 3499 άθετοῦνται,
1892 3440 2121 3509 nempe
2158 3440 2252 3486 vs.
2304 3423 2688 3489 599—403.

404 3613 868 3683 Difficillimum
917 3635 1106 3703 saepe
1165 3626 1262 3683 est
1309 3618 1756 3684 annotationes
1803 3618 1869 3684 in
1919 3616 2231 3684 librorum
2283 3616 2692 3704 marginibus

311 3721 671 3808 adscriptas
717 3730 782 3789 et
830 3720 1005 3788 nulia
1055 3730 1201 3788 nota
1251 3721 1593 3789 distinctas
1631 3722 1710 3790 ad
1751 3743 1945 3810 quem
1993 3742 2288 3810 quaeque
2329 3722 2539 3790 locum
2593 3744 2689 3793 re·

316 3824 573 3894 terenda
626 3828 709 3892 sit
757 3824 1002 3913 liquido
1062 3825 1352 3896 definire.
1453 3827 1636 3916 Apud
1692 3827 2093 3896 Dindorflum
2143 3849 2205 3915 p.
2263 3834 2391 3896 2514
2439 3839 2505 3896 et
2556 3835 2687 3897 2515

311 3950 389 3999 ex
429 3931 670 4017 optimo
730 3930 961 3999 Codice
1026 3932 1363 4000 Harteiano
1412 3941 1546 4001 tres
1607 3933 1910 4002 seruntur
1955 3935 2234 4022 optimae
2300 3944 2489 4001 notae
2549 3935 2688 4002 Ari·

308 4025 555 4105 starchi
601 4044 665 4104 et
715 4038 1163 4125 Aristophanis
1211 4045 1659 4108 annotationes
1706 4040 1866 4108 hae:

376 4141 425 4207 l.
519 4143 880 4209 άθετοῦνται
927 4145 1098 4226 παρὰ
1149 4145 1576 4228 ’Λριςοφάνεμ

338 4246 418 4313 11.
513 4247 642 4313 οὐδὲ
691 4244 848 4314 οὗτοι
896 4251 1181 4335 ἐφέροντο
1227 4252 1289 4318 ἐν
1321 4260 1449 4325 τοῖς
1496 4252 1771 4325 πλείςοις
1794 4301 1811 4331 ,
1859 4253 1936 4327 ὥς
1976 4251 2331 4334 μαχόμενοι
2373 4261 2502 4327 τοῖς
2543 4276 2688 4336 προ-

512 4352 840 4434 κειμένοις.
