2934 5050
1035 287 1419 336 rnicocooica
1465 288 1539 334 m·
1584 289 1837 338 camna.
2542 278 2624 339 57

332 457 512 527 Felix
560 461 923 528 emendatio
968 478 1004 524 a
1057 458 1330 524 Polakko
1377 479 1517 525 meo
1568 465 1821 546 reperta
1862 468 1961 525 est
2002 459 2080 527 ad
2124 460 2315 549 Odys
2365 470 2441 526 H.
2472 465 2625 527 318.

234 566 329 632 διὸ
392 567 500 632 καὶ
565 569 929 646 κοιμώμενον
986 565 1381 629 ἀποτίθενται
1435 566 1538 630 τὸν
1585 564 1902 630 Ὀδυσσέα
1949 565 2049 631 διᾶ
2097 569 2165 632 τὸ
2213 568 2302 646 μὴ
2349 568 2494 633 ἰδεῖν
2541 568 2627 640 εἷς

236 682 405 738 ποῖον
470 674 610 738 καὶ
675 670 846 752 ἄμα
910 669 1341 736 ἄναπλέουσιν.
1444 660 1603 735 Rem
1669 691 1790 736 acu
1859 672 2067 756 tetigit
2133 693 2208 738 ex
2287 683 2624 740 KAIAMA

238 777 505 844 eliciens
548 787 872 857 KAIMA,
923 776 1032 843 sed
1077 778 1139 840 in
1183 785 1453 841 accentu
1496 777 1736 841 erravit
1778 785 1982 855 κλῖμα
2025 777 2336 844 scribens,
2403 779 2630 845 Melius

239 882 610 960 NauckiuS,
660 885 968 978 quiante
1020 882 1255 948 multos
1304 902 1505 947 annos
1555 883 1619 946 iu
1661 881 1927 948 eandem
1971 883 2482 950 emendationem
2536 886 2629 950 in-

238 990 487 1056 ciderat
542 991 637 1074 (in
691 989 1033 1055 Observalt.
1089 987 1237 1054 crit.
1287 989 1568 1073 dett-(19.
1619 987 1833 1053 Graec.
1880 991 2120 1075 [raym.
2165 1011 2223 1077 p.
2269 994 2377 1076 3),
2426 991 2629 1069 κλίμα

238 1095 449 1174 dedit,
520 1095 715 1182 idque
778 1094 1117 1161 manifesto
1176 1093 1468 1181 probavit
1517 1093 1582 1158 in
1627 1091 1888 1160 Observ.
1940 1096 2197 1162 Criticis
2247 1117 2452 1184 nuper
2496 1097 2630 1163 edi·

239 1202 327 1268 tis
374 1202 449 1289 ¹).
523 1201 763 1289 Nempe
812 1198 1270 1285 distinguenda
1321 1200 1385 1264 in
1434 1198 1537 1263 his
1586 1208 1741 1265 sunt
1792 1209 2101 1290 tempora,
2179 1202 2438 1271 Veteres
2480 1224 2631 1269 con-

240 1318 491 1374 stanter
538 1317 745 1387 κλῑμα
792 1305 1089 1372 dicebant
1140 1314 1204 1370 et
1251 1313 1481 1386 κρῖμα,
1530 1313 1593 1370 et
1642 1307 1904 1372 omnino
1951 1312 2166 1375 omnia
2213 1310 2308 1375 sic
2361 1310 2631 1376 formata

242 1414 483 1481 habent
545 1413 697 1479 olim
765 1415 828 1478 in
895 1413 1248 1499 penultima
1316 1412 1569 1496 tanqam
1618 1412 1935 1490 vocalem,
2005 1435 2203 1501 quum
2258 1415 2503 1501 reliqua
2551 1436 2627 1482 ex

240 1520 466 1587 eadem
509 1520 712 1606 stirpe
757 1527 901 1586 nata
945 1520 1160 1583 omnia
1198 1518 1445 1584 brevem
1484 1515 1791 1585 habeant:
1840 1520 2043 1627 πόσις
2054 1521 2296 1588 dicitnr
2320 1532 2381 1590 et
2410 1523 2634 1600 πόσης,

242 1634 471 1709 ποτός,
532 1632 787 1711 ποτέος,
845 1630 1134 1707 ποτικός,
1197 1628 1305 1695 sed
1356 1635 1569 1708 πῶμα.
1667 1630 1773 1696 Sic
1820 1637 2050 1714 φῦμα,
2100 1636 2308 1714 θῦμα,
2360 1634 2629 1716 ἔνδυμα,

245 1746 639 1826 κατάλυμα,
690 1748 895 1825 ῥῦμα,
942 1747 1171 1820 πλῦμα
1221 1761 1443 1808 omnes
1490 1742 1827 1820 dicebant,
1879 1744 1988 1810 sed
2041 1746 2104 1810 in
2152 1749 2444 1831 cognatis
2488 1770 2632 1815 cor-

244 1862 431 1940 repta
474 1850 712 1918 vocalis
755 1859 853 1915 est
901 1848 1130 1930 φύσις,
1180 1848 1398 1925 θυσία,
1446 1849 1651 1925 δύσις,
1699 1850 1917 1930 λύσις,
1966 1850 2281 1929 ἄπλυτος,
2329 1863 2449 1918 cel.
2528 1855 2631 1921 Sic

238 1957 381 2036 ἦμα
432 1958 674 2046 (ἱέναι),
721 1957 918 2033 θῆμα,
964 1954 1190 2033 βῆμα,
1239 1956 1531 2034 σύςημα,
1582 1956 1901 2034 ὑπόδημα,
1952 1960 2346 2037 παραίρημα,
2395 1957 2630 2040 εὕρημα

239 2065 628 2152 productam
670 2061 906 2127 babent
950 2061 1369 2147 penultimam
1397 2111 1413 2138 ,
1468 2060 1714 2147 reliqua
1760 2063 2040 2130 indidem
2071 2073 2206 2128 orta
2233 2077 2635 2153 correptam,

239 2169 515 2254 ἄφεσις,
578 2170 773 2244 θέσις,
834 2166 1027 2245 βασις
1051 2216 1068 2245 ,
1119 2166 1336 2243 ςᾶσις,
1387 2167 1708 2246 ὑπόδεσις,
1757 2166 2021 2249 αἵρεσις,
2072 2172 2429 2251 παρεύρεσις
2480 2182 2631 2238 cett.

242 2277 356 2343 Sic
425 2297 500 2343 ex
571 2278 750 2356 ἄροῦν
820 2272 1134 2338 formatur
1197 2271 1438 2353 ἄροσις,
1512 2274 1771 2353 ἄροτήρ,
1844 2274 2094 2357 ἄροτος,
2167 2275 2446 2359 ἄροτρον,
2522 2277 2631 2344 sed

242 2382 497 2466 ἄρωμα.
599 2378 834 2446 Anecd.
889 2379 1156 2445 Bekkeri
1211 2399 1352 2464 pag.
1405 2384 1558 2445 450.
1623 2381 2058 2460 ’Λρώματα
2107 2384 2172 2447 ού
2219 2384 2302 2448 τᾶ
2353 2384 2636 2462 θυμιᾶ·

243 2514 483 2570 ματα
532 2489 583 2555 οἱ
627 2485 898 2553 Ἀττικοὶ
951 2488 1241 2552 καλοῦσιν
1277 2485 1456 2552 ἄλλα
1495 2486 1579 2552 τὰ
1622 2486 2125 2569 ἐσπαρμένα.
2177 2488 2636 2577 Aristophanes

248 2598 312 2662 in
368 2595 535 2662 Pace
589 2599 783 2659 1157.

523 2697 589 2767 εὖ
630 2702 935 2771 ποιοῦντος
981 2699 1399 2779 κώφελοῦντος
1441 2697 1451 2784 Ι
1492 2704 1598 2764 τοῦ
1647 2699 1776 2766 θεοῦ
1818 2699 2188 2781 τάρώματα.

332 2808 442 2874 Sic
488 2807 692 2893 igitur
738 2803 983 2881 κλίσις,
1031 2805 1282 2879 κλισία,
1332 2804 1561 2884 κρίσις,
1610 2805 1857 2886 κριτής,
1910 2806 2017 2870 sed
2057 2814 2261 2886 κλῖμα
2310 2815 2373 2873 et
2419 2817 2632 2890 κρῖμα.

238 2911 366 2979 Sed
436 2913 742 2997 antiquae
808 2908 1193 2976 Graecitatis
1258 2907 1414 2973 haec
1484 2912 1652 2975 ratio
1716 2921 1849 2989 est,
1912 2912 2239 2997 sequiores
2301 2916 2513 2978 omnia
2563 2914 2642 2982 de

242 3037 482 3104 genere
544 3016 662 3082 hoc
730 3016 1082 3101 penultima
1147 3013 1326 3080 brevi
1378 3013 1773 3092 formabant,
1837 3019 2080 3096 κλίμα,
2146 3021 2371 3100 κρίμα,
2419 3019 2635 3100 πόμα,

242 3121 514 3206 εὕρεμα,
566 3121 936 3206 ἄφαίρεμα,
984 3121 1295 3199 ἐπίθεμα,
1345 3120 1635 3200 κᾶθεμα,
1686 3122 2012 3203 σύμβαμα
2059 3132 2185 3194 eto.
2262 3125 2419 3191 Hinc
2467 3137 2634 3193 vete-

246 3251 392 3297 rum
466 3230 709 3316 scripta
777 3227 1001 3293 formis
1066 3226 1332 3291 noviciis
1392 3228 1610 3292 vitiari
1678 3239 1899 3315 coepta
1964 3240 2137 3297 sunt.
2241 3231 2636 3320 Ubicumque

247 3336 424 3416 πόμα
487 3355 665 3401 nunc
728 3334 898 3422 apud
965 3342 1215 3398 veteres
1277 3330 1519 3417 legitur
1585 3333 1810 3400 vitiosa
1869 3335 2059 3401 lectio
2107 3348 2195 3403 est
2253 3358 2367 3424 pro
2414 3345 2630 3418 πῶμα.

249 3443 318 3509 ln
359 3442 817 3529 antiquissimo
863 3439 1141 3505 Platonis
1181 3437 1407 3502 Codice
1456 3438 1743 3504 Parisino
1781 3442 1986 3527 prima
2016 3462 2281 3520 manuS,
2332 3454 2401 3510 ut
2430 3465 2634 3532 nuper

252 3548 408 3627 vidi,
476 3549 717 3634 ubique
779 3552 972 3625 πῶμα
1021 3544 1328 3621 dederat,
1396 3541 1504 3608 sed
1552 3545 1737 3611 toties
1784 3546 1946 3613 male
1995 3550 2257 3614 sedulus
2305 3561 2635 3616 corrector

252 3661 294 3718 ὦ
335 3674 521 3721 eraso
569 3652 753 3731 πόμα
798 3651 1160 3718 substituit.
1261 3649 1431 3734 Ergo
1469 3658 1663 3730 κρῖμα
1702 3659 1765 3716 et
1803 3661 2007 3732 κλῒμα
2049 3655 2354 3740 antiquae
2395 3654 2636 3722 formae

253 3769 438 3838 sunt,
504 3759 617 3826 sed
680 3767 891 3825 aetate
958 3755 1330 3843 Porphyrii,
1400 3754 1568 3821 unde
1634 3754 1930 3824 Scholion
1996 3770 2286 3825 sumtum
2352 3771 2480 3838 est,
2550 3764 2637 3834 εἰς

251 3875 414 3933 ποῖον
476 3867 681 3944 κλίμα
728 3862 1168 3931 scribendum.
1268 3859 1486 3926 Multis
1531 3862 1872 3950 exempliS,
1921 3884 2086 3951 quae
2133 3866 2463 3933 Nauckius
2510 3868 2634 3933 col·

252 3971 445 4058 legit,
494 3993 573 4039 ex
622 3971 846 4037 Nonno
895 3961 1199 4057 pleraque
1249 3972 1464 4051 inepto
1514 3968 1981 4047 versificatore,
2030 3970 2194 4037 addo
2247 3993 2445 4039 unum
2496 3974 2634 4039 Dio·

254 4077 524 4145 scoridis
575 4076 859 4168 (Anthol.
918 4075 1113 4142 Palat.
1171 4071 1306 4138 vll.
1364 4072 1542 4161 407.)

331 4329 381 4393 1)
428 4325 683 4379 Κνίιίεσίιο
726 4327 1101 4394 Bemerkunyen
1152 4326 1406 4391 (Bullatin
1440 4328 1504 4378 de
1537 4326 1855 4383 l'Aoedemie
1887 4332 1976 4383 des
2011 4331 2246 4385 Scionces
2278 4332 2342 4382 de
2380 4328 2645 4381 saint-Pe.

262 4409 514 4474 ter-boum
545 4411 693 4464 Tom.
727 4410 912 4465 xvn.
948 4425 1060 4476 pag.
1088 4409 1230 4474 260).
