<?xml version="1.0" encoding="UTF-8"?>
<!DOCTYPE html PUBLIC "-//W3C//DTD XHTML 1.0 Transitional//EN"
    "http://www.w3.org/TR/xhtml1/DTD/xhtml1-transitional.dtd">
<html xmlns="http://www.w3.org/1999/xhtml" xml:lang="en" lang="en">
 <head>
  <title>
</title>
<meta http-equiv="Content-Type" content="text/html;charset=utf-8" />
  <meta name='ocr-system' content='tesseract 3.04.00' />
  <meta name='ocr-capabilities' content='ocr_page ocr_carea ocr_par ocr_line ocrx_word'/>
</head>
<body>
  <div class='ocr_page' id='page_1' title='image "./mnemosynebiblio09servgoog_0299.png"; bbox 0 0 2934 5050; ppageno 0'>
   <div class='ocr_carea' id='block_1_1' title="bbox 949 290 2534 360">
    <p class='ocr_par' dir='ltr' id='par_1_1' title="bbox 949 290 2534 360">
     <span class='ocr_line' id='line_1_1' title="bbox 949 290 2534 360; baseline -0.001 -2"><span class='ocrx_word' id='word_1_1' title='bbox 949 309 1259 360; x_wconf 64' lang='lat' dir='ltr'><strong>nucitum</strong></span> <span class='ocrx_word' id='word_1_2' title='bbox 1305 310 1378 358; x_wconf 75' lang='lat' dir='ltr'><strong>m·</strong></span> <span class='ocrx_word' id='word_1_3' title='bbox 1422 309 1732 360; x_wconf 58' lang='lat' dir='ltr'><strong>cocunea.</strong></span> <span class='ocrx_word' id='word_1_4' title='bbox 2402 290 2534 356; x_wconf 74' lang='lat'><strong>26⁷</strong></span> 
     </span>
    </p>
   </div>
   <div class='ocr_carea' id='block_1_2' title="bbox 139 473 2571 4489">
    <p class='ocr_par' dir='ltr' id='par_1_2' title="bbox 178 473 2538 883">
     <span class='ocr_line' id='line_1_2' title="bbox 181 473 2537 566; baseline -0.001 -25"><span class='ocrx_word' id='word_1_5' title='bbox 181 475 264 541; x_wconf 86' lang='lat' dir='ltr'><strong>sic</strong></span> <span class='ocrx_word' id='word_1_6' title='bbox 298 473 699 556; x_wconf 77' lang='lat' dir='ltr'><strong>Fleckeisen,</strong></span> <span class='ocrx_word' id='word_1_7' title='bbox 739 476 888 545; x_wconf 90' lang='lat' dir='ltr'><strong>libri</strong></span> <span class='ocrx_word' id='word_1_8' title='bbox 931 478 1100 566; x_wconf 88' lang='lat' dir='ltr'><strong>apud</strong></span> <span class='ocrx_word' id='word_1_9' title='bbox 1147 479 1420 547; x_wconf 88' lang='lat' dir='ltr'><strong>Pareum</strong></span> <span class='ocrx_word' id='word_1_10' title='bbox 1465 481 1732 547; x_wconf 69' lang='lat' dir='ltr'><strong>emicas.</strong></span> <span class='ocrx_word' id='word_1_11' title='bbox 1785 477 1987 545; x_wconf 83' lang='lat' dir='ltr'><strong>Varro</strong></span> <span class='ocrx_word' id='word_1_12' title='bbox 2031 476 2102 544; x_wconf 88' lang='lat' dir='ltr'><strong>L.</strong></span> <span class='ocrx_word' id='word_1_13' title='bbox 2149 476 2219 543; x_wconf 88' lang='lat' dir='ltr'><strong>L.</strong></span> <span class='ocrx_word' id='word_1_14' title='bbox 2251 474 2323 542; x_wconf 88' lang='lat' dir='ltr'><strong>V.</strong></span> <span class='ocrx_word' id='word_1_15' title='bbox 2371 477 2537 540; x_wconf 87' lang='lat'>110:</span> 
     </span>
     <span class='ocr_line' id='line_1_3' title="bbox 181 581 2538 670; baseline 0 -25"><span class='ocrx_word' id='word_1_16' title='bbox 181 581 414 648; x_wconf 67' lang='lat' dir='ltr'><strong>»in-sicia</strong></span> <span class='ocrx_word' id='word_1_17' title='bbox 478 583 562 649; x_wconf 84' lang='lat' dir='ltr'><strong>ab</strong></span> <span class='ocrx_word' id='word_1_18' title='bbox 625 604 702 650; x_wconf 90' lang='lat' dir='ltr'><strong>eo</strong></span> <span class='ocrx_word' id='word_1_19' title='bbox 771 584 940 670; x_wconf 86' lang='lat' dir='ltr'><strong>quod</strong></span> <span class='ocrx_word' id='word_1_20' title='bbox 1006 589 1243 652; x_wconf 75' lang='lat' dir='ltr'><strong>insecta</strong></span> <span class='ocrx_word' id='word_1_21' title='bbox 1311 589 1535 655; x_wconf 88' lang='lat' dir='ltr'><strong>caro”.</strong></span> <span class='ocrx_word' id='word_1_22' title='bbox 1634 586 1718 652; x_wconf 85' lang='lat' dir='ltr'><strong>Et</strong></span> <span class='ocrx_word' id='word_1_23' title='bbox 1786 584 1883 650; x_wconf 89' lang='lat' dir='ltr'><strong>sic</strong></span> <span class='ocrx_word' id='word_1_24' title='bbox 1937 582 2317 649; x_wconf 71' lang='lat' dir='ltr'><strong>subsicivum</strong></span> <span class='ocrx_word' id='word_1_25' title='bbox 2384 598 2538 666; x_wconf 90' lang='lat' dir='ltr'><strong>pars</strong></span> 
     </span>
     <span class='ocr_line' id='line_1_4' title="bbox 179 687 2537 777; baseline -0 -25"><span class='ocrx_word' id='word_1_26' title='bbox 179 687 489 775; x_wconf 74' lang='lat' dir='ltr'><strong>quaepiam</strong></span> <span class='ocrx_word' id='word_1_27' title='bbox 532 708 730 777; x_wconf 78' lang='lat' dir='ltr'><strong>parva</strong></span> <span class='ocrx_word' id='word_1_28' title='bbox 778 689 1072 767; x_wconf 83' lang='lat' dir='ltr'><strong>desecta,</strong></span> <span class='ocrx_word' id='word_1_29' title='bbox 1121 698 1226 767; x_wconf 83' lang='lat' dir='ltr'><strong>et,</strong></span> <span class='ocrx_word' id='word_1_30' title='bbox 1276 693 1735 760; x_wconf 84' lang='lat' dir='ltr'><strong>convenienter</strong></span> <span class='ocrx_word' id='word_1_31' title='bbox 1785 690 2010 757; x_wconf 84' lang='lat' dir='ltr'><strong>Latino</strong></span> <span class='ocrx_word' id='word_1_32' title='bbox 2058 689 2224 756; x_wconf 88' lang='lat' dir='ltr'><strong>mori</strong></span> <span class='ocrx_word' id='word_1_33' title='bbox 2271 693 2537 774; x_wconf 86' lang='lat' dir='ltr'><strong>propter</strong></span> 
     </span>
     <span class='ocr_line' id='line_1_5' title="bbox 178 795 1352 883; baseline 0.003 -23"><span class='ocrx_word' id='word_1_34' title='bbox 178 802 492 862; x_wconf 83' lang='lat' dir='ltr'><strong>accentum</strong></span> <span class='ocrx_word' id='word_1_35' title='bbox 543 795 856 882; x_wconf 84' lang='lat' dir='ltr'><strong>producta</strong></span> <span class='ocrx_word' id='word_1_36' title='bbox 899 797 1149 883; x_wconf 90' lang='lat' dir='ltr'><strong>priore,</strong></span> <span class='ocrx_word' id='word_1_37' title='bbox 1197 798 1352 865; x_wconf 71' lang='lat' dir='ltr'><strong>sica.</strong></span> 
     </span>
    </p>

    <p class='ocr_par' dir='ltr' id='par_1_3' title="bbox 256 898 2078 989">
     <span class='ocr_line' id='line_1_6' title="bbox 256 898 2078 989; baseline 0 -23"><span class='ocrx_word' id='word_1_38' title='bbox 256 898 382 967; x_wconf 82' lang='lat' dir='ltr'><strong>XV.</strong></span> <span class='ocrx_word' id='word_1_39' title='bbox 437 905 554 981; x_wconf 75' lang='lat'><strong>14,</strong></span> <span class='ocrx_word' id='word_1_40' title='bbox 602 921 788 988; x_wconf 82' lang='lat' dir='ltr'><strong>seqq.</strong></span> <span class='ocrx_word' id='word_1_41' title='bbox 839 901 1309 989; x_wconf 76' lang='lat' dir='ltr'><strong>Fragmentum</strong></span> <span class='ocrx_word' id='word_1_42' title='bbox 1363 903 1484 970; x_wconf 85' lang='lat' dir='ltr'><strong>hoc</strong></span> <span class='ocrx_word' id='word_1_43' title='bbox 1535 907 1631 970; x_wconf 88' lang='lat' dir='ltr'><strong>sic</strong></span> <span class='ocrx_word' id='word_1_44' title='bbox 1678 901 1907 970; x_wconf 77' lang='lat' dir='ltr'><strong>scribit</strong></span> <span class='ocrx_word' id='word_1_45' title='bbox 1953 901 2078 967; x_wconf 60' lang='lat' dir='ltr'><strong>u:</strong></span> 
     </span>
    </p>

    <p class='ocr_par' dir='ltr' id='par_1_4' title="bbox 515 1004 2236 1308">
     <span class='ocr_line' id='line_1_7' title="bbox 515 1004 2236 1097; baseline -0.001 -24"><span class='ocrx_word' id='word_1_46' title='bbox 515 1005 691 1074; x_wconf 88' lang='lat' dir='ltr'><strong>bunc</strong></span> <span class='ocrx_word' id='word_1_47' title='bbox 741 1006 938 1075; x_wconf 88' lang='lat' dir='ltr'><strong>millei</strong></span> <span class='ocrx_word' id='word_1_48' title='bbox 990 1027 1249 1095; x_wconf 88' lang='lat' dir='ltr'><strong>passum</strong></span> <span class='ocrx_word' id='word_1_49' title='bbox 1299 1011 1411 1097; x_wconf 86' lang='lat' dir='ltr'><strong>qui</strong></span> <span class='ocrx_word' id='word_1_50' title='bbox 1460 1010 1693 1078; x_wconf 83' lang='lat' dir='ltr'><strong>vicerit</strong></span> <span class='ocrx_word' id='word_1_51' title='bbox 1741 1017 1937 1096; x_wconf 86' lang='lat' dir='ltr'><strong>atque</strong></span> <span class='ocrx_word' id='word_1_52' title='bbox 1984 1004 2236 1073; x_wconf 89' lang='lat' dir='ltr'><strong>duobus</strong></span> 
     </span>
     <span class='ocr_line' id='line_1_8' title="bbox 521 1112 2160 1203; baseline -0.001 -23"><span class='ocrx_word' id='word_1_53' title='bbox 521 1112 895 1202; x_wconf 80' lang='lat' dir='ltr'><strong>Campanus</strong></span> <span class='ocrx_word' id='word_1_54' title='bbox 940 1115 1228 1203; x_wconf 87' lang='lat' dir='ltr'><strong>sonipes,</strong></span> <span class='ocrx_word' id='word_1_55' title='bbox 1281 1135 1593 1183; x_wconf 87' lang='lat' dir='ltr'><strong>succusor</strong></span> <span class='ocrx_word' id='word_1_56' title='bbox 1639 1114 2160 1202; x_wconf 87' lang='lat' dir='ltr'><strong>nullu&#39;sequetur</strong></span> 
     </span>
     <span class='ocr_line' id='line_1_9' title="bbox 518 1220 2077 1308; baseline 0 -23"><span class='ocrx_word' id='word_1_57' title='bbox 518 1221 785 1287; x_wconf 90' lang='lat' dir='ltr'><strong>maiorei</strong></span> <span class='ocrx_word' id='word_1_58' title='bbox 834 1221 1079 1308; x_wconf 83' lang='lat' dir='ltr'><strong>spatio,</strong></span> <span class='ocrx_word' id='word_1_59' title='bbox 1127 1241 1203 1288; x_wconf 87' lang='lat' dir='ltr'><strong>ac</strong></span> <span class='ocrx_word' id='word_1_60' title='bbox 1252 1220 1538 1288; x_wconf 83' lang='lat' dir='ltr'><strong>diversu’</strong></span> <span class='ocrx_word' id='word_1_61' title='bbox 1587 1220 1913 1289; x_wconf 83' lang='lat' dir='ltr'><strong>videbitur</strong></span> <span class='ocrx_word' id='word_1_62' title='bbox 1955 1221 2077 1286; x_wconf 88' lang='lat' dir='ltr'><strong>ire.</strong></span> 
     </span>
    </p>

    <p class='ocr_par' dir='ltr' id='par_1_5' title="bbox 175 1323 2546 2032">
     <span class='ocr_line' id='line_1_10' title="bbox 256 1323 2540 1415; baseline -0.001 -24"><span class='ocrx_word' id='word_1_63' title='bbox 256 1325 333 1391; x_wconf 76' lang='lat' dir='ltr'><strong>At</strong></span> <span class='ocrx_word' id='word_1_64' title='bbox 385 1326 710 1392; x_wconf 84' lang='lat' dir='ltr'><strong>sententia</strong></span> <span class='ocrx_word' id='word_1_65' title='bbox 757 1335 887 1394; x_wconf 87' lang='lat' dir='ltr'><strong>est:</strong></span> <span class='ocrx_word' id='word_1_66' title='bbox 937 1325 1303 1415; x_wconf 84' lang='lat' dir='ltr'><strong>Campanus</strong></span> <span class='ocrx_word' id='word_1_67' title='bbox 1349 1328 1610 1415; x_wconf 87' lang='lat' dir='ltr'><strong>sonipes</strong></span> <span class='ocrx_word' id='word_1_68' title='bbox 1656 1346 2003 1395; x_wconf 78' lang='lat' dir='ltr'><strong>succussor</strong></span> <span class='ocrx_word' id='word_1_69' title='bbox 2047 1323 2379 1415; x_wconf 79' lang='lat' dir='ltr'><strong>(pravus),</strong></span> <span class='ocrx_word' id='word_1_70' title='bbox 2429 1324 2540 1411; x_wconf 87' lang='lat' dir='ltr'><strong>qui</strong></span> 
     </span>
     <span class='ocr_line' id='line_1_11' title="bbox 178 1427 2543 1521; baseline 0.001 -26"><span class='ocrx_word' id='word_1_71' title='bbox 178 1427 331 1498; x_wconf 84' lang='lat' dir='ltr'><strong>bunc</strong></span> <span class='ocrx_word' id='word_1_72' title='bbox 387 1450 590 1519; x_wconf 89' lang='lat' dir='ltr'><strong>quem</strong></span> <span class='ocrx_word' id='word_1_73' title='bbox 650 1431 960 1520; x_wconf 87' lang='lat' dir='ltr'><strong>descripsi</strong></span> <span class='ocrx_word' id='word_1_74' title='bbox 1020 1453 1259 1521; x_wconf 87' lang='lat' dir='ltr'><strong>equum</strong></span> <span class='ocrx_word' id='word_1_75' title='bbox 1324 1432 1599 1501; x_wconf 89' lang='lat' dir='ltr'><strong>celerem</strong></span> <span class='ocrx_word' id='word_1_76' title='bbox 1667 1454 1782 1521; x_wconf 87' lang='lat' dir='ltr'><strong>per</strong></span> <span class='ocrx_word' id='word_1_77' title='bbox 1841 1432 2018 1499; x_wconf 90' lang='lat' dir='ltr'><strong>mille</strong></span> <span class='ocrx_word' id='word_1_78' title='bbox 2071 1450 2378 1519; x_wconf 77' lang='lat' dir='ltr'><strong>passuum</strong></span> <span class='ocrx_word' id='word_1_79' title='bbox 2428 1439 2543 1497; x_wconf 87' lang='lat' dir='ltr'><strong>aut</strong></span> 
     </span>
     <span class='ocr_line' id='line_1_12' title="bbox 176 1534 2545 1627; baseline 0.001 -26"><span class='ocrx_word' id='word_1_80' title='bbox 176 1534 288 1602; x_wconf 88' lang='lat' dir='ltr'><strong>duo</strong></span> <span class='ocrx_word' id='word_1_81' title='bbox 344 1536 508 1605; x_wconf 84' lang='lat' dir='ltr'><strong>adeo</strong></span> <span class='ocrx_word' id='word_1_82' title='bbox 569 1538 749 1605; x_wconf 91' lang='lat' dir='ltr'><strong>milia</strong></span> <span class='ocrx_word' id='word_1_83' title='bbox 809 1559 1010 1605; x_wconf 85' lang='lat' dir='ltr'><strong>cursu</strong></span> <span class='ocrx_word' id='word_1_84' title='bbox 1057 1540 1503 1627; x_wconf 84' lang='lat' dir='ltr'><strong>superaverit,</strong></span> <span class='ocrx_word' id='word_1_85' title='bbox 1555 1548 1771 1607; x_wconf 83' lang='lat' dir='ltr'><strong>tamen</strong></span> <span class='ocrx_word' id='word_1_86' title='bbox 1817 1538 2105 1624; x_wconf 80' lang='lat' dir='ltr'><strong>longiore</strong></span> <span class='ocrx_word' id='word_1_87' title='bbox 2152 1539 2293 1605; x_wconf 87' lang='lat' dir='ltr'><strong>viae</strong></span> <span class='ocrx_word' id='word_1_88' title='bbox 2334 1538 2545 1625; x_wconf 74' lang='lat' dir='ltr'><strong>spatio</strong></span> 
     </span>
     <span class='ocr_line' id='line_1_13' title="bbox 177 1643 2544 1733; baseline 0.001 -24"><span class='ocrx_word' id='word_1_89' title='bbox 177 1643 423 1711; x_wconf 82' lang='lat' dir='ltr'><strong>minime</strong></span> <span class='ocrx_word' id='word_1_90' title='bbox 466 1643 800 1731; x_wconf 78' lang='lat' dir='ltr'><strong>aequabit.</strong></span> <span class='ocrx_word' id='word_1_91' title='bbox 899 1645 1071 1732; x_wconf 77' lang='lat' dir='ltr'><strong>Ergo</strong></span> <span class='ocrx_word' id='word_1_92' title='bbox 1116 1644 1653 1732; x_wconf 88' lang='lat' dir='ltr'><strong>distinguendum</strong></span> <span class='ocrx_word' id='word_1_93' title='bbox 1701 1653 1847 1733; x_wconf 86' lang='lat' dir='ltr'><strong>post</strong></span> <span class='ocrx_word' id='word_1_94' title='bbox 1895 1665 2220 1712; x_wconf 76' lang='lat' dir='ltr'><strong>succussor</strong></span> <span class='ocrx_word' id='word_1_95' title='bbox 2251 1654 2321 1711; x_wconf 81' lang='lat' dir='ltr'><strong>et</strong></span> <span class='ocrx_word' id='word_1_96' title='bbox 2355 1645 2544 1711; x_wconf 69' lang='lat' dir='ltr'><strong>huuc.</strong></span> 
     </span>
     <span class='ocr_line' id='line_1_14' title="bbox 175 1746 2543 1840; baseline 0 -24"><span class='ocrx_word' id='word_1_97' title='bbox 175 1746 388 1816; x_wconf 65' lang='lat' dir='ltr'><strong>mallus</strong></span> <span class='ocrx_word' id='word_1_98' title='bbox 453 1760 562 1818; x_wconf 78' lang='lat' dir='ltr'><strong>est</strong></span> <span class='ocrx_word' id='word_1_99' title='bbox 621 1753 662 1818; x_wconf 88' lang='lat' dir='ltr'><strong>i.</strong></span> <span class='ocrx_word' id='word_1_100' title='bbox 725 1771 790 1838; x_wconf 81' lang='lat' dir='ltr'><strong>q.</strong></span> <span class='ocrx_word' id='word_1_101' title='bbox 856 1770 982 1817; x_wconf 89' lang='lat' dir='ltr'><strong>non</strong></span> <span class='ocrx_word' id='word_1_102' title='bbox 1047 1752 1142 1818; x_wconf 81' lang='lat' dir='ltr'><strong>vel</strong></span> <span class='ocrx_word' id='word_1_103' title='bbox 1213 1771 1464 1831; x_wconf 88' lang='lat' dir='ltr'><strong>noenu,</strong></span> <span class='ocrx_word' id='word_1_104' title='bbox 1528 1760 1599 1819; x_wconf 87' lang='lat' dir='ltr'><strong>ut</strong></span> <span class='ocrx_word' id='word_1_105' title='bbox 1661 1751 1815 1819; x_wconf 89' lang='lat' dir='ltr'><strong>alibi</strong></span> <span class='ocrx_word' id='word_1_106' title='bbox 1878 1750 2032 1817; x_wconf 88' lang='lat' dir='ltr'><strong>Luc.</strong></span> <span class='ocrx_word' id='word_1_107' title='bbox 2098 1749 2332 1840; x_wconf 81' lang='lat' dir='ltr'><strong>(XXX.</strong></span> <span class='ocrx_word' id='word_1_108' title='bbox 2405 1749 2543 1838; x_wconf 82' lang='lat'><strong>25).</strong></span> 
     </span>
     <span class='ocr_line' id='line_1_15' title="bbox 177 1855 2546 1945; baseline -0.001 -22"><span class='ocrx_word' id='word_1_109' title='bbox 177 1855 296 1923; x_wconf 78' lang='lat' dir='ltr'><strong>Non</strong></span> <span class='ocrx_word' id='word_1_110' title='bbox 339 1864 439 1924; x_wconf 83' lang='lat' dir='ltr'><strong>est</strong></span> <span class='ocrx_word' id='word_1_111' title='bbox 484 1855 660 1944; x_wconf 84' lang='lat' dir='ltr'><strong>quod</strong></span> <span class='ocrx_word' id='word_1_112' title='bbox 707 1857 776 1922; x_wconf 74' lang='lat' dir='ltr'><strong>in</strong></span> <span class='ocrx_word' id='word_1_113' title='bbox 823 1866 966 1945; x_wconf 83' lang='lat' dir='ltr'><strong>post</strong></span> <span class='ocrx_word' id='word_1_114' title='bbox 1013 1857 1252 1925; x_wconf 79' lang='lat' dir='ltr'><strong>maiore</strong></span> <span class='ocrx_word' id='word_1_115' title='bbox 1295 1859 1359 1925; x_wconf 91' lang='lat' dir='ltr'><strong>in</strong></span> <span class='ocrx_word' id='word_1_116' title='bbox 1413 1857 1602 1925; x_wconf 89' lang='lat' dir='ltr'><strong>Gellii</strong></span> <span class='ocrx_word' id='word_1_117' title='bbox 1642 1857 1825 1924; x_wconf 89' lang='lat' dir='ltr'><strong>libris</strong></span> <span class='ocrx_word' id='word_1_118' title='bbox 1865 1857 2103 1925; x_wconf 86' lang='lat' dir='ltr'><strong>lectum</strong></span> <span class='ocrx_word' id='word_1_119' title='bbox 2145 1857 2546 1924; x_wconf 83' lang='lat' dir='ltr'><strong>omittamus.</strong></span> 
     </span>
     <span class='ocr_line' id='line_1_16' title="bbox 180 1962 819 2032; baseline -0.002 -2"><span class='ocrx_word' id='word_1_120' title='bbox 180 1962 516 2032; x_wconf 83' lang='lat' dir='ltr'><strong>Lucretius</strong></span> <span class='ocrx_word' id='word_1_121' title='bbox 564 1963 647 2031; x_wconf 89' lang='lat'><strong>11.</strong></span> <span class='ocrx_word' id='word_1_122' title='bbox 701 1968 819 2031; x_wconf 80' lang='lat'><strong>78:</strong></span> 
     </span>
    </p>

    <p class='ocr_par' dir='ltr' id='par_1_6' title="bbox 428 2067 2211 2265">
     <span class='ocr_line' id='line_1_17' title="bbox 428 2067 2211 2158; baseline 0.001 -22"><span class='ocrx_word' id='word_1_123' title='bbox 428 2071 636 2157; x_wconf 87' lang='lat' dir='ltr'><strong>inque</strong></span> <span class='ocrx_word' id='word_1_124' title='bbox 683 2069 859 2137; x_wconf 84' lang='lat' dir='ltr'><strong>brevi</strong></span> <span class='ocrx_word' id='word_1_125' title='bbox 907 2071 1116 2158; x_wconf 90' lang='lat' dir='ltr'><strong>spatio</strong></span> <span class='ocrx_word' id='word_1_126' title='bbox 1164 2067 1508 2138; x_wconf 74' lang='lat' dir='ltr'><strong>mutantur</strong></span> <span class='ocrx_word' id='word_1_127' title='bbox 1547 2070 1754 2139; x_wconf 88' lang='lat' dir='ltr'><strong>saecla</strong></span> <span class='ocrx_word' id='word_1_128' title='bbox 1804 2069 2211 2137; x_wconf 81' lang='lat' dir='ltr'><strong>animantum</strong></span> 
     </span>
     <span class='ocr_line' id='line_1_18' title="bbox 429 2176 1971 2265; baseline -0.001 -21"><span class='ocrx_word' id='word_1_129' title='bbox 429 2186 501 2244; x_wconf 85' lang='lat' dir='ltr'><strong>et</strong></span> <span class='ocrx_word' id='word_1_130' title='bbox 552 2177 737 2263; x_wconf 84' lang='lat' dir='ltr'><strong>quasi</strong></span> <span class='ocrx_word' id='word_1_131' title='bbox 786 2195 1088 2243; x_wconf 86' lang='lat' dir='ltr'><strong>cursores</strong></span> <span class='ocrx_word' id='word_1_132' title='bbox 1135 2177 1291 2246; x_wconf 82' lang='lat' dir='ltr'><strong>vitai</strong></span> <span class='ocrx_word' id='word_1_133' title='bbox 1337 2176 1633 2265; x_wconf 86' lang='lat' dir='ltr'><strong>lampada</strong></span> <span class='ocrx_word' id='word_1_134' title='bbox 1681 2176 1971 2244; x_wconf 86' lang='lat' dir='ltr'><strong>tradunt.</strong></span> 
     </span>
    </p>

    <p class='ocr_par' dir='ltr' id='par_1_7' title="bbox 264 2280 2440 2369">
     <span class='ocr_line' id='line_1_19' title="bbox 264 2280 2440 2369; baseline -0 -21"><span class='ocrx_word' id='word_1_135' title='bbox 264 2286 363 2349; x_wconf 79' lang='lat'><strong>19.</strong></span> <span class='ocrx_word' id='word_1_136' title='bbox 414 2282 701 2349; x_wconf 80' lang='lat' dir='ltr'><strong>vilicum</strong></span> <span class='ocrx_word' id='word_1_137' title='bbox 749 2282 1250 2362; x_wconf 84' lang='lat' dir='ltr'><strong>Aristocratem‚</strong></span> <span class='ocrx_word' id='word_1_138' title='bbox 1302 2282 1795 2351; x_wconf 83' lang='lat' dir='ltr'><strong>mediastrinum</strong></span> <span class='ocrx_word' id='word_1_139' title='bbox 1845 2291 2041 2369; x_wconf 71' lang='lat' dir='ltr'><strong>atque</strong></span> <span class='ocrx_word' id='word_1_140' title='bbox 2088 2280 2440 2349; x_wconf 87' lang='lat' dir='ltr'><strong>bubulcum</strong></span> 
     </span>
    </p>

    <p class='ocr_par' dir='ltr' id='par_1_8' title="bbox 419 2386 2034 2476">
     <span class='ocr_line' id='line_1_20' title="bbox 419 2386 2034 2476; baseline -0.001 -20"><span class='ocrx_word' id='word_1_141' title='bbox 419 2386 983 2457; x_wconf 75' lang='lat' dir='ltr'><strong>conmanducatae</strong></span> <span class='ocrx_word' id='word_1_142' title='bbox 1029 2391 1373 2476; x_wconf 84' lang='lat' dir='ltr'><strong>conrupit‚</strong></span> <span class='ocrx_word' id='word_1_143' title='bbox 1417 2387 1499 2457; x_wconf 86' lang='lat' dir='ltr'><strong>ad</strong></span> <span class='ocrx_word' id='word_1_144' title='bbox 1549 2390 1747 2456; x_wconf 88' lang='lat' dir='ltr'><strong>incita</strong></span> <span class='ocrx_word' id='word_1_145' title='bbox 1793 2387 2034 2475; x_wconf 78' lang='lat' dir='ltr'><strong>adegit.</strong></span> 
     </span>
    </p>

    <p class='ocr_par' dir='ltr' id='par_1_9' title="bbox 139 2492 2562 3431">
     <span class='ocr_line' id='line_1_21' title="bbox 261 2492 2551 2581; baseline 0.001 -21"><span class='ocrx_word' id='word_1_146' title='bbox 261 2492 464 2563; x_wconf 87' lang='lat' dir='ltr'><strong>Verbo</strong></span> <span class='ocrx_word' id='word_1_147' title='bbox 515 2512 921 2581; x_wconf 79' lang='lat' dir='ltr'><strong>corrumpere</strong></span> <span class='ocrx_word' id='word_1_148' title='bbox 979 2492 1085 2561; x_wconf 88' lang='lat' dir='ltr'><strong>bic</strong></span> <span class='ocrx_word' id='word_1_149' title='bbox 1146 2492 1362 2563; x_wconf 86' lang='lat' dir='ltr'><strong>nullus</strong></span> <span class='ocrx_word' id='word_1_150' title='bbox 1422 2495 1605 2563; x_wconf 87' lang='lat' dir='ltr'><strong>locus</strong></span> <span class='ocrx_word' id='word_1_151' title='bbox 1658 2504 1793 2574; x_wconf 78' lang='lat' dir='ltr'><strong>est,</strong></span> <span class='ocrx_word' id='word_1_152' title='bbox 1841 2493 2047 2561; x_wconf 87' lang='lat' dir='ltr'><strong>multo</strong></span> <span class='ocrx_word' id='word_1_153' title='bbox 2095 2493 2314 2562; x_wconf 89' lang='lat' dir='ltr'><strong>minus</strong></span> <span class='ocrx_word' id='word_1_154' title='bbox 2359 2492 2551 2562; x_wconf 77' lang='lat' dir='ltr'><strong>verbo</strong></span> 
     </span>
     <span class='ocr_line' id='line_1_22' title="bbox 181 2601 2553 2690; baseline 0 -24"><span class='ocrx_word' id='word_1_155' title='bbox 181 2621 531 2689; x_wconf 80' lang='lat' dir='ltr'><strong>corrupere‚·</strong></span> <span class='ocrx_word' id='word_1_156' title='bbox 581 2603 768 2690; x_wconf 82' lang='lat' dir='ltr'><strong>prius</strong></span> <span class='ocrx_word' id='word_1_157' title='bbox 809 2622 934 2669; x_wconf 86' lang='lat' dir='ltr'><strong>non</strong></span> <span class='ocrx_word' id='word_1_158' title='bbox 980 2602 1230 2689; x_wconf 84' lang='lat' dir='ltr'><strong>patitur</strong></span> <span class='ocrx_word' id='word_1_159' title='bbox 1276 2603 1637 2681; x_wconf 82' lang='lat' dir='ltr'><strong>sententia,</strong></span> <span class='ocrx_word' id='word_1_160' title='bbox 1683 2601 1958 2669; x_wconf 86' lang='lat' dir='ltr'><strong>alterum</strong></span> <span class='ocrx_word' id='word_1_161' title='bbox 2009 2602 2260 2688; x_wconf 77' lang='lat' dir='ltr'><strong>respuit</strong></span> <span class='ocrx_word' id='word_1_162' title='bbox 2304 2619 2553 2668; x_wconf 88' lang='lat' dir='ltr'><strong>versus.</strong></span> 
     </span>
     <span class='ocr_line' id='line_1_23' title="bbox 139 2704 2555 2796; baseline -0.001 -23"><span class='ocrx_word' id='word_1_163' title='bbox 139 2704 502 2775; x_wconf 58' lang='lat' dir='ltr'><strong>epol-tasse:</strong></span> <span class='ocrx_word' id='word_1_164' title='bbox 575 2707 1200 2775; x_wconf 72' lang='lat' dir='ltr'><strong>ncommanducatur</strong></span> <span class='ocrx_word' id='word_1_165' title='bbox 1244 2709 1500 2796; x_wconf 88' lang='lat' dir='ltr'><strong>corupit</strong></span> <span class='ocrx_word' id='word_1_166' title='bbox 1548 2715 1613 2775; x_wconf 91' lang='lat' dir='ltr'><strong>et</strong></span> <span class='ocrx_word' id='word_1_167' title='bbox 1661 2706 1740 2774; x_wconf 90' lang='lat' dir='ltr'><strong>ad</strong></span> <span class='ocrx_word' id='word_1_168' title='bbox 1791 2706 1988 2772; x_wconf 86' lang='lat' dir='ltr'><strong>incita</strong></span> <span class='ocrx_word' id='word_1_169' title='bbox 2035 2704 2320 2792; x_wconf 89' lang='lat' dir='ltr'><strong>adegit.&#39;’</strong></span> <span class='ocrx_word' id='word_1_170' title='bbox 2369 2704 2555 2786; x_wconf 83' lang='lat' dir='ltr'><strong>Quod</strong></span> 
     </span>
     <span class='ocr_line' id='line_1_24' title="bbox 181 2810 2558 2900; baseline -0 -21"><span class='ocrx_word' id='word_1_171' title='bbox 181 2811 391 2881; x_wconf 86' lang='lat' dir='ltr'><strong>dicunt</strong></span> <span class='ocrx_word' id='word_1_172' title='bbox 451 2812 703 2896; x_wconf 77' lang='grc' dir='ltr'><strong><em>ὕστερον</em></strong></span> <span class='ocrx_word' id='word_1_173' title='bbox 749 2814 1031 2898; x_wconf 64' lang='grc' dir='ltr'><strong>πρότερον</strong></span> <span class='ocrx_word' id='word_1_174' title='bbox 1083 2816 1145 2880; x_wconf 91' lang='lat' dir='ltr'><strong>in</strong></span> <span class='ocrx_word' id='word_1_175' title='bbox 1196 2816 1751 2883; x_wconf 76' lang='lat' dir='ltr'><strong>commanducatur</strong></span> <span class='ocrx_word' id='word_1_176' title='bbox 1795 2813 2035 2900; x_wconf 73' lang='lat' dir='ltr'><strong>compi!</strong></span> <span class='ocrx_word' id='word_1_177' title='bbox 2083 2832 2207 2878; x_wconf 89' lang='lat' dir='ltr'><strong>non</strong></span> <span class='ocrx_word' id='word_1_178' title='bbox 2256 2810 2558 2890; x_wconf 82' lang='lat' dir='ltr'><strong>offendit,</strong></span> 
     </span>
     <span class='ocr_line' id='line_1_25' title="bbox 183 2919 2556 3010; baseline -0.001 -25"><span class='ocrx_word' id='word_1_179' title='bbox 183 2921 470 3005; x_wconf 84' lang='lat' dir='ltr'><strong>quoniam</strong></span> <span class='ocrx_word' id='word_1_180' title='bbox 509 2920 713 2994; x_wconf 87' lang='lat' dir='ltr'><strong>alium</strong></span> <span class='ocrx_word' id='word_1_181' title='bbox 763 2919 1063 3001; x_wconf 81' lang='lat' dir='ltr'><strong>devorat,</strong></span> <span class='ocrx_word' id='word_1_182' title='bbox 1109 2920 1308 2988; x_wconf 87' lang='lat' dir='ltr'><strong>alium</strong></span> <span class='ocrx_word' id='word_1_183' title='bbox 1359 2923 1625 3010; x_wconf 59' lang='lat' dir='ltr'><strong>arn-ipim</strong></span> <span class='ocrx_word' id='word_1_184' title='bbox 1674 2921 1751 2988; x_wconf 92' lang='lat' dir='ltr'><strong>de</strong></span> <span class='ocrx_word' id='word_1_185' title='bbox 1795 2919 2090 3007; x_wconf 87' lang='lat' dir='ltr'><strong>pluribus</strong></span> <span class='ocrx_word' id='word_1_186' title='bbox 2130 2919 2303 2985; x_wconf 89' lang='lat' dir='ltr'><strong>enim</strong></span> <span class='ocrx_word' id='word_1_187' title='bbox 2344 2937 2556 2986; x_wconf 88' lang='lat' dir='ltr'><strong>sermo</strong></span> 
     </span>
     <span class='ocr_line' id='line_1_26' title="bbox 183 3021 2557 3115; baseline 0 -26"><span class='ocrx_word' id='word_1_188' title='bbox 183 3032 288 3090; x_wconf 82' lang='lat' dir='ltr'><strong>est.</strong></span> <span class='ocrx_word' id='word_1_189' title='bbox 346 3027 609 3115; x_wconf 75' lang='lat' dir='ltr'><strong>Compi!</strong></span> <span class='ocrx_word' id='word_1_190' title='bbox 658 3028 865 3113; x_wconf 89' lang='lat' dir='ltr'><strong>prima</strong></span> <span class='ocrx_word' id='word_1_191' title='bbox 912 3037 1247 3115; x_wconf 85' lang='lat' dir='ltr'><strong>correpta,</strong></span> <span class='ocrx_word' id='word_1_192' title='bbox 1294 3036 1368 3095; x_wconf 90' lang='lat' dir='ltr'><strong>ut</strong></span> <span class='ocrx_word' id='word_1_193' title='bbox 1417 3029 1481 3094; x_wconf 87' lang='lat' dir='ltr'><strong>in</strong></span> <span class='ocrx_word' id='word_1_194' title='bbox 1533 3048 1680 3096; x_wconf 73' lang='lat' dir='ltr'><strong>»ore</strong></span> <span class='ocrx_word' id='word_1_195' title='bbox 1729 3024 2045 3113; x_wconf 84' lang='lat' dir='ltr'><strong>corupto’&#39;</strong></span> <span class='ocrx_word' id='word_1_196' title='bbox 2098 3023 2211 3093; x_wconf 84' lang='lat' dir='ltr'><strong>IX.</strong></span> <span class='ocrx_word' id='word_1_197' title='bbox 2272 3031 2339 3104; x_wconf 84' lang='lat'><strong>1,</strong></span> <span class='ocrx_word' id='word_1_198' title='bbox 2388 3021 2557 3110; x_wconf 87' lang='lat' dir='ltr'><strong>quod</strong></span> 
     </span>
     <span class='ocr_line' id='line_1_27' title="bbox 185 3126 2561 3222; baseline 0 -28"><span class='ocrx_word' id='word_1_199' title='bbox 185 3126 412 3200; x_wconf 83' lang='lat' dir='ltr'><strong>diserte</strong></span> <span class='ocrx_word' id='word_1_200' title='bbox 459 3140 753 3200; x_wconf 85' lang='lat' dir='ltr'><strong>testatur</strong></span> <span class='ocrx_word' id='word_1_201' title='bbox 809 3131 1217 3202; x_wconf 75' lang='lat' dir='ltr'><strong>Consentiae.</strong></span> <span class='ocrx_word' id='word_1_202' title='bbox 1312 3134 1441 3201; x_wconf 86' lang='lat' dir='ltr'><strong>Nec</strong></span> <span class='ocrx_word' id='word_1_203' title='bbox 1502 3135 1553 3200; x_wconf 77' lang='lat' dir='ltr'><strong>it</strong></span> <span class='ocrx_word' id='word_1_204' title='bbox 1614 3132 2043 3222; x_wconf 88' lang='lat' dir='ltr'><strong>productum,</strong></span> <span class='ocrx_word' id='word_1_205' title='bbox 2107 3150 2225 3198; x_wconf 87' lang='lat' dir='ltr'><strong>nec</strong></span> <span class='ocrx_word' id='word_1_206' title='bbox 2286 3129 2561 3197; x_wconf 86' lang='lat' dir='ltr'><strong>mutatio</strong></span> 
     </span>
     <span class='ocr_line' id='line_1_28' title="bbox 188 3235 2562 3326; baseline -0 -25"><span class='ocrx_word' id='word_1_207' title='bbox 188 3243 544 3324; x_wconf 82' lang='lat' dir='ltr'><strong>temporum</strong></span> <span class='ocrx_word' id='word_1_208' title='bbox 585 3240 1002 3307; x_wconf 85' lang='lat' dir='ltr'><strong>excusatione</strong></span> <span class='ocrx_word' id='word_1_209' title='bbox 1037 3248 1249 3326; x_wconf 86' lang='lat' dir='ltr'><strong>egent.</strong></span> <span class='ocrx_word' id='word_1_210' title='bbox 1349 3239 1844 3307; x_wconf 72' lang='lat' dir='ltr'><strong>Gomanducatur</strong></span> <span class='ocrx_word' id='word_1_211' title='bbox 1881 3237 2072 3306; x_wconf 81' lang='lat' dir='ltr'><strong>habet</strong></span> <span class='ocrx_word' id='word_1_212' title='bbox 2112 3239 2260 3305; x_wconf 91' lang='lat' dir='ltr'><strong>Par.</strong></span> <span class='ocrx_word' id='word_1_213' title='bbox 2292 3237 2361 3303; x_wconf 89' lang='lat' dir='ltr'><strong>in</strong></span> <span class='ocrx_word' id='word_1_214' title='bbox 2402 3235 2562 3323; x_wconf 86' lang='lat' dir='ltr'><strong>ipsis</strong></span> 
     </span>
     <span class='ocr_line' id='line_1_29' title="bbox 187 3337 1112 3431; baseline 0.008 -26"><span class='ocrx_word' id='word_1_215' title='bbox 187 3337 401 3411; x_wconf 78' lang='lat' dir='ltr'><strong>Lucilii</strong></span> <span class='ocrx_word' id='word_1_216' title='bbox 450 3342 676 3411; x_wconf 82' lang='lat' dir='ltr'><strong>verbis</strong></span> <span class='ocrx_word' id='word_1_217' title='bbox 724 3364 787 3431; x_wconf 91' lang='lat' dir='ltr'><strong>p.</strong></span> <span class='ocrx_word' id='word_1_218' title='bbox 842 3350 995 3412; x_wconf 80' lang='lat'><strong>4¹79.</strong></span> <span class='ocrx_word' id='word_1_219' title='bbox 1046 3350 1112 3412; x_wconf 73' lang='grc' dir='ltr'><strong>ὅ.</strong></span> 
     </span>
    </p>

    <p class='ocr_par' dir='ltr' id='par_1_10' title="bbox 398 3448 2403 3645">
     <span class='ocr_line' id='line_1_30' title="bbox 398 3448 2276 3537; baseline -0.001 -20"><span class='ocrx_word' id='word_1_220' title='bbox 398 3456 510 3517; x_wconf 71' lang='grc'><strong>35.</strong></span> <span class='ocrx_word' id='word_1_221' title='bbox 565 3448 733 3517; x_wconf 87' lang='lat' dir='ltr'><strong>Cum</strong></span> <span class='ocrx_word' id='word_1_222' title='bbox 785 3458 1106 3530; x_wconf 87' lang='lat' dir='ltr'><strong>tecumst‚</strong></span> <span class='ocrx_word' id='word_1_223' title='bbox 1151 3450 1410 3537; x_wconf 78' lang='lat' dir='ltr'><strong>quidvis</strong></span> <span class='ocrx_word' id='word_1_224' title='bbox 1455 3452 1618 3522; x_wconf 85' lang='lat' dir='ltr'><strong>satis</strong></span> <span class='ocrx_word' id='word_1_225' title='bbox 1663 3459 1783 3518; x_wconf 77' lang='lat' dir='ltr'><strong>est.</strong></span> <span class='ocrx_word' id='word_1_226' title='bbox 1832 3450 2035 3517; x_wconf 84' lang='lat' dir='ltr'><strong>visuri</strong></span> <span class='ocrx_word' id='word_1_227' title='bbox 2083 3449 2276 3518; x_wconf 88' lang='lat' dir='ltr'><strong>alieni</strong></span> 
     </span>
     <span class='ocr_line' id='line_1_31' title="bbox 556 3554 2403 3645; baseline 0 -24"><span class='ocrx_word' id='word_1_228' title='bbox 556 3558 683 3622; x_wconf 72' lang='lat' dir='ltr'><strong>sint</strong></span> <span class='ocrx_word' id='word_1_229' title='bbox 731 3555 1057 3635; x_wconf 70' lang='lat' dir='ltr'><strong>homines,</strong></span> <span class='ocrx_word' id='word_1_230' title='bbox 1104 3559 1345 3644; x_wconf 87' lang='lat' dir='ltr'><strong>spiras,</strong></span> <span class='ocrx_word' id='word_1_231' title='bbox 1393 3556 1670 3645; x_wconf 86' lang='lat' dir='ltr'><strong>pallam,</strong></span> <span class='ocrx_word' id='word_1_232' title='bbox 1714 3555 2095 3624; x_wconf 87' lang='lat' dir='ltr'><strong>redimicula</strong></span> <span class='ocrx_word' id='word_1_233' title='bbox 2145 3554 2403 3643; x_wconf 87' lang='lat' dir='ltr'><strong>promit.</strong></span> 
     </span>
    </p>

    <p class='ocr_par' dir='ltr' id='par_1_11' title="bbox 191 3659 2571 4489">
     <span class='ocr_line' id='line_1_32' title="bbox 268 3659 2561 3750; baseline -0.001 -22"><span class='ocrx_word' id='word_1_234' title='bbox 268 3660 768 3729; x_wconf 85' lang='lat' dir='ltr'><strong>Coniunctivum</strong></span> <span class='ocrx_word' id='word_1_235' title='bbox 838 3662 941 3729; x_wconf 86' lang='lat' dir='ltr'><strong>hic</strong></span> <span class='ocrx_word' id='word_1_236' title='bbox 999 3671 1137 3729; x_wconf 81' lang='lat' dir='ltr'><strong>‘non</strong></span> <span class='ocrx_word' id='word_1_237' title='bbox 1203 3672 1425 3750; x_wconf 87' lang='lat' dir='ltr'><strong>aptum</strong></span> <span class='ocrx_word' id='word_1_238' title='bbox 1494 3683 1635 3730; x_wconf 82' lang='lat' dir='ltr'><strong>esse</strong></span> <span class='ocrx_word' id='word_1_239' title='bbox 1698 3662 2019 3729; x_wconf 88' lang='lat' dir='ltr'><strong>docebunt</strong></span> <span class='ocrx_word' id='word_1_240' title='bbox 2081 3661 2148 3732; x_wconf 84' lang='lat' dir='ltr'><strong>bi</strong></span> <span class='ocrx_word' id='word_1_241' title='bbox 2192 3660 2351 3727; x_wconf 81' lang='lat' dir='ltr'><strong>loci:</strong></span> <span class='ocrx_word' id='word_1_242' title='bbox 2408 3659 2561 3727; x_wconf 82' lang='lat' dir='ltr'><strong>Hor.</strong></span> 
     </span>
     <span class='ocr_line' id='line_1_33' title="bbox 192 3762 2560 3856; baseline 0 -24"><span class='ocrx_word' id='word_1_243' title='bbox 192 3762 382 3853; x_wconf 74' lang='lat' dir='ltr'><strong>Epist.</strong></span> <span class='ocrx_word' id='word_1_244' title='bbox 445 3768 501 3837; x_wconf 90' lang='lat'><strong>1.</strong></span> <span class='ocrx_word' id='word_1_245' title='bbox 587 3776 639 3836; x_wconf 88' lang='lat'><strong>1.</strong></span> <span class='ocrx_word' id='word_1_246' title='bbox 711 3772 833 3835; x_wconf 82' lang='lat'><strong>28:</strong></span> <span class='ocrx_word' id='word_1_247' title='bbox 906 3768 1082 3836; x_wconf 81' lang='lat' dir='ltr'><strong>»Non</strong></span> <span class='ocrx_word' id='word_1_248' title='bbox 1134 3770 1341 3852; x_wconf 83' lang='lat' dir='ltr'><strong>possis</strong></span> <span class='ocrx_word' id='word_1_249' title='bbox 1388 3769 1573 3836; x_wconf 86' lang='lat' dir='ltr'><strong>oculo</strong></span> <span class='ocrx_word' id='word_1_250' title='bbox 1620 3769 2016 3856; x_wconf 84' lang='lat' dir='ltr'><strong>quantum”‚</strong></span> <span class='ocrx_word' id='word_1_251' title='bbox 2064 3767 2203 3835; x_wconf 89' lang='lat' dir='ltr'><strong>rell.</strong></span> <span class='ocrx_word' id='word_1_252' title='bbox 2253 3765 2395 3833; x_wconf 83' lang='lat' dir='ltr'><strong>Tib.</strong></span> <span class='ocrx_word' id='word_1_253' title='bbox 2448 3764 2560 3833; x_wconf 90' lang='lat' dir='ltr'><strong>lV.</strong></span> 
     </span>
     <span class='ocr_line' id='line_1_34' title="bbox 199 3872 2564 3959; baseline 0.001 -21"><span class='ocrx_word' id='word_1_254' title='bbox 199 3874 250 3938; x_wconf 88' lang='lat'><strong>1.</strong></span> <span class='ocrx_word' id='word_1_255' title='bbox 292 3877 454 3943; x_wconf 78' lang='lat'>113:</span> <span class='ocrx_word' id='word_1_256' title='bbox 502 3874 817 3941; x_wconf 73' lang='lat' dir='ltr'><strong>»Centum</strong></span> <span class='ocrx_word' id='word_1_257' title='bbox 860 3872 1167 3941; x_wconf 77' lang='lat' dir='ltr'><strong>fecundos</strong></span> <span class='ocrx_word' id='word_1_258' title='bbox 1203 3874 1396 3941; x_wconf 84' lang='lat' dir='ltr'><strong>Titan</strong></span> <span class='ocrx_word' id='word_1_259' title='bbox 1431 3876 1837 3941; x_wconf 83' lang='lat' dir='ltr'><strong>renovaverit</strong></span> <span class='ocrx_word' id='word_1_260' title='bbox 1876 3892 2120 3953; x_wconf 84' lang='lat' dir='ltr'><strong>annos,</strong></span> <span class='ocrx_word' id='word_1_261' title='bbox 2167 3873 2310 3959; x_wconf 82' lang='lat' dir='ltr'><strong>lpse</strong></span> <span class='ocrx_word' id='word_1_262' title='bbox 2348 3881 2564 3940; x_wconf 85' lang='lat' dir='ltr'><strong>tamen</strong></span> 
     </span>
     <span class='ocr_line' id='line_1_35' title="bbox 192 3977 2571 4068; baseline 0.002 -29"><span class='ocrx_word' id='word_1_263' title='bbox 192 3977 361 4044; x_wconf 76' lang='lat' dir='ltr'><strong>velox</strong></span> <span class='ocrx_word' id='word_1_264' title='bbox 423 3978 704 4047; x_wconf 80' lang='lat' dir='ltr'><strong>celerem</strong></span> <span class='ocrx_word' id='word_1_265' title='bbox 763 4000 969 4068; x_wconf 56' lang='lat' dir='ltr'><strong>&gt;super</strong></span> <span class='ocrx_word' id='word_1_266' title='bbox 1027 3979 1218 4048; x_wconf 89' lang='lat' dir='ltr'><strong>edere</strong></span> <span class='ocrx_word' id='word_1_267' title='bbox 1265 3999 1501 4068; x_wconf 84' lang='lat' dir='ltr'><strong>corpus</strong></span> <span class='ocrx_word' id='word_1_268' title='bbox 1543 3979 1794 4047; x_wconf 88' lang='lat' dir='ltr'><strong>Gaudet</strong></span> <span class='ocrx_word' id='word_1_269' title='bbox 1840 3981 2163 4066; x_wconf 85' lang='lat' dir='ltr'><strong>equnm”:</strong></span> <span class='ocrx_word' id='word_1_270' title='bbox 2220 3977 2330 4045; x_wconf 87' lang='lat' dir='ltr'><strong>ubi</strong></span> <span class='ocrx_word' id='word_1_271' title='bbox 2378 3979 2435 4044; x_wconf 71' lang='lat' dir='ltr'><strong>si</strong></span> <span class='ocrx_word' id='word_1_272' title='bbox 2479 4003 2571 4044; x_wconf 86' lang='lat'>=</span> 
     </span>
     <span class='ocr_line' id='line_1_36' title="bbox 191 4082 2566 4175; baseline 0.001 -27"><span class='ocrx_word' id='word_1_273' title='bbox 191 4082 480 4165; x_wconf 78' lang='lat' dir='ltr'><strong>etiamsi,</strong></span> <span class='ocrx_word' id='word_1_274' title='bbox 528 4084 610 4153; x_wconf 85' lang='lat' dir='ltr'><strong>de</strong></span> <span class='ocrx_word' id='word_1_275' title='bbox 655 4086 1032 4154; x_wconf 85' lang='lat' dir='ltr'><strong>condicione</strong></span> <span class='ocrx_word' id='word_1_276' title='bbox 1079 4106 1204 4154; x_wconf 87' lang='lat' dir='ltr'><strong>non</strong></span> <span class='ocrx_word' id='word_1_277' title='bbox 1252 4086 1605 4175; x_wconf 82' lang='lat' dir='ltr'><strong>probabili,</strong></span> <span class='ocrx_word' id='word_1_278' title='bbox 1652 4093 1963 4172; x_wconf 85' lang='lat' dir='ltr'><strong>sequente</strong></span> <span class='ocrx_word' id='word_1_279' title='bbox 2005 4085 2365 4171; x_wconf 88' lang='lat' dir='ltr'><strong>negatione.</strong></span> <span class='ocrx_word' id='word_1_280' title='bbox 2435 4082 2566 4151; x_wconf 84' lang='lat' dir='ltr'><strong>Cic.</strong></span> 
     </span>
     <span class='ocr_line' id='line_1_37' title="bbox 199 4184 2568 4280; baseline 0.001 -28"><span class='ocrx_word' id='word_1_281' title='bbox 199 4184 371 4257; x_wconf 84' lang='lat' dir='ltr'><strong>Verr.</strong></span> <span class='ocrx_word' id='word_1_282' title='bbox 426 4191 546 4259; x_wconf 87' lang='lat'><strong>111.</strong></span> <span class='ocrx_word' id='word_1_283' title='bbox 596 4197 673 4259; x_wconf 77' lang='lat'><strong>4:</strong></span> <span class='ocrx_word' id='word_1_284' title='bbox 728 4194 1017 4262; x_wconf 74' lang='lat' dir='ltr'><strong>»Furem</strong></span> <span class='ocrx_word' id='word_1_285' title='bbox 1055 4190 1335 4279; x_wconf 87' lang='lat' dir='ltr'><strong>aliquem</strong></span> <span class='ocrx_word' id='word_1_286' title='bbox 1384 4202 1501 4259; x_wconf 88' lang='lat' dir='ltr'><strong>aut</strong></span> <span class='ocrx_word' id='word_1_287' title='bbox 1547 4211 1844 4280; x_wconf 84' lang='lat' dir='ltr'><strong>rapacem</strong></span> <span class='ocrx_word' id='word_1_288' title='bbox 1898 4192 2260 4258; x_wconf 84' lang='lat' dir='ltr'><strong>accusaris:</strong></span> <span class='ocrx_word' id='word_1_289' title='bbox 2309 4187 2568 4256; x_wconf 82' lang='lat' dir='ltr'><strong>vitanda</strong></span> 
     </span>
     <span class='ocr_line' id='line_1_38' title="bbox 202 4292 2571 4386; baseline 0.001 -29"><span class='ocrx_word' id='word_1_290' title='bbox 202 4292 309 4361; x_wconf 80' lang='lat' dir='ltr'><strong>tibi</strong></span> <span class='ocrx_word' id='word_1_291' title='bbox 358 4317 620 4386; x_wconf 87' lang='lat' dir='ltr'><strong>semper</strong></span> <span class='ocrx_word' id='word_1_292' title='bbox 680 4300 804 4365; x_wconf 86' lang='lat' dir='ltr'><strong>erit</strong></span> <span class='ocrx_word' id='word_1_293' title='bbox 862 4301 1075 4366; x_wconf 87' lang='lat' dir='ltr'><strong>omnis</strong></span> <span class='ocrx_word' id='word_1_294' title='bbox 1140 4299 1453 4366; x_wconf 83' lang='lat' dir='ltr'><strong>avaritiae</strong></span> <span class='ocrx_word' id='word_1_295' title='bbox 1515 4297 1812 4385; x_wconf 89' lang='lat' dir='ltr'><strong>suspitio.</strong></span> <span class='ocrx_word' id='word_1_296' title='bbox 1921 4295 2278 4364; x_wconf 81' lang='lat' dir='ltr'><strong>Maleficum</strong></span> <span class='ocrx_word' id='word_1_297' title='bbox 2342 4313 2571 4382; x_wconf 87' lang='lat' dir='ltr'><strong>quem-</strong></span> 
     </span>
     <span class='ocr_line' id='line_1_39' title="bbox 203 4398 2568 4489; baseline -0.001 -24"><span class='ocrx_word' id='word_1_298' title='bbox 203 4398 363 4484; x_wconf 84' lang='lat' dir='ltr'><strong>piam</strong></span> <span class='ocrx_word' id='word_1_299' title='bbox 426 4402 777 4474; x_wconf 80' lang='lat' dir='ltr'><strong>adduxeris</strong></span> <span class='ocrx_word' id='word_1_300' title='bbox 836 4416 948 4480; x_wconf 81' lang='lat' dir='ltr'><strong>aut</strong></span> <span class='ocrx_word' id='word_1_301' title='bbox 1011 4403 1376 4473; x_wconf 87' lang='lat' dir='ltr'><strong>crudelem:</strong></span> <span class='ocrx_word' id='word_1_302' title='bbox 1441 4403 1800 4472; x_wconf 83' lang='lat' dir='ltr'><strong>cavendnm</strong></span> <span class='ocrx_word' id='word_1_303' title='bbox 1848 4403 1976 4470; x_wconf 88' lang='lat' dir='ltr'><strong>erit</strong></span> <span class='ocrx_word' id='word_1_304' title='bbox 2022 4420 2277 4489; x_wconf 84' lang='lat' dir='ltr'><strong>semper</strong></span> <span class='ocrx_word' id='word_1_305' title='bbox 2322 4417 2401 4466; x_wconf 90' lang='lat' dir='ltr'><strong>ne</strong></span> <span class='ocrx_word' id='word_1_306' title='bbox 2444 4416 2568 4484; x_wconf 87' lang='lat' dir='ltr'><strong>qua</strong></span> 
     </span>
    </p>
   </div>
   <div class='ocr_carea' id='block_1_3' title="bbox 2849 9 2852 535">
    <p class='ocr_par' dir='ltr' id='par_1_12' title="bbox 2849 9 2852 535">
     <span class='ocr_line' id='line_1_40' title="bbox 2849 9 2852 535; baseline 0 0"><span class='ocrx_word' id='word_1_307' title='bbox 2849 9 2852 535; x_wconf 95' lang='lat' dir='ltr'><strong> </strong></span> 
     </span>
    </p>
   </div>
  </div>
 </body>
</html>
