2934 5050
425 322 570 380 ⁴2⁶
1258 295 1649 349 cfflml'ssn
1707 295 1943 339 ΜΤΙΠΔ.

609 501 724 548 nec
769 477 984 542 facere
1031 479 1098 534 nt
1143 468 1397 550 possent
1441 461 1794 547 quiequam
1843 480 1961 527 nec
2006 458 2228 526 cedere
2283 474 2648 549 quoquam
2700 483 2709 490 ·

417 585 528 648 ubi
579 595 790 648 tamen
834 575 1047 640 cedere
1085 575 1183 635 est
1228 565 1551 643 incedere,
1597 566 1724 642 ire,
1774 574 2016 647 χωρεῖν.

508 676 934 749 statuendum
972 680 1070 737 est
1117 671 1332 757 potius
1373 669 1590 735 cedere
1634 668 1757 734 boc
1803 689 1998 735 sensu
2040 668 2185 755 poni
2232 664 2411 753 apud
2455 661 2603 730 solos
2636 677 2731 726 an·

417 787 760 871 nquiorem
825 775 994 842 nude
1056 784 1440 861 sequeretur
1496 773 1834 840 Heinsium
1883 775 2026 841 iure
2071 780 2364 838 mutasse
2408 769 2603 835 locum
2642 763 2734 830 Ho-

413 891 780 959 ratianum,
827 881 954 946 nisi
1002 879 1126 946 alia
1179 900 1286 946 res
1333 886 1607 946 vetaret.
1678 878 1924 966 Nempe
1970 879 2187 965 gravis
2222 897 2329 943 me
2371 882 2539 941 tenet
2573 866 2739 957 suspi-

412 993 514 1058 cio
572 987 729 1054 baec
792 986 930 1072 ipsa
993 984 1188 1051 verba
1253 993 1368 1051 aut
1431 982 1662 1049 saltem
1726 992 1979 1070 partem
2040 1002 2298 1049 eorum:
2362 978 2666 1046 deu-alm
2698 984 2743 1039 οι

412 1112 676 1167 netu,
740 1109 978 1155 sitinus
1039 1109 1166 1175 qua
1223 1090 1488 1175 quisque
1541 1109 1660 1173 per
1716 1108 1829 1153 ora
1890 1087 2129 1155 cederet
2187 1104 2521 1152 mnonstm
2574 1096 2749 1147 ‘tuum

414 1196 750 1265 Horatium
816 1204 1192 1260 mutuatum
1254 1212 1396 1260 esse
1458 1212 1496 1259 a
1560 1191 1843 1274 Lucilio,
1908 1191 1989 1259 de
2055 1211 2186 1279 quo
2245 1191 2409 1257 haec
2462 1188 2750 1254 dicuntur.
2838 1233 2839 1282 ¹

409 1302 570 1371 Nam
633 1298 895 1366 aliunde
951 1318 1028 1364 ea
1086 1299 1286 1384 petita
1341 1316 1487 1363 esse
1532 1304 1802 1384 apparet
1846 1296 1983 1364 fere
2026 1317 2105 1363 ex
2153 1296 2349 1363 huius
2398 1294 2519 1360 loci
2564 1287 2754 1357 simili·

411 1404 636 1474 tudine
677 1424 828 1470 cum
878 1401 1123 1480 altero,
1173 1402 1285 1489 qui
1333 1400 1575 1488 legitur
1622 1402 1832 1489 Epist.
1882 1402 1953 1481 Ι,
2009 1407 2127 1480 16,
2177 1408 2261 1469 45
2308 1417 2625 1488 quemque
2664 1392 2758 1460 mi·
2840 1393 2841 1420 ¹

420 1529 532 1578 ror
569 1529 616 1575 a
663 1506 1134 1575 recentioribus
1183 1505 1649 1593 interpretibus
1701 1507 1920 1574 omnia
1963 1508 2162 1574 etiam
2209 1504 2600 1573 alienissima
2639 1517 2761 1567 con·

416 1613 796 1701 gerentibus
843 1632 969 1679 non
1016 1611 1255 1678 afferri.
1326 1609 1733 1678 Laudaverat
1769 1620 2027 1689 autem,
2078 1620 2151 1678 ut
2189 1631 2364 1678 nunc
2402 1608 2622 1686 video,
2656 1606 2760 1671 iam

417 1717 770 1786 Lambinus
813 1718 910 1784 sie
954 1716 1331 1783 habentem:

687 1819 803 1890 sed
853 1821 1024 1890 videt
1073 1822 1250 1888 hunc
1295 1823 1509 1887 omnis
1556 1822 1789 1889 domus
1835 1829 1902 1889 et
1946 1822 2186 1888 vicinia
2226 1828 2358 1887 tota
2384 1870 2405 1900 ,

690 1947 1015 1995 iuramus
1060 1946 1300 1993 ruam
1346 1928 1710 2012 speciosum
1760 1948 1945 1993 rrae
1990 1925 2243 1993 decora.

510 2028 650 2097 Nisi
714 2030 935 2110 fallor,
1000 2030 1156 2098 olim
1213 2030 1503 2096 Lucilius
1565 2034 1633 2096 in
1692 2030 1926 2097 Satiris
1972 2030 2095 2096 hoc
2139 2029 2242 2095 bis
2288 2028 2425 2097 sere
2470 2026 2672 2096 verbis
2706 2023 2769 2089 (lo

426 2157 565 2204 sese
612 2136 1137 2224 praedicaverat,
1185 2156 1252 2201 se
1285 2135 1655 2201 simulatam
1697 2135 2105 2221 quorundam
2133 2134 2468 2201 bominum
2498 2135 2769 2200 virtutem

430 2241 731 2307 invadere
761 2290 778 2317 ,
865 2247 932 2306 et
1008 2240 1234 2326 quales
1311 2259 1536 2307 revera
1613 2250 1831 2306 essent
1893 2240 2230 2307 ostendere
2297 2240 2549 2327 populo.
2627 2236 2770 2317 Quae

427 2347 797 2412 coniectura
861 2346 916 2410 si
985 2366 1129 2411 vera
1195 2355 1325 2420 est,
1390 2344 1793 2430 intellegitur
1856 2365 1979 2410 non
2028 2342 2107 2412 de
2155 2343 2355 2410 nihilo
2400 2364 2577 2422 esse,
2630 2335 2771 2428 quod

426 2457 732 2536 appareat
824 2448 941 2515 hoc
1023 2449 1161 2516 loco
1244 2450 1447 2515 forma
1536 2449 1860 2517 arcbaica.
1974 2449 2070 2516 Ad
2149 2450 2353 2538 ipsam
2418 2449 2772 2516 locutionem

430 2554 598 2640 quod
653 2554 918 2633 attinet,
989 2555 1341 2622 Lambinus
1388 2555 1538 2621 olim
1589 2555 1865 2621 contulit
1933 2556 2213 2622 Platonis
2260 2556 2474 2622 locum
2524 2555 2602 2621 de
2646 2553 2773 2636 nep.

430 2658 524 2734 Π,
565 2679 629 2746 p.
687 2664 815 2725 565
854 2681 925 2727 c:
975 2662 1180 2727 οὐκοῦν
1229 2661 1438 2736 ἐπειδὴ
1486 2661 1557 2726 τὸ
1602 2661 1902 2727 δοκεῒν-
1930 2661 2035 2725 καὶ
2075 2659 2386 2737 ἀλήθειαν
2428 2661 2653 2740 βιᾶται
2691 2654 2776 2722 καὶ

430 2761 627 2845 κύριόν
665 2765 790 2833 ἑςιν
834 2766 1223 2843 εὐδαιμονίας
1248 2815 1266 2843 ,
1316 2766 1417 2830 ἐπὶ
1456 2770 1637 2831 τοῦτο
1683 2765 1754 2839 331
1800 2766 2091 2846 τρεπτέον
2134 2763 2325 2842 ὅλως,
2371 2764 2649 2846 πρόθυρα
2684 2762 2779 2841 μὴ

435 2870 540 2936 καὶ
589 2878 816 2950 σχῆμα
863 2871 1068 2952 κύκλῳ
1114 2869 1249 2951 περὶ
1297 2870 1569 2947 ἐμαυτὸν
1615 2872 2052 2952 σκιαγραφίαν
2088 2872 2311 2951 αρετῆς
2334 2866 2781 2951 περιγραπτέον,

435 2975 545 3048 τὴν
605 2975 669 3040 δὲ
725 2979 834 3040 τοῦ
897 2974 1264 3057 σοφωτάτου
1327 2976 1708 3056 Ἀρχιλόχου
1776 2977 2079 3042 α’λώπειια
2145 2976 2393 3041 ἑλκτέον
2452 2971 2781 3052 ἐξόπισθεν.

439 3077 777 3159 κερδαλέαν
822 3080 926 3145 καὶ
974 3081 1288 3157 ποικίλην,
1334 3097 1615 3165 eumque
1664 3083 2087 3156 recentiores,
2138 3088 2210 3146 ut
2257 3079 2550 3164 videtur,
2604 3073 2783 3145 secuti

435 3188 591 3247 sunt
635 3181 1042 3269 interpretes.
1133 3187 1215 3250 At
1264 3183 1477 3249 sabula
1526 3182 1634 3249 illa
1676 3182 2123 3251 Arcbilocbica
2164 3183 2243 3251 de
2272 3185 2493 3273 aquila
2530 3194 2595 3251 et
2626 3181 2785 3266 vulpe

437 3284 645 3370 deque
691 3285 877 3372 vulpe
924 3297 990 3354 et
1035 3288 1221 3353 simia
1269 3286 1385 3376 (Cf.
1439 3287 1670 3375 Bergk.
1721 3288 1874 3377 Lyr.
1925 3287 2025 3355 ed.
2074 3288 2164 3354 111
2212 3309 2275 3376 p.
2327 3294 2458 3355 706
2498 3290 2625 3375 sq.)
2654 3304 2785 3373 quo-

440 3388 629 3457 modo
688 3390 936 3458 interna
993 3391 1111 3458 illa
1159 3392 1477 3477 turpitudo
1516 3393 1830 3480 pellisque
1872 3394 2093 3461 decora
2135 3392 2505 3461 illustretur
2548 3408 2786 3481 prorsus

440 3516 565 3562 uon
616 3494 941 3582 intellego.
1008 3497 1144 3582 Ego
1187 3499 1400 3583 potius
1446 3496 1526 3564 de
1562 3498 1848 3564 Cumano
1884 3502 2067 3564 asino
2090 3500 2549 3585 cogitaverim,
2585 3498 2788 3583 dequo

440 3601 586 3667 vide
652 3621 817 3688 quae
880 3602 1104 3669 scribit
1168 3603 1467 3669 Lucrinus
1529 3604 1596 3668 iu
1654 3602 1973 3670 Piscator-e
2017 3623 2159 3690 cap.
2210 3608 2333 3670 32:
2378 3609 2666 3673 Τοιαῦτα
2701 3599 2786 3666 καὶ

443 3708 609 3786 ὑμᾶς
672 3707 1045 3788 πάσχοντας
1107 3708 1212 3773 ὑπ’
1275 3708 1513 3774 ἐκείνων
1574 3707 1739 3794 (scil.
1803 3728 1841 3774 a
1901 3707 2079 3775 salsis
2140 3706 2268 3774 illis
2318 3708 2701 3796 philosophis
2734 3712 2788 3771 et

444 3810 825 3895 aretalogiS,
876 3813 988 3899 qui
1036 3812 1261 3878 Curios
1309 3811 1620 3878 simulant
1666 3827 1730 3878 et
1780 3812 2197 3879 Bacchanalia
2235 3812 2491 3904 vivunt)
2540 3811 2787 3894 ὃρῶνοῦι

443 3918 680 3995 ἤνεγκα
728 3919 839 3993 τὴν
886 3919 1188 3997 αἰσχύνην
1234 3929 1345 3993 τῆς
1394 3920 1790 3997 ὑποκρίσεως,
1850 3920 1905 3983 εἱ
1952 3917 2201 3992 πίθηκοι
2248 3918 2418 3992 ὄντες
2464 3920 2789 3996 ἐτόλμησαν

444 4023 637 4101 ἧρώων
688 4030 809 4093 (sc.
864 4042 1318 4106 germanorum
1371 4021 1925 4109 philosophorum,
1974 4033 2042 4090 ut
2092 4023 2409 4101 Platonis,
2457 4018 2786 4089 Aristotelis

447 4123 808 4211 horumque
833 4125 1173 4214 similium)
1202 4138 1552 4208 προσωπεῖα
1576 4127 1948 4211 περιθέσθαι
1995 4129 2031 4206 ἢ
2078 4133 2209 4196 τὸν
2257 4130 2331 4195 ἐν
2380 4128 2606 4213 Κύμη
2646 4126 2785 4192 ὄνον

445 4231 726 4317 (turpem
772 4229 1072 4318 bestiam)
1113 4232 1696 4313 μιμήσασθαι,
1747 4226 1822 4309 ὃς
1870 4241 2202 4309 λεοντῆν
2251 4234 2445 4322 (quae
2490 4243 2589 4300 est
2632 4228 2783 4318 pellis

443 4353 597 4401 saue
660 4332 951 4423 decoral)
1021 4337 1698 4418 περιβαλόμενος
1763 4338 1987 4417 ἠξίου
2051 4339 2250 4406 λέων
2313 4339 2559 4413 αὐτὸς
2603 4333 2781 4401 eim
