2934 5050
324 282 409 346 10
1305 298 1712 347 namma

309 470 441 536 τὰσ
490 470 685 551 δόξαν
730 452 1355 550 ἕπηιυέῇἷκαμευ.
1454 472 1705 538 Diserte
1751 493 1811 546 ne
1849 471 2168 556 scriptum
2217 489 2360 537 ense
2403 475 2471 536 el.
2510 492 2561 548 y
2619 475 2697 533 ut

312 576 811 662 expungendum
856 587 1094 666 puncto
1138 587 1429 644 notatum
1475 576 1631 642 vidi.
1687 577 1909 663 ltaque
1947 574 2360 655 ἐπῃνέκαμεν
2398 576 2526 643 iam
2570 594 2696 640 non

313 692 409 748 est
463 702 603 749 mea
650 686 969 771 suspicio,
1034 682 1146 750 sed
1212 684 1406 749 unius
1451 683 1746 751 onmium
1809 682 2038 770 optimi
2092 679 2346 747 Codicis
2407 689 2587 749 certa
2633 687 2699 747 et

312 786 640 875 explorata
679 788 889 856 lectio.
940 789 1213 855 Admitti
1251 809 1407 875 ergo
1442 808 1652 863 nunc,
1689 807 1917 875 spero,
1952 787 2210 874 poterit.
2256 784 2438 867 Quod
2473 794 2694 853 autem

313 891 674 979 Hadvigius
720 894 766 961 Ι.
807 894 851 961 Ι.
894 895 1127 962 bellum
1170 915 1425 962 mecum
1470 894 1764 960 homines
1807 891 2118 979 quosdam
2158 890 2424 970 doctoS,
2472 891 2585 977 qui
2630 891 2695 955 in

314 996 658 1066 Germania
702 1010 889 1079 sunt,
926 1020 1154 1086 gerere
1194 1008 1453 1076 narrat,
1501 1000 1583 1067 de
1618 1020 1694 1066 eo
1731 998 1889 1086 quid
1929 997 2142 1065 dicam
2187 999 2427 1065 nescio.
2497 997 2694 1084 Equi·

314 1102 461 1170 dem
500 1124 650 1171 cum
701 1106 1033 1173 erroribus
1070 1117 1137 1172 et
1174 1107 1387 1182 vitiis,
1431 1127 1553 1170 nou
1596 1125 1748 1172 cum
1791 1104 2195 1180 bominibus,
2237 1123 2393 1189 gero
2433 1102 2696 1169 bellum.

317 1208 385 1275 Si
434 1212 582 1296 quis
629 1231 731 1278 me
775 1222 1101 1279 errantem
1148 1211 1371 1289 docte,
1432 1221 1624 1278 acute
1670 1220 1734 1277 et
1790 1210 2122 1294 ingeniose
2167 1208 2435 1285 refellit,
2497 1207 2693 1274 etiam

316 1314 375 1380 si
426 1315 635 1401 paullo
680 1319 901 1384 acrius
945 1328 1007 1383 et
1050 1319 1345 1406 asperius
1384 1337 1640 1384 mecum
1685 1319 1854 1402 agit,
1897 1324 2150 1382 tantum
2199 1313 2381 1380 abest
2425 1321 2495 1379 ut
2535 1311 2696 1378 mihi

318 1419 484 1487 iram
542 1433 829 1504 moveat,
895 1432 965 1489 ut
1027 1444 1177 1491 eum
1227 1422 1488 1511 probem
1557 1422 1765 1507 magis
1815 1430 1882 1487 et
1927 1420 2191 1507 diligam
2258 1428 2325 1486 et
2388 1417 2695 1484 admirer.

318 1524 467 1591 Scio
529 1547 630 1594 me
674 1548 928 1616 qnoque
982 1549 1123 1596 esse
1178 1532 1241 1594 in
1308 1526 1832 1616 reprehendendo
1895 1526 2110 1614 paullo
2171 1526 2532 1601 acriorem.
2583 1521 2695 1591 sed

318 1629 384 1697 id
427 1652 530 1699 me
566 1634 839 1701 candide
879 1636 1043 1702 citra
1094 1636 1401 1702 iuvidiam
1440 1644 1508 1701 et
1545 1633 1766 1700 odium
1809 1630 2021 1699 lacere
2057 1641 2121 1699 et
2168 1650 2423 1717 semper
2462 1628 2693 1698 fecisse

322 1735 441 1805 boc
486 1759 742 1827 quoque
788 1743 944 1808 scio.
1039 1741 1107 1807 Si
1153 1743 1299 1828 quis
1344 1749 1572 1806 contra
1621 1738 1985 1826 petulanter
2029 1746 2093 1805 et
2137 1745 2433 1825 proterve
2482 1736 2549 1800 in
2594 1753 2699 1802 me

319 1845 597 1925 arietat,
668 1866 747 1913 ne
810 1847 866 1914 is
912 1845 1172 1934 quidem
1240 1847 1400 1912 mibi
1465 1847 1630 1912 iram
1686 1853 1893 1911 movet
1957 1843 2067 1909 sed
2129 1844 2376 1921 risum,
2436 1849 2504 1908 et
2553 1860 2700 1908 mox

320 1942 685 2019 obliviscor.
763 1952 984 2040 Neque
1022 1974 1141 2040 ego
1185 1952 1468 2019 arbitror
1506 1950 1790 2018 cordatis
1834 1951 1898 2015 in
1939 1949 2283 2017 Germania
2334 1946 2703 2014 hominibus

326 2054 515 2122 istam
562 2059 927 2139 μειρακιώδη
977 2058 1398 2147 petulantiam
1446 2056 1577 2125 ullo
1625 2055 1813 2123 modo
1853 2053 2126 2143 placere.
2223 2053 2303 2121 Ut
2350 2051 2551 2120 semel
2594 2050 2701 2119 de-

322 2156 559 2247 fungar
603 2164 1122 2231 commemorabo
1168 2184 1411 2241 unum,
1459 2162 1632 2250 quod
1683 2161 1845 2228 mihi
1903 2171 2054 2228 ante
2102 2158 2218 2227 bos
2280 2179 2518 2246 paucos
2564 2156 2704 2226 dies

323 2262 609 2333 oblatum
658 2278 779 2336 est.
879 2270 950 2336 ln
1002 2267 1428 2358 premeride
1475 2267 1860 2354 philologica
1887 2316 1905 2346 ‚
1971 2267 2079 2333 cui
2129 2285 2361 2332 nomen
2412 2263 2704 2330 Philolo-

324 2369 574 2456 qisclaer
618 2376 972 2462 Anzciqer,
1041 2373 1232 2443 bomo
1275 2374 1506 2442 doctus
1556 2394 1634 2441 ne
1680 2374 1942 2440 nomine
1986 2370 2249 2458 quidem
2302 2369 2460 2437 mibi
2512 2379 2704 2435 notus

323 2474 405 2542 de
445 2476 977 2549 Sommerbrodtii
1023 2482 1361 2549 Lucianeis
1399 2480 1714 2549 iudicium
1757 2476 1970 2546 ferens
2020 2497 2166 2567 pag.
2195 2481 2320 2544 497
2349 2475 2429 2544 de
2486 2494 2589 2544 me
2626 2493 2703 2543 ea

324 2582 489 2649 dixit
531 2604 699 2671 quae
746 2587 912 2654 inl'ra
960 2590 1201 2676 scripta
1250 2598 1401 2654 sunt
1432 2588 1508 2676 ¹).

416 2687 725 2776 Lepidum
774 2692 1097 2761 bominem
1124 2745 1142 2773 ‚
1179 2693 1419 2760 dixerit
1459 2691 1732 2779 aliquis:
1773 2690 1942 2778 quod
1984 2710 2207 2757 omnes
2250 2690 2315 2755 in
2357 2687 2704 2756 Germania

328 2793 680 2882 philologos
703 2796 948 2865 dudum
978 2800 1170 2888 probe
1195 2800 1364 2867 scire
1391 2806 1614 2864 narrat
1641 2817 1846 2884 neque
1875 2806 1936 2864 te
1961 2795 2222 2863 doctore
2245 2803 2360 2861 aut
2388 2794 2705 2860 monitore

326 2899 657 2988 indigere,
707 2905 770 2970 id
821 2906 1029 2992 ipsum
1082 2904 1454 2993 popularem
1504 2922 1696 2969 suum
1753 2904 2053 2990 queritur
2111 2900 2360 2967 nescire
2399 2909 2465 2967 et
2504 2898 2705 2965 libros

328 3004 518 3073 affert
569 3008 737 3076 unde
781 3010 1012 3078 discat.
1106 3012 1511 3098 Quamquam
1556 3007 1619 3074 id
1664 3010 1912 3076 nescire
1961 3027 2084 3073 non
2137 3007 2384 3093 potuit,
2429 3022 2705 3091 namque

330 3110 393 3178 id
444 3120 513 3179 tu
553 3133 701 3180 eum
744 3114 966 3182 sedulo
1011 3126 1076 3183 et
1124 3117 1348 3185 multis
1389 3114 1701 3203 exemplis
1740 3112 2043 3179 docuisti.
2117 3111 2417 3178 Fortasse
2462 3108 2706 3175 oblitus

327 3225 446 3284 est.
502 3217 708 3286 Simul
735 3218 1012 3287 docuisti
1042 3222 1323 3288 Platonis
1349 3221 1561 3287 lo'cum
1587 3228 1967 3306 corruptum
1995 3238 2031 3284 e
2060 3217 2340 3284 Luciano
2373 3214 2704 3282 emendari

327 3331 659 3410 oportere,
723 3334 792 3392 at
854 3324 958 3392 ille
1017 3337 1243 3394 contra
1307 3327 1579 3392 Luciaui
1645 3325 1858 3391 locum
1929 3326 2253 3409 integrum
2318 3341 2395 3389 ex
2444 3319 2710 3387 Platone

328 3430 639 3516 corrupit.
713 3429 1013 3500 Fortasse
1070 3451 1192 3499 non
1259 3430 1595 3498 intellexit.
1667 3429 1719 3499 Ο
1774 3427 2081 3496 indociles
2126 3427 2476 3515 discipulos
2527 3423 2705 3493 tuosl

331 3532 455 3600 Sed
502 3545 684 3601 extra
750 3536 985 3605 iocum.
1082 3536 1241 3619 Quis
1286 3545 1385 3604 est
1447 3538 1513 3602 in
1575 3534 1920 3604 Germania
1976 3532 2188 3622 paullo
2253 3533 2600 3600 humanior
2645 3538 2711 3600 et

333 3636 639 3707 urbanior
687 3639 917 3723 bomo,
967 3643 1078 3731 qui
1130 3642 1320 3710 talem
1366 3640 1825 3709 adolescentuli
1874 3639 2361 3729 protervitatem
2413 3658 2538 3706 non
2592 3638 2711 3705 im·

405 3845 455 3906 1)
494 3843 605 3896 ‘De
636 3844 816 3899 Saltu.
852 3852 913 3899 81
952 3845 1133 3916 ὖσπερ
1165 3846 1224 3897 ἔν
1257 3845 1553 3914 κατόπτρῳ
1584 3846 1662 3914 τῷ
1695 3845 1915 3915 ὀρχηςῇ.
1970 3845 2081 3896 Vor
2116 3843 2194 3911 τᾷ
2227 3843 2420 3895 schiebt
2455 3840 2714 3892 sommar-

343 3923 488 3975 brodt
520 3940 567 3990 p.
605 3932 698 3978 too
739 3929 821 3980 ein
863 3928 922 3979 h
958 3932 1068 3990 ein3
1113 3945 1277 3997 gegen
1324 3931 1475 3981 einen
1509 3929 1882 3980 sasoetehenden
1929 3924 2361 3993 apmhgebnuch
2404 3924 2459 3974 in
2505 3923 2715 3973 solchen

334 4007 785 4074 vorgleicbungen.
821 4012 919 4062 den
962 4013 1166 4077 Krtiger
1208 4011 1438 4077 Sprachl.
1475 4014 1569 4071 08,
1610 4016 1641 4062 8
1686 4026 1769 4060 am
1804 4016 2112 4075 gen-‚uastari
2147 4005 2399 4058 formulirt
2430 4004 2537 4055 bat.
2602 4003 2717 4055 Boi·

335 4087 489 4152 uptote
527 4089 665 4154 gicht
694 4092 992 4157 Bernhardy
1026 4093 1179 4144 Wiss.
1218 4092 1367 4158 Synt.
1394 4108 1442 4158 p.
1464 4097 1562 4143 204
1597 4092 1660 4142 F.
1695 4107 1747 4142 n.
1782 4107 1854 4151 ις
1889 4090 2018 4141 anch
2051 4091 2213 4141 Cobet
2246 4089 2313 4138 V.
2348 4087 2412 4137 1..
2452 4088 2716 4136 tea-166

332 4170 473 4221 rodet
500 4185 599 4222 von
629 4173 822 4225 diesem
866 4173 1308 4240 Sprucbgobranch
1334 4175 1388 4225 in
1416 4174 1583 4225 aeiner
1614 4179 1724 4234 art,
1757 4174 1810 4224 d.
1843 4173 1896 4223 h.
1931 4172 2028 4222 mit
2055 4172 2197 4223 einer
2223 4170 2420 4228 mione,
2450 4167 2528 4218 tlt
2560 4167 2631 4219 ob
2663 4180 2721 4218 ar

334 4266 435 4302 von
468 4253 559 4303 der
595 4256 881 4322 vorcebung
910 4256 1263 4307 ausdrucklicb
1297 4256 1495 4307 bestellt
1526 4256 1627 4316 sei,
1671 4270 1761 4305 um
1795 4255 1919 4305 tiber
1962 4254 2098 4304 diosc
2131 4254 2236 4303 und
2269 4266 2326 4301 so
2365 4249 2501 4300 viole
2533 4250 2717 4310 andro,

334 4332 477 4384 nicht
503 4336 630 4387 eben
657 4339 984 4390 onbekannte
1010 4338 1195 4390 unchen
1223 4338 1306 4390 die
1332 4337 1473 4393 Welt
1498 4337 1606 4387 und
1634 4337 1703 4394 im
1732 4336 2043 4389 besonderen
2059 4336 2142 4386 die
2164 4334 2405 4385 dummen
2427 4331 2722 4385 Deutscbon

332 4428 449 4466 zum
484 4424 686 4470 ern-ton
720 4421 823 4472 mul
857 4435 920 4472 zu
955 4418 1249 4473 belebreni'*
