2934 5050
1309 300 1512 348 νΑιυΑ.
2516 283 2601 348 67

287 463 595 533 Eiusdem
639 463 948 551 epistolae
996 469 1045 558 §
1097 474 1184 536 30
1232 471 1404 538 inira
1446 472 1662 538 scribo
1713 478 1782 536 ut
1834 469 1988 537 mihi
2054 468 2394 541 scribenda
2457 490 2600 538 esse

205 569 474 638 videtur.
576 568 842 650 Quare
899 594 1138 653 cura,
1204 586 1286 642 ut
1352 576 1485 643 bic
1547 596 1849 651 annus,
1902 576 2043 662 qui
2088 575 2182 641 ad
2236 576 2594 645 laborem

206 685 419 743 tuum
483 677 897 756 accessit,
965 679 1174 748 idem
1239 680 1332 747 ad
1381 681 1744 749 salutem
1792 682 2039 748 Asiae
2087 692 2597 771 prorogatus

204 802 386 849 esse
428 780 859 856 videatur;
920 795 1185 879 atque,
1250 788 1632 874 quoniam
1685 787 1762 852 iu
1811 796 1890 854 te
1939 788 2384 855 retinendo
2433 788 2593 855 suit

204 889 381 955 Asia
454 885 809 953 felicior
870 910 1105 975 quam
1174 913 1314 958 nos
1377 894 1455 959 in
1522 892 2040 969 deducendo,
2115 892 2438 979 persice
2511 902 2595 962 ut

202 993 538 1060 laetitia
615 996 1109 1079 provinciae
1177 997 1697 1066 desiderium
1774 1007 2144 1065 nostrum
2194 999 2589 1066 leniatur.

204 1099 438 1187 Vulgo,
486 1101 633 1165 sine
682 1108 969 1188 atque,
1023 1104 1425 1171 videatur.
1478 1105 1891 1186 Quoniam.
1944 1102 2235 1171 Omissae
2283 1105 2592 1173 coniunc-

202 1206 377 1274 tionis
425 1206 599 1271 ratio
644 1221 942 1293 apparet.

276 1310 491 1400 Neque
557 1309 649 1377 ab
711 1332 783 1380 ea
852 1317 1100 1383 ratione
1163 1317 1440 1383 multum
1506 1316 1702 1382 distat
1765 1335 1930 1401 quae
1992 1319 2027 1402 ς
2097 1321 2181 1383 33
2246 1315 2585 1404 leguntur:

204 1417 541 1486 Graecis
603 1457 705 1469 ·-—
772 1420 981 1506 quod
1051 1431 1246 1489 suut
1311 1421 1779 1508 vectigales
1832 1441 1979 1486 non
2035 1422 2148 1487 ita
2197 1421 2582 1497 acerbum

199 1523 456 1592 videri
534 1526 818 1605 debet,
890 1539 1339 1614 propterea
1414 1527 1623 1613 quod
1672 1528 1852 1593 siue
1902 1527 2257 1612 imperio
2306 1526 2582 1614 populi

198 1628 530 1699 Romani
598 1634 778 1700 suis
842 1633 1290 1699 institutis
1351 1655 1644 1733 semper
1706 1651 1844 1719 per
1914 1651 1995 1700 se
2044 1632 2206 1721 ipsi
2256 1634 2372 1703 ita
2421 1632 2584 1701 sue·

197 1747 399 1806 runt.
504 1738 718 1824 Vulgo
763 1737 942 1805 abest
991 1758 1343 1825 semper.

276 1948 389 2018 Ad.
440 1949 518 2032 Q.
571 1950 653 2017 l'r.
701 1950 752 2016 Ι.
803 1949 921 2037 Ep.
972 1954 1049 2027 2,
1108 1953 1208 2016 12.

269 2055 649 2124 Litteras
708 2040 801 2123 ad
868 2065 944 2123 te
1006 2075 1290 2142 parum
1357 2053 1735 2122 fraterne
1784 2057 2331 2142 scripseram;
2377 2075 2579 2143 quas

192 2164 568 2230 oratione
663 2160 996 2229 lliodoti
1086 2169 1592 2240 commotus,
1667 2160 1758 2229 de
1832 2162 2225 2249 pactione
2288 2162 2571 2233 statim

192 2289 345 2334 en-
412 2266 883 2346 audieram,
962 2264 1467 2332 iracundius
1518 2267 2018 2353 scripseram
2059 2278 2138 2335 et
2186 2286 2579 2337 revocare

192 2375 648 2462 cupiebam.
700 2374 943 2460 Scripsi
995 2392 1213 2448 cum;
1261 2371 1484 2439 Cicero
1522 2392 1754 2458 quom
1805 2373 2186 2460 scripserat;
2236 2370 2300 2440 id
2328 2371 2576 2443 librarii

194 2479 246 2546 in
285 2481 502 2569 quod
556 2488 1011 2568 corruperunt.

270 2588 357 2655 Ex
408 2587 638 2656 eodem
690 2606 925 2674 quom
978 2585 1105 2651 alio
1152 2585 1289 2651 loco
1340 2584 1445 2674 (ad
1477 2588 1552 2670 Q.
1580 2583 1663 2652 fr.
1692 2586 1802 2653 ΙΙΙ.
1833 2587 2007 2675 4,6)
2057 2606 2293 2674 quam
2345 2594 2570 2652 uatum

195 2701 305 2760 est:
370 2693 578 2760 baec
634 2694 948 2781 scripsi
987 2727 1076 2744 --
1116 2692 1193 2760 in
1239 2690 1798 2758 Tusculanum
1850 2690 2436 2780 proficiscensz
2482 2710 2569 2759 ea

192 2795 271 2863 de
336 2820 421 2866 re
498 2819 652 2865 non
728 2798 1100 2884 longius,
1171 2819 1340 2863 cun
1410 2797 1739 2876 vellem,
1811 2797 2021 2884 quod
2097 2791 2571 2884 Po‘mptinio

194 2942 263 2956 -
308 2906 604 2972 adesse
655 2904 1045 2972 volebam.
1142 2904 1323 2971 Libri
1378 2924 1616 2990 quam
1669 2902 1985 2970 vellem.
2059 2903 2305 2969 lterum
2343 2900 2566 2970 eodem

193 3010 329 3076 vitio
374 3014 699 3100 scriptum
749 3022 845 3077 est
895 3003 974 3075 ad
1026 3009 1202 3076 Fam.
1254 3009 1330 3075 ΙΙ.
1389 3009 1502 3095 Ep.
1560 3014 1678 3088 17,
1730 3015 1790 3076 6.

268 3223 382 3292 Ad.
440 3224 512 3304 Q.
566 3223 645 3288 l'r.
699 3222 750 3288 1.
803 3223 923 3306 Ep.
979 3226 1059 3300 5,
1111 3225 1176 3287 9.

268 3329 699 3396 Messalam
743 3329 868 3393 tui
907 3326 1375 3395 studiosum
1417 3346 1602 3392 esse
1639 3325 2051 3404 arbitror,
2098 3325 2562 3412 Pompeium

193 3433 421 3502 etiam
489 3432 1102 3504 simulatorem:
1162 3433 1183 3497 i
1275 3451 1330 3497 e.
1387 3432 1758 3517 Pompeium
1809 3433 2003 3498 etiam
2057 3432 2151 3496 tui
2201 3429 2564 3498 studiosum

192 3554 327 3605 esse
410 3539 714 3606 arbitror.
809 3538 963 3608 Sed·
1019 3538 1173 3625 quid
1246 3537 1572 3610 attinebat.
1625 3539 1691 3604 iu
1763 3535 1878 3605 bac
1953 3537 2564 3608 commemoratione

196 3638 367 3723 iacti,
431 3665 581 3712 cum
647 3646 1025 3731 praesertim
1079 3646 1234 3711 bene
1286 3643 1443 3709 velle
1493 3642 1678 3708 fratri
1717 3642 2039 3710 hominem
2092 3643 2560 3724 arbitraretur,

197 3749 590 3818 maledictum
645 3749 1078 3815 simulationis
1129 3753 1356 3816 iacere.
1455 3748 1589 3834 Ego
1640 3768 1786 3815 vero
1836 3749 2206 3816 Ciceronem
2256 3746 2335 3816 dc
2380 3749 2561 3816 Pom·

198 3856 280 3937 pei
359 3858 578 3923 animo
637 3855 969 3923 dubitasse
1030 3864 1185 3942 puto
1243 3866 1306 3922 et
1366 3854 1708 3941 scripsisse
1764 3855 2232 3943 Pompeium
2303 3856 2554 3924 etiam

192 3967 716 4030 nummum.

276 4173 365 4240 Ad
408 4177 484 4256 Q.
536 4174 615 4240 l'r.
662 4174 741 4240 11.
792 4175 911 4261 Ep.
962 4180 1041 4252 2,
1101 4181 1156 4240 l.

274 4279 417 4346 Post
462 4279 587 4347 alia
635 4279 857 4346 Cicero
904 4299 1139 4346 novum
1190 4291 1649 4364 argumentum
1700 4297 2046 4364 aggressus
2086 4278 2172 4344 ita
2212 4278 2553 4363 scripsisse

206 4379 435 4462 fertum
487 4384 640 4452 Sed
689 4406 836 4472 ego
898 4384 1168 4451 adhuc
1232 4385 1387 4450 cmi
1449 4383 1682 4452 nibil.
1778 4379 2214 4449 Culleonis
2276 4385 2556 4451 auctio
