2934 5050
386 306 517 369 134
1360 317 1782 365 ιιεοιιιιιιιιιι.

384 488 554 556 tulat
600 495 673 554 ut
736 485 1063 555 scribatur
1120 487 1324 553 ὥστε·
1370 506 1487 573 pro
1518 489 1620 558 ὥς.
1713 481 2132 550 Simillimnm
2179 489 2278 547 est
2325 476 2714 565 Euripideum

386 595 453 661 in
502 592 936 661 Andromache
981 597 1069 661 ΒΟ

830 699 1023 781 γέρων
1065 700 1288 772 ἐκεῖνος
1335 695 1531 762 ω’στε
1575 698 1634 761 σ’
1681 697 1943 778 ὠφελεῖν
1987 691 2212 775 παρών.

474 882 625 968 Cap.
678 884 782 947 10.
830 877 1045 945 ἔπεσον
1106 880 1171 945 δὲ
1231 878 1340 944 καὶ
1386 882 1496 944 τοῦ
1544 876 1815 955 Κίμωνος
1862 877 1914 942 οἱ
1959 876 2133 957 φίλοι
2179 871 2409 945 πάντες
2456 872 2685 949 ὁμαλῶς
2707 916 2728 943 ,

379 985 482 1061 οὓς
530 992 831 1068 Περικλῆς
879 988 1432 1066 συνεπῃτιᾶτο
1474 988 1584 1050 τοῦ
1631 984 2058 1058 λακωνισμοῦ,
2129 980 2280 1064 quia
2332 976 2446 1042 loci
2491 982 2733 1039 senten-

384 1093 475 1156 tia
538 1089 815 1177 postulat
881 1109 1081 1175 »quos
1138 1087 1417 1155 Pericles
1476 1107 1627 1154 cum
1691 1089 1956 1152 Cimone
2016 1106 2142 1150 una
2198 1080 2648 1149 insimulaverat
2665 1078 2733 1150 ‚⁹⁹
2855 1125 2856 1130 η

384 1216 614 1283 nempe
661 1212 862 1280 quum
912 1195 1137 1259 Cimon
1185 1195 1250 1258 in
1286 1193 1586 1260 exsilium
1636 1193 1883 1258 eiectus
1927 1198 2097 1256 esset
2145 1189 2299 1276 (non
2337 1208 2460 1251 una
2490 1184 2737 1250 insimu-
2855 1195 2856 1198 ’

382 1299 553 1366 labat
614 1299 876 1364 Cimone
928 1297 1180 1387 exsule)
1241 1307 1494 1364 mutato
1556 1306 1827 1363 accentu
1877 1294 2288 1361 scribendum
2352 1288 2738 1372 συνεπητίατο

382 1423 499 1490 pro
543 1407 984 1487 συνεπῃτιᾶτο,
1035 1423 1150 1490 pro
1197 1401 1573 1488 imperfecto
1612 1399 2333 1488 plusquamperfectum.

472 1583 623 1670 Cap.
676 1587 779 1650 ll.
827 1582 1071 1666 χιλίους
1114 1585 1229 1662 μὲν
1273 1582 1506 1652 ἔςειλεν
1548 1584 1634 1654 εἰς
1681 1582 2037 1663 Χερρόνησον
2081 1576 2454 1660 κληρούχους
2497 1614 2579 1627 --
2617 1572 2739 1638 ἄλ·
2855 1599 2856 1648 l

380 1704 522 1764 λους
571 1689 625 1753 δ’
671 1690 757 1762 εἷς
818 1691 1101 1755 Ἰταλίάν
1158 1688 1526 1771 οἰκιζομένης
1589 1685 1921 1768 Συβάρεως
1945 1736 1962 1762 ,
2012 1677 2079 1760 ἣν
2128 1685 2408 1766 Θουρίους
2454 1679 2741 1762 προσηγό-

382 1818 626 1877 ρευσαν.
722 1793 984 1859 Duabus
1051 1793 1327 1859 literulis
1384 1794 1676 1878 repetitis
1733 1791 2147 1858 scribendum
2220 1785 2735 1867 ἈΝοικιζομένης.

384 1899 603 1966 Deleta
673 1898 939 1987 Sybaris
1008 1918 1045 1964 a
1130 1896 1375 1964 Pericle
1456 1898 1806 1963 instaur-am
1877 1905 1999 1962 est.
2113 1896 2452 1960 Praeterea
2521 1909 2741 1977 repone

385 2003 691 2086 Συβάριος
753 2023 869 2090 pro
927 2001 1283 2085 Συβάρεως.
1376 2002 1539 2069 Noto
1605 2021 1730 2088 usu·
1802 2003 2058 2068 nomina
2124 2001 2379 2086 propria
2445 1997 2505 2064 id
2552 2016 2743 2083 genus

385 2110 670 2175 retinent
692 2109 1023 2194 antiquam
1044 2107 1317 2174 formam
1344 2108 1652 2173 Ionicam.
1686 2104 2096 2194 Thucydides
2114 2106 2162 2171 1.
2185 2108 2293 2171 64.
2314 2101 2383 2180 ἐξ
2408 2102 2742 2186 Ἀφύτιος

385 2214 727 2295 ὁρμώμενος
755 2262 775 2293 ,
821 2224 887 2279 et
938 2212 1046 2279 uhi
1095 2233 1218 2279 non
1269 2210 1576 2297 leguntur
1621 2211 1897 2278 similia?

480 2319 629 2383 Post
680 2337 882 2404 pauca
929 2320 994 2383 in
1048 2319 1259 2384 verbis
1303 2317 1569 2400 φρουρὰν
1615 2322 1722 2382 τοῦ
1768 2319 1857 2395 μὴ
1905 2315 2268 2397 νεωτερίζειν
2315 2314 2429 2403 [τι]
2476 2333 2740 2396 παρακα·

387 2423 660 2505 τοικίζων
704 2431 832 2496 τοῖς
890 2422 1257 2503 συμμάχοις
1321 2441 1538 2488 reseca
1590 2423 2030 2508 importunum
2078 2431 2169 2487 TI
2215 2440 2291 2487 ex
2342 2428 2641 2507 sequente
2689 2424 2741 2479 Π

392 2531 553 2596 vitio
601 2537 851 2595 natum.

482 2708 631 2794 Cap.
679 2712 783 2774 12.
832 2702 866 2782 ἣ
905 2707 958 2774 δ’
1005 2706 1262 2778 ἕνεςιν
1302 2708 1470 2789 άῦτῷ
1510 2706 1657 2788 πρὸς
1687 2707 1824 2781 τοὺς
1867 2707 2295 2786 ἐγκαλοῦντας
2337 2700 2748 2788 εὖπρεπεςάτη

388 2821 508 2881 τῶν
551 2813 919 2897 προφάσεων
961 2851 1047 2862 -
1087 2812 1324 2888 ταύτην
1369 2814 1630 2895 άνῄρηκε
1679 2821 2015 2893 Περικλῆς,
2063 2832 2179 2898 pro
2226 2811 2381 2880 ἔνεςι
2424 2812 2752 2876 restituen-
2855 2840 2856 2909 p

388 2917 544 2986 dum
610 2927 708 2986 est
775 2916 1044 3005 simplex
1109 2909 1143 2992 ἢ
1189 2919 1241 2984 δ’
1307 2915 1469 2986 ἔςιν
1519 2919 1707 2998 αὐτῷ.
1805 2916 1978 2983 Idem
2023 2925 2122 2983 est
2170 2915 2297 3001 ἔχω
2347 2915 2652 3000 πρόφασιν
2695 2918 2749 2976 et

391 3022 481 3094 ἔςι
526 3048 630 3103 μοι
676 3023 1030 3107 πρόφασις,
1081 3043 1204 3089 non
1255 3021 1465 3092 ἔνεςιν.
1562 3026 1825 3089 Ἐνεῒναι
1881 3022 2122 3088 homini
2159 3041 2299 3088 esse
2347 3021 2654 3088 dicuntur
2686 3033 2748 3082 en

393 3129 606 3194 omnia
654 3147 820 3213 quae
860 3126 941 3192 ad
982 3126 1259 3194 indolem
1285 3136 1400 3193 aut
1425 3135 1726 3194 naturam
1770 3126 2148 3214 plerumque
2182 3127 2419 3205 animi,
2456 3141 2748 3191 nonnum·
2855 3168 2856 3175 ι

389 3252 583 3320 quam
635 3238 699 3297 et
747 3233 1070 3318 eorporis,
1118 3234 1467 3319 pertinent.

485 3336 714 3402 Paucis
761 3337 1156 3423 interpositis
1201 3337 1469 3423 legitur:
1521 3337 1836 3403 ἐδίδασκεν
1879 3334 1980 3404 οὖν
2025 3338 2053 3401 ὅ
2100 3345 2401 3417 Περικλῆς
2433 3336 2539 3402 τὸν
2579 3336 2748 3411 δῆμον

387 3438 480 3509 ὅτι
517 3442 862 3524 χρημάτων
898 3442 1012 3520 μὲν
1052 3444 1158 3507 οὐκ
1196 3445 1511 3525 ὀφείλουσι
1537 3432 1678 3515 ’τοῖς
1713 3441 2081 3523 συμμάχοις
2112 3442 2299 3520 λόγον
2323 3480 2404 3491 -
2435 3443 2563 3507 δεῖ
2591 3439 2746 3505 δὲ·-

388 3550 476 3622 εἷς
520 3552 734 3614 ταῦτα
790 3549 902 3622 τὴν
949 3548 1232 3629 εὐπορίαν
1280 3548 1541 3630 τρέπειν.
1639 3548 1803 3613 Vera
1851 3546 2039 3613 leclio
2087 3554 2185 3613 est
2235 3554 2444 3612 AC-IN
2492 3542 2591 3622 δέ’,
2636 3557 2746 3609 non

388 3652 503 3720 δεῖ.
599 3651 753 3719 Fert
803 3653 863 3718 in
903 3652 1144 3718 talibus
1190 3653 1472 3720 Graecae
1516 3652 2000 3738 compositionis
2042 3652 2207 3717 ratio
2258 3660 2328 3716 ut
2362 3650 2471 3717 ubi
2515 3648 2603 3717 ὅτι
2637 3661 2744 3713 nou

388 3759 710 3844 repetitur
754 3755 835 3823 ad
884 3757 1265 3824 indirectam
1316 3758 1671 3825 orationem
1722 3757 2036 3823 transitus
2086 3755 2218 3823 liat.

485 3935 642 4024 Cap.
715 3941 819 4003 13.
865 3938 1065 4005 καίτοι
1126 3938 1278 4004 ποτέ
1337 3942 1537 4022 φασιν
1595 3938 2004 4020 Ἀγαθάρχου
2051 3942 2159 4003 τοῦ
2205 3935 2541 4020 ζωγράφου
2590 3932 2745 4015 fabra

384 4046 742 4125 φρονοῦντος
791 4042 892 4108 ἐπὶ
942 4045 1026 4125 τῷ
1072 4044 1249 4124 ταχὺ
1297 4044 1403 4109 καὶ
1449 4043 1665 4129 ῥᾳδίως
1709 4044 1796 4108 τα
1843 4041 1972 4125 ζῷα
2016 4050 2205 4108 ποιεῖν
2250 4043 2611 4109 άκούσαντα
2653 4034 2741 4101 τὸν

384 4145 600 4224 Ζεῦξιν
661 4148 854 4212 εἰπεῖν
927 4148 1086 4226 »ἐγὼ
1146 4148 1209 4213 δὲ
1267 4150 1479 4231 πολλῷ
1537 4148 1803 4231 χρόνφ.”
1896 4146 2196 4232 Neglecta
2261 4155 2360 4213 est
2422 4143 2644 4212 lineola
2685 4138 2741 4201 iu

386 4238 503 4323 ΔῙΞ
546 4255 1089 4344 scribendumque
1136 4257 1258 4338 ἐγὼ
1298 4257 1351 4323 δ’
1397 4258 1477 4323 ἐν
1522 4260 1734 4340 πολλῷ
1775 4255 1995 4339 χρόνῳ.
2091 4257 2166 4323 ln
2204 4255 2440 4321 talibus
2478 4264 2745 4321 necessa·

381 4365 481 4429 ria
558 4381 825 4449 prorsus
896 4363 1282 4449 praepositio
1365 4370 1462 4429 est
1533 4382 1742 4449 neque
1813 4361 1941 4429 ullo
2004 4360 2193 4428 modo
2266 4361 2481 4428 omitti
2543 4356 2738 4446 potest·
