2934 5050
925 288 1307 336 rnitotooics
1354 289 1429 335 ιτ
1475 290 1728 337 eninm.
2386 273 2512 336 107

148 458 463 526 communi
555 458 803 526 aerario
888 455 1148 525 dotibus
1228 456 1400 526 datis
1483 456 2000 527 collocarentur”
2075 456 2286 547 (Corn.
2358 456 2516 546 Nep.

154 566 333 633 Arist.
376 565 447 655 3)
488 573 552 632 et
599 562 988 632 Plutarchus
1034 566 1099 631 in
1153 564 1435 631 Aristide
1483 586 1623 653 cap.
1677 569 1782 632 27.
1831 566 1953 639 τὰς
1998 567 2112 646 μὲν
2170 564 2517 648 θυγατέρας

151 674 208 738 ἐκ
239 677 348 739 τοῦ
385 672 748 755 πρυτανείου
795 679 921 747 τοῖς
968 670 1254 756 νυμφίοις
1296 671 1604 749 ἐκδοθῆναι
1665 673 1929 759 δημοσίᾳ
1986 681 2098 749 τῆς
2136 671 2370 746 πόλεως
2415 675 2520 740 τὸν

150 778 338 860 γάμον
386 779 713 859 ἐγγυώσης
761 779 869 845 καὶ
914 786 1141 861 προῖκα
1187 779 1545 859 τρισχιλίας
1592 780 1890 862 δραχμὰς
1938 779 2201 865 ἑκατέρα
2231 785 2516 862 ψηφισα-

151 885 333 965 μένης.
430 885 591 953 Sero
652 883 1034 957 admodum.
1087 895 1159 951 ut
1206 883 1510 971 equidem
1559 887 1814 974 opinor:
1864 885 2282 975 quadraqinta
2328 884 2519 950 mini-

154 1012 310 1059 mum
357 993 551 1059 annis
613 1001 955 1079 postquam
1018 997 1201 1078 pater
1262 1010 1340 1057 ex
1407 992 1538 1058 vita
1586 1002 1972 1061 excesserat.
2069 990 2351 1058 Fabulae
2401 989 2522 1056 hae

153 1106 303 1165 sunt.
398 1096 721 1164 Aristides
782 1098 1008 1183 iniquo
1059 1095 1298 1162 iudicio
1363 1098 1849 1167 circumventus
1890 1097 2011 1165 suh
2061 1097 2228 1163 vitae
2273 1097 2522 1162 exitum

155 1205 337 1291 patria
396 1204 640 1272 caruit.
740 1203 936 1270 Filias
998 1211 1064 1270 et
1109 1201 1317 1269 filium
1370 1224 1556 1271 nemo
1620 1208 1924 1294 respexit,
2022 1205 2273 1273 Interea
2330 1204 2528 1272 cessit

156 1309 371 1378 invidia
416 1320 486 1378 et
547 1309 856 1377 Aristidis
915 1308 1087 1376 sama
1136 1318 1199 1376 et
1246 1308 1469 1377 laudes
1515 1311 1827 1379 celebrari
1875 1322 2137 1400 coeptae
2183 1318 2524 1401 postquam

158 1436 294 1484 nova
357 1427 542 1486 aetas
612 1425 1055 1491 succreverat,
1116 1436 1283 1504 quae
1346 1416 1656 1485 Periclem
1730 1417 2092 1487 adlatrabat
2153 1429 2218 1487 et
2276 1426 2526 1485 vet-eres

157 1523 488 1592 extollendo
536 1524 895 1591 deterebat.
993 1524 1155 1591 Hinc
1206 1523 1312 1590 illa
1363 1534 1575 1611 postea
1630 1535 1778 1591 nata
1827 1536 1982 1593 sunt

377 1634 440 1699 ἐν
490 1640 706 1699 ταῖσιν
753 1631 1102 1714 ἷοςεφοὶνοις
1147 1632 1305 1697 οἰκεῖ
1342 1638 1487 1705 ταῖς
1534 1632 1899 1712 ὥρχαίαισιν
1945 1634 2230 1711 Ἀθήναις

381 1733 625 1822 οἷόςοτερ
671 1739 976 1822 Ἀριστείδῃ
1022 1737 1304 1819 πρότερον
1350 1736 1457 1802 καὶ
1505 1737 1825 1823 Μιλτιάδῃ
1869 1737 2190 1816 ξυνεσίτει.

233 1844 387 1911 'l'um
437 1865 599 1912 vero
644 1845 927 1910 arbitror
982 1842 1309 1910 Alcibiade
1356 1851 1623 1910 auctore
1660 1843 1915 1930 publice
1960 1846 2350 1915 subventum
2389 1869 2529 1915 esse

165 1947 443 2017 Aristidis
494 1951 631 2017 filio
678 1950 1062 2039 Lysimacho
1111 1948 1214 2037 (de
1262 1969 1389 2035 quo
1440 1948 1617 2014 Plato
1668 1950 1733 2015 in
1783 1949 2083 2042 Lachete)
2118 1974 2320 2040 quum
2361 1965 2527 2021 esset

163 2053 215 2121 in
253 2076 319 2124 re
352 2066 638 2145 angusta
664 2066 873 2124 aetate
903 2064 1261 2142 provectus.
1353 2054 1602 2121 Veteris
1637 2057 1915 2124 iniuriae
1953 2066 2019 2124 et
2056 2059 2260 2147 iniqui
2303 2060 2528 2128 iudicii

166 2163 343 2230 omnis
386 2162 632 2230 abolita
682 2162 990 2229 memoria
1033 2170 1131 2228 est
1176 2168 1238 2228 et
1279 2181 1439 2227 nova
1482 2160 1694 2228 fabula
1733 2162 1811 2228 de
1856 2163 2348 2233 Atheniensium
2376 2188 2530 2254 erga

170 2266 440 2337 Aristidis
505 2267 743 2336 liberos
806 2265 1190 2335 liberalitate
1251 2267 1330 2333 ad
1381 2277 1668 2356 posteros
1722 2280 2091 2357 propagata.
2194 2274 2360 2340 Audi
2413 2277 2529 2341 Ae-

170 2373 425 2443 sehinem
479 2377 553 2443 in
621 2375 889 2462 Cle-sipla.
939 2379 974 2461 ς
1026 2379 1177 2441 257.
1228 2373 1717 2453 ὑπολαμβάνετε
1768 2375 1907 2456 ὅροῖν
1935 2416 2021 2429 -—-
2046 2381 2383 2462 Ἀριςείδην
2429 2381 2532 2447 τὸν

168 2480 281 2559 τοὺς
323 2481 550 2568 φόρους
589 2480 882 2560 τάξαντα
921 2490 1050 2555 τοῖς
1091 2483 1394 2560 Ἕλλησιν
1415 2532 1433 2562 ,
1472 2477 1542 2548 οὗ
1581 2484 2069 2559 τελευτήσαντος
2107 2486 2226 2561 τὰς
2266 2485 2530 2565 θυγατέ·

167 2608 254 2666 ρος
296 2588 587 2669 ἐξέδωκεν
632 2591 660 2656 ὃ
698 2590 906 2667 δῆμος.
985 2588 1096 2655 Ubi
1139 2587 1307 2675 quod
1349 2608 1572 2655 verum
1617 2598 1782 2656 esset
1830 2610 1909 2656 ex
1946 2591 2209 2658 Cratero
2251 2591 2526 2679 patefac·

168 2697 282 2761 tum
325 2706 422 2764 est
474 2697 709 2765 mirari
757 2692 1145 2761 Plutarchus
1191 2704 1255 2761 et
1293 2693 1523 2761 falsum
1577 2694 1642 2760 id
1683 2715 1820 2762 esse
1859 2696 2147 2767 credere.
2243 2686 2528 2776 Τούτων,

172 2796 385 2885 inquit,
429 2802 603 2870 οὐδὲν
649 2800 975 2885 ἔγγραφον
1012 2801 1042 2866 ὃ
1082 2800 1382 2884 Κρατερὸς
1420 2803 1742 2884 τεκμήριον
1790 2803 2129 2885 παρέσχεν.
2228 2803 2351 2871 Sed
2379 2805 2531 2870 Cra·

173 2909 324 2974 ierus
366 2909 437 2975 ἐκ
473 2916 598 2975 τῶν
630 2907 1066 2990 ψηφισμάτων
1101 2905 1436 2973 historiam
1481 2905 1736 2974 illorum
1775 2918 2139 2996 temporum
2181 2920 2530 2977 contexens

177 3008 258 3075 vbi
301 3016 686 3102 scripserat:
739 3014 911 3093 μετα
956 3015 1068 3090 τὴν
1116 3014 1565 3092 Θεμιςοκλέους
1614 3015 1827 3097 φυγὴν
1873 3013 2073 3099 ὥσπερ
2120 3015 2453 3099 ἐξυβρίσας
2502 3016 2530 3081 ὃ

174 3110 330 3195 δῆμος
375 3120 660 3205 (ἐνέφυσε
707 3123 934 3196 πλῆθος
983 3121 1421 3202 συκοφαντῶν,
1468 3112 1526 3186 οἳ
1570 3119 1713 3196 τοὺς
1750 3122 1994 3203 ciple-ove
2031 3122 2137 3190 καὶ
2184 3121 2528 3190 δυνατωτά·

174 3242 286 3298 τους
329 3225 556 3309 ἄνδρας
603 3227 914 3301 διώκοντες
969 3226 1333 3306 ὑπέβαλλον
1377 3227 1463 3308 τῷ
1511 3225 1708 3309 φθόνῳ
1750 3234 1865 3294 τῶν
1914 3234 2157 3295 πολλῶν
2205 3226 2533 3311 ἐπαιρομέ-

176 3348 264 3393 νων
292 3333 387 3397 ὑπ’
422 3334 735 3416 εὐτυχίας
773 3334 879 3399 καὶ
917 3332 1229 3413 δυνάμεως
1278 3333 1477 3422 (Plut.
1511 3333 1707 3399 Arist.
1736 3332 1885 3422 26),
1933 3336 2073 3402 eius
2112 3334 2204 3401 rei
2243 3331 2533 3419 exempla

178 3449 241 3498 ex
272 3434 671 3505 documentis
708 3440 847 3505 suis
880 3437 1190 3527 protulit,
1236 3458 1442 3527 neque
1483 3447 1623 3506 erat
1661 3459 1918 3508 neeesse
1962 3443 2097 3528 ipsa
2137 3440 2537 3524 ψηφίσματα

180 3534 546 3621 describere,
597 3564 763 3631 quae
825 3544 1041 3612 verbis
1087 3544 1484 3612 solemnibus
1541 3556 1848 3634 concepta
1898 3556 2156 3634 praeter
2204 3553 2537 3613 aecusato-

183 3659 302 3712 rum
343 3660 406 3716 et
452 3670 713 3717 reorum
766 3653 1023 3717 nomina
1073 3662 1139 3719 et
1188 3650 1576 3718 iudiciorum
1629 3654 1873 3719 exitum
1924 3652 2081 3719 nihil
2124 3651 2537 3720 memorabile

185 3744 491 3822 habebam.
602 3756 1142 3825 Commemoravit
1225 3758 1427 3843 igitur
1500 3768 1942 3825 accusatorem
2017 3757 2370 3842 Διόφαντον
2437 3760 2540 3827 τὸν

184 3852 653 3945 Ἀμφιτροπῆθεν
703 3872 768 3929 et
816 3864 1062 3929 crimen
1111 3864 1348 3931 ἁλῶναι
1394 3865 1744 3946 δωροδοκίας
1792 3873 1857 3930 et
1904 3863 2379 3932 damnationem
2430 3865 2541 3940 τὴν

186 3964 493 4044 καταδίκην
551 3971 940 4048 πεντήκοντα
1007 3976 1170 4049 μνῶν
1239 3966 1466 4049 οὖσαν,
1531 3991 1695 4058 quae
1759 3971 1975 4036 omnia
2041 3971 2209 4036 unde
2282 3968 2538 4037 tandem

188 4072 368 4150 potuit
425 4075 681 4161 cognita
749 4074 986 4142 habere
1034 4077 1413 4163 praesertim
1489 4075 1746 4142 obscuri
1812 4074 2246 4165 sycophantae
2310 4094 2541 4142 nomen

190 4177 511 4259 Διοφάντου
556 4186 663 4249 τοῦ
709 4183 1249 4265 Ἀμφιτροπῆθεν,
1302 4182 1426 4247 nisi
1473 4202 1551 4249 ex
1601 4184 1869 4269 antiquo
1917 4181 2345 4249 documento?
2420 4179 2544 4248 Sed

190 4274 361 4349 instat
418 4285 830 4355 Plutarchus:
892 4289 1003 4375 qui
1080 4288 1182 4365 nt,
1246 4289 1499 4375 inquit,
1566 4297 1636 4354 ut
1703 4308 1889 4355 nemo
1949 4308 2208 4367 eorum,
2273 4284 2398 4353 ὅσοι
2458 4285 2545 4353 τὰ

191 4392 689 4483 ‘Maamilium
727 4394 814 4477 τῷ
853 4394 1025 4477 δήμῳ
1057 4396 1190 4476 περὶ
1218 4396 1358 4470 τοὺς
1399 4395 1744 4478 ςρατηγοὺς
1771 4395 2089 4477 διεξίασιν,
2133 4392 2326 4459 huius
2362 4391 2544 4458 dam·
