2934 5050
306 265 441 332 298
1285 271 1698 332 ‘'ATAKTA.

308 455 562 526 ἑκάς-ους
627 455 862 525 ἱππέας
924 456 1038 530 μὲν
1100 454 1608 532 τεσσαράκοντα,
1675 453 2008 525 πελταςοὶς
2059 453 2121 517 δὲ
2168 453 2561 530 ὀγδοήκοντα.
2612 451 2679 527 ἦν

311 564 372 628 δὲ
423 565 456 638 ἦ
503 560 703 636 πέλτη
745 561 934 634 ἀσπὶς
985 561 1115 626 ἴτυν
1163 563 1271 626 οὐκ
1319 561 1558 642 ἔχουσα
1605 560 1960 642 ἐπίχαλκον
1983 609 1999 636 ,
2052 561 2238 637 αἰγὸς
2277 559 2516 639 δέρματι
2554 585 2675 625 πα·

309 670 719 749 ρατεταμένη.
780 668 927 732 Καὶ
990 668 1133 746 τρί’
1178 668 1531 733 ἀκόντια
1580 667 1614 743 ἢ
1664 669 1897 747 μακρὸν
1945 667 2079 747 δόρυ
2126 667 2360 739 πάντες
2404 667 2676 748 ἐφόρουν.

311 767 340 837 ὃ
387 773 632 857 σχέδιον
678 775 988 839 ἐκαλεῖτο.
1389 805 1398 814 ·

401 881 560 947 Ibid,
626 881 706 947 ad
773 903 835 945 v.
886 878 1039 945 248.
1111 879 1388 946 alterum
1433 881 1873 968 fragmentum
1916 879 2257 946 Menandri
2276 927 2295 959 ,
2344 882 2394 944 εἱ
2440 883 2523 958 μὴ
2562 904 2681 958 γι-

312 996 451 1067 μεῒς
512 987 638 1066 γὰρ
702 986 978 1067 ἔσχατον
1041 984 1245 1067 νόμιζέ
1311 1010 1395 1061 με
1461 988 1711 1064 Φρυγῶν
1771 992 2003 1052 Μυσῶν
2064 989 2157 1051 sic
2218 986 2682 1074 corrigendum:

311 1093 584 1175 ἔσχατον
648 1091 852 1173 νόμιζέ
917 1117 1000 1169 με
1051 1093 1241 1171 Φρύγ’
1290 1090 1437 1157 ὄντα
1486 1098 1734 1157 Μυσῶν.
1807 1090 2044 1157 Servus
2092 1092 2170 1157 de
2215 1097 2409 1179 gente
2452 1114 2558 1158 sua
2596 1096 2687 1157 io·

312 1209 493 1266 catur
552 1199 708 1264 dum
768 1198 958 1263 herih'
1013 1197 1145 1264 filio
1204 1201 1527 1284 promittit
1573 1220 1639 1264 se
1687 1197 1940 1284 puellae
1989 1218 2183 1282 quam
2232 1205 2408 1263 amat
2452 1203 2685 1284 copiam

314 1306 413 1371 illi
461 1306 802 1370 facturum.

403 1412 506 1478 Ad
565 1411 832 1478 Medeae
892 1433 955 1477 v.
1008 1408 1158 1476 738.
1210 1420 1414 1477 κεῖται
1462 1408 1558 1477 οὖν
1607 1415 1641 1487 ἦ
1688 1409 1855 1487 λέξις
1908 1410 2509 1497 (ἕπικηρυκεύματα)
2552 1413 2686 1476 ἀντὶ

314 1523 420 1584 τοῦ
481 1526 591 1592 τῆς
649 1517 908 1597 Φιλίας.
974 1527 1084 1600 τῇ,
1121 1517 1187 1581 δὲ
1248 1518 1452 1600 εὐθείᾳ
1516 1519 1658 1582 ἀντὶ
1721 1517 1961 1589 δοτικῆς
2012 1515 2350 1596 κέχρηται.
2412 1517 2524 1584 ἔδει
2568 1519 2691 1598 γὰρ

318 1628 545 1690 εἰπεῖν·
596 1626 701 1689 καὶ
752 1631 875 1696 τοῖς
927 1624 1481 1704 ἔπικηρυκεύμασιν
1528 1625 1636 1688 οὐκ
1684 1624 1760 1688 ἂν
1812 1625 2019 1689 πίθοιο.
2095 1623 2367 1700 Δίῖυμος
2406 1623 2470 1689 δέ
2512 1631 2695 1707 Φησιυ

321 1732 631 1796 ἐλλείπειν
678 1733 786 1806 τὴν
835 1726 1009 1806 διαὶ,
1051 1729 1151 1794 διὰ
1199 1731 1286 1796 τοὶ
1334 1732 1903 1812 ἐπικηρυκεύματα.
1958 1730 2221 1807 „Paullo
2267 1738 2409 1796 aute
2452 1731 2696 1813 lequ'tar,

319 1841 530 1924 inquit
574 1836 953 1914 Elmsleius,
1002 1838 1095 1913 μὴ
1141 1837 1373 1913 ὀμόσας
1417 1838 1481 1902 δὲ
1528 1839 1714 1916 Φίλος
1761 1836 1956 1914 γένοιο
2005 1837 2217 1910 αὐτοῖς
2264 1837 2368 1902 διὰ
2416 1844 2520 1902 τοῦ
2565 1839 2701 1901 ἔτι·

318 1945 775 2026 κηρυκεύματος
801 1994 815 2008 .
888 1940 1046 2007 θέλει
1108 1942 1303 2007 εἰπεῖν
1359 1943 1498 2008 ἀντὶ
1556 1950 1663 2008 τοῦ
1729 1943 2322 2022 ε’τικηρυκεύμασιν.
2398 1947 2595 2008 λείπει
2664 1947 2698 2018 ¹?

319 2054 472 2119 διά.
547 2051 723 2115 Latet
783 2050 882 2113 hic
942 2048 1184 2134 ahquid
1233 2051 1392 2134 quod
1434 2052 1729 2114 extricare
1774 2049 2049 2136 'tequea''
2115 2048 2257 2114 Hoc
2305 2049 2538 2115 saltem
2579 2070 2703 2116 non

315 2158 510 2236 latet,
574 2157 740 2244 quod
806 2162 870 2221 et
931 2154 1278 2220 Elmsleius
1321 2156 1524 2234 vidit,
1573 2156 2149 2237 κάπικηρυκεύμασι
2197 2175 2321 2221 non
2366 2178 2502 2222 esse
2548 2161 2705 2223 anti·

316 2285 510 2349 quam
579 2263 918 2329 lectionem
989 2281 1290 2349 eamque,
1361 2283 1801 2349 quaecumque
1860 2263 2055 2329 fuerit
2072 2311 2090 2340 ,
2163 2283 2201 2327 a
2260 2267 2706 2350 grammaticis

317 2370 698 2455 quibusdam
719 2417 735 2446 ,
788 2367 1049 2433 fortasse
1096 2369 1291 2433 etiam
1334 2390 1371 2433 a
1415 2368 1735 2455 Didymo,
1783 2389 1909 2434 non
1956 2369 2035 2434 ad
2081 2371 2189 2434 οὐκ
2238 2369 2315 2434 ἂν
2362 2370 2551 2434 πίθοιο
2600 2369 2711 2435 sed

318 2476 397 2543 ad
453 2478 637 2558 φίλος
697 2475 884 2552 γένοι’
933 2472 1009 2538 ἄν
1053 2477 1366 2560 pertinere
1412 2476 1740 2541 creditam.
1815 2474 1998 2555 Quod
2045 2472 2183 2540 fieri
2227 2495 2354 2541 non
2398 2478 2714 2562 potuisset

316 2587 372 2648 si
415 2585 525 2647 καί
569 2583 663 2647 ibi
709 2581 1034 2669 legissent.
1105 2581 1331 2647 Restat
1385 2584 1592 2669 igitur
1635 2589 1711 2647 ut
1758 2583 2363 2661 τάπικηρυκεύματα
2411 2582 2711 2671 legerint.

317 2687 441 2754 Sed
501 2688 622 2754 hoc
684 2707 974 2753 concesso
1036 2688 1143 2750 οὐκ
1198 2686 1276 2750 ἂν
1323 2688 1513 2752 πίθοιο
1561 2687 1776 2753 sedem
1823 2689 2156 2773 antiquam
2206 2692 2559 2755 mutaverit
2606 2712 2719 2755 ne-

317 2815 486 2860 cesse
531 2799 645 2859 est.
717 2792 823 2872 Si,
872 2814 1034 2878 quae
1079 2792 1195 2859 illa
1238 2793 1467 2871 fuerit,
1517 2793 1861 2880 diligenter
1904 2813 2200 2878 quaeres,
2253 2796 2539 2862 mirabor
2582 2800 2715 2861 nisi

314 2903 381 2964 in
422 2899 696 2965 eundem
743 2919 1047 2965 versuum
1094 2899 1383 2965 ordinem
1429 2899 1670 2964 incides
1714 2920 1909 2985 quem
1953 2920 2122 2965 nunc
2167 2922 2537 2986 proponam.

680 3005 976 3070 πέποιθα.
1028 3005 1253 3070 Πελίου
1303 3004 1357 3069 δ’
1408 3004 1620 3085 ἐχθρός
1671 3005 1766 3072 ἐςί
1811 3028 1915 3081 μοι
1962 3004 2145 3082 δόμος

681 3111 875 3190 Κρέων
925 3135 1031 3176 τε.
1080 3113 1314 3183 τούτοις
1364 3111 1419 3176 δ’
1466 3111 1708 3191 ὁρκίοισι
1755 3114 1870 3188 μὲν
1920 3109 2131 3191 ζυγείς

678 3219 785 3282 οὐκ
830 3216 906 3281 ἂν
955 3216 1140 3280 πίθοιο
1189 3219 1794 3296 τοὶπικηρυκεόματα
1820 3268 1833 3280 .

678 3320 883 3400 λόγοις
933 3322 994 3385 δὲ
1043 3321 1302 3400 συμβὰς
1353 3325 1458 3387 καὶ
1508 3326 1649 3388 θεῶν
1697 3321 2007 3399 ἀνώμοτος

678 3429 860 3508 Φίλος
908 3425 1092 3504 γένοι’
1140 3426 1252 3491 ἄν.
1302 3431 1487 3506 τάμὰ
1532 3430 1647 3504 μὲν
1688 3431 1816 3509 γὰρ
1865 3432 2122 3503 ἀσθενῆ,

678 3543 804 3605 τοῖς
852 3534 907 3597 δ’
953 3532 1139 3610 ὄλβος
1186 3535 1275 3601 ἐςὶ
1321 3535 1426 3598 καὶ
1477 3535 1658 3612 δόμος
1708 3537 2079 3615 τυραννικός.

315 3641 494 3708 vides
553 3641 656 3705 his
716 3641 987 3725 receptis
1047 3638 1213 3704 nihil
1267 3661 1425 3726 opus
1469 3641 1600 3706 fore
1648 3641 1923 3729 Didymi
1971 3650 2496 3728 caeterorumque
2542 3664 2715 3708 com·

316 3748 550 3812 mentis
568 3793 585 3823 ,
634 3747 935 3831 quoniam
981 3742 1258 3810 πιθέσθαι
1304 3746 1426 3810 τινί
1474 3769 1535 3809 τι
1585 3745 1690 3813 vel
1734 3750 1950 3833 pueris
1995 3753 2225 3814 notum
2241 3768 2259 3825 ς
2310 3748 2542 3815 deinde
2584 3749 2715 3814 Eu-

315 3852 587 3938 ripidem
645 3851 906 3929 tandem
951 3850 1291 3937 aliquando
1336 3854 1569 3940 pingui
1613 3874 1877 3920 munere
1916 3853 2265 3920 liberatum
2314 3875 2453 3920 esse
2471 3903 2488 3932 ,
2540 3856 2713 3942 quod

317 3957 416 4023 illi
461 3958 654 4023 homo
698 3958 1102 4045 ingeniosus,
1152 3966 1492 4045 postquam
1538 3961 1645 4024 οὐκ
1693 3959 1770 4023 ἂν
1818 3961 2008 4026 πίθοιο
2058 3965 2122 4025 et
2172 3962 2360 4038 Φίλος
2402 3960 2589 4038 γένοι’
2636 3962 2715 4025 ἄν

315 4085 459 4128 suas
519 4066 687 4128 inter
746 4084 813 4128 se
873 4063 1049 4129 sedes
1107 4071 1473 4149 permutare
1535 4070 1752 4131 coacta
1813 4071 1997 4143 sunt,
2063 4086 2263 4153 quum
2324 4070 2713 4131 sententiam

317 4168 493 4234 hiare
537 4170 785 4234 videret
801 4215 819 4246 ‚
870 4168 948 4234 de
994 4189 1108 4235 suo
1155 4170 1430 4258 largitus
1478 4178 1611 4237 est:

859 4273 1114 4350 ἄγουσιν
1163 4278 1229 4340 οὐ
1279 4278 1485 4350 μεθεῒς
1534 4278 1613 4343 ἂν
1660 4278 1729 4342 ἐκ
1775 4278 1971 4355 γαίας
2027 4278 2155 4354 ἐμέ.

410 4376 668 4441 Scilicet
731 4378 1025 4443 credebat
1085 4384 1141 4443 si
1200 4384 1446 4457 μεθεῒτε
1508 4384 1638 4449 diei
1698 4391 1947 4470 poterat
1998 4405 2112 4470 pro
2157 4385 2446 4461 μεθείητε
2468 4435 2488 4464 ,
2552 4386 2725 4453 nihil
