2934 5050
347 306 478 372 244
1149 325 1460 374 nucinum
1507 325 1580 372 ιτ
1628 324 1934 374 nummu.

442 498 541 565 Ita
588 495 705 571 Μ.;
743 495 971 582 optimi
1019 494 1202 563 codd.
1251 496 1308 562 si
1352 497 1451 574 im
1500 504 1765 586 propter
1813 495 2004 563 Bern.
2056 502 2121 561 et
2158 495 2319 563 Gen.
2358 494 2695 584 praebentes

349 625 417 671 se
459 603 531 669 in
580 600 751 691 (add.
802 599 976 668 Harl.
1028 622 1063 669 a
1107 623 1205 689 pr.
1255 622 1345 668 m.
1397 623 1463 667 se
1506 602 1911 689 imperictdo,
1956 620 2127 668 corr.
2174 602 2232 668 si
2269 601 2445 691 imp.)
2483 602 2559 670 u.
2594 601 2698 677 sei:

352 708 466 777 sed
515 707 691 776 nulla
738 706 1031 775 addenda
1079 717 1178 775 est
1222 707 1483 787 littera,
1533 709 1752 778 scrib.:
1928 719 1938 726 “

811 815 1001 882 cuius
1048 812 1188 881 sine
1235 814 1478 902 periclo
1525 813 1759 881 feceris
1806 813 2193 902 periculum.

449 922 543 989 lb.
585 926 706 989 50:
750 920 1095 988 »Chremes
1135 923 1202 986 in
1244 920 1567 998 medium,
1608 923 1672 987 in
1712 940 2043 988 summum
2069 920 2248 987 eirad
2271 920 2704 989 Demaenetus”

359 1048 587 1095 novam
639 1028 925 1095 continet
973 1026 1246 1093 formam
1296 1026 1477 1094 verbi
1524 1028 1657 1107 ire,
1701 1046 1866 1113 quae
1912 1025 2183 1094 fortasse
2230 1046 2463 1113 magno
2506 1026 2707 1114 plausu

361 1135 718 1221 excipietur
774 1132 853 1199 ab
902 1131 1267 1198 istiusmodi
1320 1133 1820 1200 »inventorun1”
1870 1132 2288 1200 amatoribus,
2383 1132 2504 1200 Sed
2547 1131 2707 1198 codd.

359 1240 457 1306 ire
500 1240 583 1306 ad
626 1239 1023 1317 demonem-3,
1076 1240 1143 1304 in
1191 1258 1320 1325 quo
1370 1239 1784 1324 transpositis
1829 1246 2087 1305 tantum
2139 1238 2377 1306 litteris
2416 1258 2569 1326 opus
2600 1245 2707 1305 est:

362 1347 546 1412 ierat.
647 1344 1070 1413 contractum
1121 1342 1387 1432 plqperf.
1436 1344 1597 1410 iram
1651 1364 1776 1410 non
1830 1355 1986 1431 puto
2032 1345 2383 1412 exstitisse.

456 1449 653 1517 Paulo
701 1460 842 1537 post
886 1454 1008 1516 36:
1057 1450 1228 1536 agite
1276 1450 1449 1536 agite
1495 1448 1663 1516 surei
1708 1449 2041 1523 mendacei
2086 1452 2548 1537 argutamini.”
2621 1450 2715 1518 Ni·

366 1554 458 1624 hil
522 1554 777 1623 facilius
839 1554 1134 1622 videatur
1188 1575 1383 1642 quam
1447 1575 1526 1621 ex
1591 1554 1904 1622 librorum
1972 1555 2580 1625 lectionemendaci
2618 1563 2718 1623 ant

364 1663 641 1729 mendati
664 1713 681 1739 ,
732 1681 882 1728 cum
927 1670 1239 1749 sequatur
1276 1684 1354 1737 a.
1399 1660 1680 1728 efficere:
1724 1660 2102 1728 »mendacia
2144 1663 2599 1747 argutamini”‚
2634 1682 2719 1728 ea·

366 1767 510 1836 dem
557 1788 706 1836 cum
757 1767 1031 1856 synisesi
1075 1787 1203 1853 qua
1254 1765 1579 1833 »dominia
1615 1768 1883 1855 atque”‚
1928 1768 2110 1836 XIII.
2163 1773 2279 1846 14,
2321 1768 2387 1836 ia
2423 1790 2462 1833 a
2502 1776 2569 1835 ut
2601 1766 2720 1836 effi·

367 1876 547 1943 ciant
611 1892 801 1942 unam
872 1873 1204 1962 syllabam.
1301 1873 1424 1940 Sed
1491 1882 1753 1961 propter
1816 1874 2210 1941 Beruensem
2256 1894 2383 1940 non
2432 1876 2720 1962 optimum

367 1981 606 2049 librum
656 1981 768 2067 qui
820 2000 931 2066 pro
977 1982 1186 2067 sures,
1235 1978 1404 2065 quod
1454 1979 1517 2045 in
1564 1980 1833 2066 reliquis
1879 1978 2178 2045 omnibus
2216 1988 2357 2059 est,
2398 1983 2534 2069 suri
2570 1998 2721 2068 prae·

370 2088 517 2165 bet,
583 2094 913 2174 receptum
978 2092 1076 2151 est
1129 2085 1307 2172 'sures'
1362 2085 1682 2151 mendacei
1744 2085 1916 2172 quod
1977 2083 2296 2172 quomodo
2342 2086 2428 2154 M.
2480 2086 2725 2174 explicet

368 2193 670 2260 videatur
729 2190 900 2279 apud
957 2191 1195 2277 ipsum.
1295 2189 1665 2257 »Mendacia
1722 2192 2063 2276 argutari'’
2111 2192 2310 2258 etiam
2362 2194 2505 2260 sine
2552 2194 2725 2259 inter·

372 2308 554 2387 prete
615 2299 774 2364 satis
838 2300 1253 2385 perspicuum
1317 2306 1440 2363 est.
1537 2295 1725 2363 Nulla
1787 2295 1908 2364 hoc
1957 2296 2096 2363 loco
2140 2307 2282 2364 erat
2323 2318 2521 2366 causa
2566 2318 2728 2385 repo·

372 2403 568 2470 nendi
632 2403 710 2470 ei.
805 2402 932 2468 Nec
993 2423 1051 2469 v.
1127 2406 1254 2469 109
1315 2403 1498 2490 »quei
1558 2413 1615 2468 et
1663 2411 1929 2490 poscent
1978 2404 2197 2469 minus
2240 2413 2307 2470 et
2361 2405 2729 2492 praebebunt

372 2510 604 2577 rectiu’
656 2508 925 2588 multo”‚
977 2508 1082 2575 ubi
1134 2508 1397 2596 propius
1451 2506 1532 2574 ad
1572 2507 1769 2575 libros
1810 2508 2061 2578 accedit
2102 2518 2166 2577 et
2204 2512 2529 2578 sententia
2568 2530 2729 2599 prae·

372 2624 501 2684 stat
562 2616 671 2704 qui
718 2625 776 2681 et
820 2626 899 2681 te.
996 2615 1169 2682 Libri
1219 2616 1458 2703 quiete,
1507 2617 1746 2682 omissa
1791 2636 1918 2683 una
1969 2626 2013 2683 t.
2109 2616 2202 2683 lb.
2261 2623 2387 2684 115
2439 2618 2734 2685 »nostreis

370 2724 618 2789 animos
681 2721 1026 2788 adtendere
1089 2721 1326 2789 dictis’'
1385 2720 1552 2808 quod
1621 2721 1769 2787 libri
1833 2722 2069 2790 habent
2129 2734 2375 2791 nostros
2436 2745 2559 2792 non
2605 2741 2735 2789 con·

374 2831 536 2897 tinet
585 2830 929 2915 vestigium
974 2825 1353 2914 diphthongi
1400 2826 1513 2893 sed
1555 2827 1781 2894 vitiose
1821 2840 2064 2895 nostros
2101 2831 2281 2896 exitu
2325 2830 2731 2898 assimilatum

372 2951 470 3003 est
535 2936 827 3023 proximo
890 2932 1214 3001 vocabulo.
1308 2932 1643 2999 Ablativus
1688 2935 1941 3001 virtutei
1990 2935 2248 3003 xxvn.
2303 2942 2391 3004 49
2444 2965 2585 2996 »-·υ
2616 2934 2733 3023 pri·

373 3061 551 3107 mum
601 3060 727 3128 qua
775 3040 1042 3107 virtutei
1091 3040 1470 3106 servitutem
1520 3038 1913 3106 excluserit”
1959 3042 2207 3108 incerto
2247 3043 2489 3111 nititur
2529 3040 2731 3110 funda-

375 3154 596 3214 mento
637 3145 843 3212 ‘unius
901 3147 1127 3224 Bern.,
1179 3146 1247 3211 in
1295 3164 1423 3231 quo
1469 3145 1798 3227 virtulem,
1848 3167 2004 3233 ergo
2058 3167 2174 3233 pro
2224 3150 2514 3219 »virtute
2557 3148 2735 3217 servi-

372 3252 626 3319 tutem’'
697 3251 779 3339 (si
844 3249 1005 3318 haec
1066 3270 1215 3318 vera
1281 3250 1496 3339 lectio)
1564 3252 1915 3318 »virtutem
1981 3254 2341 3322 servitute'’
2404 3258 2735 3344 scriptum,

374 3355 749 3425 confusione
795 3357 1004 3424 solita.
1100 3356 1226 3423 Nec
1275 3356 1453 3423 locus
1502 3375 1578 3423 ex
1628 3356 1711 3423 Μ.
1761 3358 2210 3428 emendatione
2257 3364 2561 3432 convenit
2601 3378 2735 3428 cum

371 3464 561 3533 Nonii
604 3463 1061 3551 explicatione:
1112 3463 1485 3542 excludere,
1536 3461 1806 3530 liberare
1856 3463 2172 3554 (revocare
2222 3467 2320 3557 B.)

468 3571 581 3641 His
639 3569 911 3656 aliisque
972 3567 1051 3635 de
1099 3588 1367 3635 numero
1415 3568 1800 3636 substractis
1849 3570 2165 3657 quaedam
2219 3580 2477 3641 tantum
2524 3572 2735 3658 exigua

373 3677 649 3763 vestigia
711 3674 1092 3763 diphthongi
1158 3684 1527 3763 supersunt.
1623 3674 1838 3741 Veluti
1907 3676 2137 3745 XXVI.
2213 3682 2300 3745 52
2372 3680 2617 3768 quidni
2676 3677 2734 3741 in

375 3783 528 3870 quid
571 3783 642 3847 m'
686 3793 745 3848 et
791 3780 984 3859 abiit,
1031 3780 1201 3869 quod
1247 3801 1324 3847 ex
1374 3779 1617 3847 unciali
1664 3782 1987 3869 scriptura
2033 3784 2098 3849 in
2150 3804 2280 3871 qua
2325 3796 2351 3851 t
2391 3794 2458 3853 et
2500 3787 2526 3852 i
2567 3780 2734 3850 facile

373 3886 864 3956 confunduntur
907 3887 1215 3975 explicari
1265 3895 1515 3974 potest3
1588 3886 1996 3975 eundemque
2039 3909 2327 3957 errorem
2376 3890 2570 3959 habes
2612 3890 2731 3955 inc.

377 4000 460 4061 77
509 3992 806 4080 quidnei?
869 4004 1077 4060 scruta
1124 3993 1405 4080 quidem,
1464 3990 1649 4058 codd.
1697 3993 1920 4079 quidni
1964 4004 2062 4075 et,
2110 4015 2283 4064 nunc
2331 4018 2370 4064 a
2418 3997 2499 4063 Μ.
2548 4003 2732 4063 muta·

370 4107 538 4167 tum.
635 4098 773 4164 Huc
842 4098 1082 4166 reseras
1152 4099 1336 4165 velite
1402 4119 1477 4166 ex
1538 4098 1774 4178 veitae,
1848 4099 2080 4169 XXVI.
2151 4106 2275 4181 793
2346 4102 2570 4170 XXVI.
2625 4102 2735 4166 26:
2846 4101 2847 4162 l

376 4206 632 4272 »animo
679 4205 788 4291 qui
839 4207 1175 4292 aegrotat”
1224 4204 1374 4306 lib-ri
1421 4226 1575 4292 que,
1630 4205 1801 4290 quod
1849 4205 2101 4274 librarii
2149 4223 2276 4275 non
2326 4209 2643 4277 dedissent
2684 4205 2735 4271 si
2846 4271 2847 4276 ,

372 4311 482 4398 qui
523 4310 952 4385 invenissent;
996 4330 1072 4376 ex
1123 4310 1265 4396 quei
1315 4311 1481 4375 male
1528 4309 1853 4377 intellecto
1901 4311 2110 4380 secere
2156 4336 2296 4401 que.
2371 4317 2492 4382 Pro
2534 4312 2737 4380 simitu
2846 4357 2847 4360 ,

374 4415 570 4482 XXX.
637 4420 713 4480 17
775 4416 843 4480 in
892 4414 1071 4482 Leid.
1127 4414 1482 4482 secundum
1540 4415 1619 4482 M.
1667 4424 1768 4496 est
1813 4418 2078 4497 simeln,
2127 4420 2301 4489 unde
2346 4421 2589 4491 einaim
2630 4436 2733 4485 sn-
