2934 5050
1065 323 1462 372 comecnnn
1527 325 1759 373 mrim.
2442 309 2566 372 451

221 496 520 583 Cogitanti
591 512 816 561 versus
884 489 1025 559 illos
1086 491 1361 559 Graecos
1423 510 1549 557 non
1616 492 1832 578 inepta
1902 489 2224 558 videbitur
2293 490 2575 576 suspicio

222 602 543 689 scripsisse
593 598 1041 685 Propertium:

474 725 576 771 me
624 705 801 770 iuvat
840 710 907 768 et
952 700 1156 768 multo
1201 710 1485 766 mentem
1536 719 1842 766 unacum
1890 700 2119 789 Lyaeo.

220 807 421 875 Malim
468 820 683 876 tamen
736 807 998 894 propius
1044 803 1125 870 ad
1172 804 1510 871 literarum
1560 804 1796 870 ductus
1841 806 2197 890 corrigere:

475 934 578 981 me
626 914 806 979 iuvat
852 920 920 978 et
965 910 1171 977 multo
1219 921 1499 976 mentem
1549 930 1795 988 runcina
1844 911 2078 997 Lyaeo·

220 1025 286 1082 ut
317 1019 546 1105 fulcire
593 1026 658 1085 et
706 1017 1032 1105 suffulcire
1079 1034 1313 1102 corpus
1359 1015 1531 1080 cibus
1570 1013 1812 1080 dicitur
1849 1034 1885 1081 a
1923 1014 2221 1080 Lucretio
2247 1012 2347 1088 11,
2402 1015 2572 1078 1146

218 1128 277 1186 et
318 1121 436 1200 1v,
484 1126 640 1190 865.
715 1121 1029 1189 Similiter
1073 1121 1222 1185 vino
1270 1128 1552 1186 mentem
1597 1120 1833 1207 fulcire
1880 1120 2120 1206 optime
2157 1118 2357 1184 dicas.

873 1351 886 1362 -
1573 1307 1650 1376 H.
1703 1307 1871 1376 vAN
1918 1302 2478 1374 HERWERDEN.

301 1410 671 1480 Scribeham
724 1432 944 1480 mense
992 1412 1239 1478 Martio.

674 1765 1092 1818 eucnemon
1143 1763 1555 1818 nssnono‘rus
1604 1746 1753 1833 vn,
1814 1746 1993 1835 168,
2046 1746 2112 1818 3.

301 1939 624 2010 Dicuntur
685 1941 1026 2030 Corcyraei
1075 1939 1211 2022 περὶ
1257 1949 1564 2008 ΠΤΛΟΝ
1610 1939 1715 2005 καὶ
1761 1940 2067 2021 Ταίναρον
2111 1944 2232 2018 γῆς
2279 1948 2390 2014 τῆς
2436 1949 2579 2005 Λα·

220 2046 607 2125 κεδαιμονίων
664 2045 1069 2128 ἀνακωχεύειν
1111 2045 1232 2117 τὰς
1280 2045 1439 2117 νέας.
1513 2047 1594 2111 At
1640 2042 1943 2110 credibile
1993 2063 2115 2110 non
2165 2051 2296 2116 est,
2342 2046 2578 2130 Corcy-

222 2169 391 2216 raeos
440 2160 624 2217 tanto
673 2148 1005 2216 intervallo
1043 2165 1236 2215 naves
1277 2170 1429 2215 suas
1468 2150 1860 2226 seiunxisse,
1916 2147 2012 2214 vel
2057 2148 2208 2234 quia
2265 2146 2357 2210 sic
2404 2147 2578 2211 omni

228 2257 429 2340 specie
490 2252 757 2320 carebat
815 2274 1034 2320 eorum
1093 2263 1462 2340 praetextus
1510 2252 1970 2320 affirmantium
2021 2272 2090 2320 se
2138 2252 2253 2317 ὑπὸ
2302 2249 2581 2325 ἐτησιέων

225 2359 451 2437 ἀνέμων
520 2359 930 2441 ὑπερβαλέειν
987 2359 1252 2434 Μαλέην
1312 2361 1419 2424 οὐκ
1478 2356 1628 2431 οἵους
1691 2384 1763 2425 τε
1808 2356 2127 2437 γενέσθαι.
2202 2361 2359 2429 vide
2426 2369 2462 2451 §
2514 2368 2578 2432 5.

222 2461 369 2530 Nam
418 2466 472 2530 si
519 2465 690 2551 parti
732 2467 993 2530 navium
1035 2463 1115 2529 ad
1158 2464 1519 2530 Taenarum
1564 2484 1767 2550 usque
1806 2483 1919 2550 per
1955 2474 2178 2532 ventos
2216 2467 2404 2538 licuit
2446 2490 2582 2558 per·

220 2571 464 2646 venire,
536 2566 656 2636 cu‘r
702 2571 765 2635 in
823 2569 1033 2636 medio
1075 2590 1273 2635 cursu
1323 2569 1758 2635 substiterunt
1804 2570 2129 2656 reliquae?
2206 2577 2580 2654 Praeterea,

222 2674 271 2737 si
329 2682 507 2740 tanta
572 2685 740 2741 esset
798 2674 1086 2741 locorum
1137 2684 1641 2741 memoratorum
1682 2673 2024 2753 distantia,
2075 2683 2411 2764 repetitam
2470 2702 2581 2747 ex-

221 2787 535 2862 pectasses
577 2782 1109 2866 praepositionem
1138 2781 1291 2861 περί.
1344 2780 1503 2845 Erat
1542 2787 1759 2846 autem
1802 2780 1865 2844 in
1909 2781 2047 2866 ipsa
2076 2782 2383 2851 Laconica
2412 2784 2581 2851 haud

226 2881 307 2948 ita
351 2883 579 2970 procul
625 2904 661 2949 a
708 2885 994 2951 Taenaro
1041 2884 1194 2951 urbs
1231 2884 1462 2950 nobilis
1508 2887 1832 2951 maritima
1876 2885 2180 2963 Οἵτυλος,
2230 2899 2586 2957 memorata

231 2986 349 3053 iam
408 2989 488 3054 ab
556 2989 829 3055 Homero
875 2989 947 3056 11.
997 3010 1063 3068 a,
1110 2995 1282 3069 485,
1329 3009 1495 3075 quae
1542 2998 1705 3056 teste
1752 2988 2063 3058 Strabone
2109 2991 2295 3072 VIII,
2338 3014 2402 3080 p.
2454 2999 2586 3062 560

233 3093 413 3158 etiam
462 3094 675 3166 Τύλος
722 3093 1078 3162 dicebatur.
1151 3093 1311 3160 vide
1355 3095 1561 3179 igitur
1606 3115 1687 3161 ne
1734 3094 2040 3162 historiae
2088 3107 2269 3184 pater
2314 3100 2586 3187 scripse·

229 3196 336 3264 rit:
403 3199 541 3279 περὶ
601 3208 911 3266 ΤΤΛΟΝ
957 3199 1063 3264 καὶ
1108 3199 1411 3279 Ταίναρον
1455 3208 1574 3277 γῆς
1620 3208 1731 3275 τῆς
1778 3202 2277 3281 Λακεδαιμονίων
2321 3205 2451 3270 κτὲ.
2533 3286 2540 3301 ο

2075 3382 2148 3447 Η.
2198 3404 2256 3450 v.
2309 3385 2384 3450 Η.

778 3705 1197 3759 scnouASTA
1246 3704 1578 3760 PLATONIS
1626 3706 2057 3762 EMENDATUS.

315 3878 667 3946 Scholiasta
722 3880 803 3945 ad
849 3881 1133 3949 Platonis
1170 3882 1388 3968 Remp.
1432 3898 1574 3969 pag.
1605 3886 1734 3948 498
1758 3904 1817 3950 Α.
1859 3884 2153 3970 scripsit:
2202 3883 2595 3966 Ἡράκλειτος

235 3983 521 4056 Βαθέωνος
583 3984 909 4067 Ἐφέσιος,
977 3997 1041 4054 et
1105 3989 1198 4053 sic
1247 3987 1485 4052 diserte
1537 3988 1597 4052 in
1651 3988 1942 4054 Parisino
1985 3999 2042 4054 A
2092 3990 2406 4075 scriptum
2452 4010 2594 4057 esse

239 4085 372 4151 vidi.
440 4089 699 4175 Triplex
760 4090 826 4154 in
898 4110 1025 4157 uno
1095 4091 1398 4158 vocabulo
1455 4092 1760 4158 mendum
1803 4102 1925 4161 est.
1994 4094 2066 4160 In
2116 4105 2592 4162 BAeenNOC

234 4184 382 4256 latet
420 4212 645 4260 verum
695 4214 924 4261 nomen
971 4206 1484 4274 BAoanOC,
1523 4197 1916 4279 Ἡράκλειτος
1955 4198 2258 4274 Βλόσωνος
2285 4200 2594 4285 Ἐφέσιος.

2082 4386 2148 4451 C.
2208 4387 2282 4452 G.
2339 4387 2410 4452 C.
