2934 5050
1233 317 1610 366 aaronica.
2481 295 2613 365 377

193 489 413 553 tiores
466 493 531 554 et
576 485 971 553 delicatiores
1034 506 1226 571 quam
1287 484 1747 553 Athenienses?
1812 485 2028 561 πόθενς
2094 489 2325 551 πολλοῦ
2376 509 2457 565 γε
2503 486 2614 552 καὶ

192 592 319 657 δεῖ.
429 592 800 658 Reddamus
857 593 1063 679 igitur
1108 611 1326 657 censeo
1371 592 1567 657 sciolo
1585 639 1602 669 ‚
1665 592 1950 676 quisquis
1998 595 2094 656 est
2110 639 2127 669 ‚
2192 609 2377 656 suam
2420 610 2615 658 anno·

196 697 660 762 tatiunculam
706 700 770 761 et
815 696 1064 761 dictum
1109 695 1385 762 Socratis
1430 699 1701 782 pristino
1744 697 1950 761 nitore
1995 695 2373 781 splendebit.

295 799 545 886 Neque
605 804 823 866 tamen
884 802 1023 867 heri
1085 806 1197 865 aut
1253 802 1491 867 nudius
1550 803 1781 866 tertius
1832 801 2086 865 fatuum
2130 801 2250 866 hoc
2295 799 2616 865 emblema

199 910 278 971 in
327 904 635 971 Platonis
679 901 943 971 Codices
985 907 1259 990 irrepsit.
1330 906 1505 972 Audi
1549 904 1901 970 Aristidem
1945 925 1984 971 a
2026 904 2442 971 Valckenario
2477 902 2618 968 lau·

204 1012 462 1077 datum
523 1010 669 1090 ὑπὲρ
717 1016 835 1074 τῶν
879 1008 1188 1090 τεττάρων
1231 1009 1414 1075 Tum.
1462 1010 1548 1076 Π.
1597 1031 1744 1098 pag.
1796 1008 1948 1076 387.
1995 1009 2188 1076 Dind.
2237 1007 2352 1078 ὧςε
2397 1008 2468 1073 τὸ
2507 1012 2615 1073 τοῦ

203 1113 564 1196 Εὐριπίδου
624 1113 917 1192 γίγνεται
984 1114 1104 1192 »σὺ
1149 1113 1359 1193 λέγεις
1405 1117 1593 1180 ταῦτ’
1638 1116 1746 1180 οὐκ
1794 1115 1980 1193 ἐγώ”.
2072 1113 2253 1179 Idem
2299 1111 2482 1179 Tom.
2528 1110 2617 1177 II.

206 1242 375 1308 pag.
452 1217 559 1285 17.
625 1220 905 1300 dixerat:
975 1216 1091 1289 ὥςε
1154 1221 1204 1284 εἶ
1263 1220 1378 1299 μὶν
1440 1219 1660 1299 βούλει
1720 1218 1791 1284 τὸ
1853 1225 1960 1286 τοῦ
2022 1217 2346 1300 Εὐριπίδου
2391 1218 2498 1282 καὶ
2548 1218 2620 1283 τὸ

212 1330 472 1391 σαυτοῦ
539 1327 717 1409 (cum
776 1324 1044 1389 Platone
1095 1324 1406 1410 loquitur)
1457 1327 1525 1399 νὴ
1576 1324 1703 1389 Δία
1751 1324 2084 1404 συμβαίνει
2128 1326 2277 1401 ησοῦ
2323 1321 2467 1387 τάδ’
2513 1323 2621 1387 οὐκ

216 1431 383 1507 ἐμοῦ
431 1428 697 1501 'eademst’
786 1429 899 1494 Bis
954 1433 1214 1515 respicit
1252 1430 1541 1495 Platonis
1585 1432 1655 1495 in
1699 1430 2015 1494 Alcibiade
2057 1428 2274 1495 locum
2293 1475 2312 1507 ,
2372 1448 2498 1513 quo
2542 1427 2622 1493 de

153 1533 162 1540 ’
217 1537 531 1622 agimus,
580 1541 645 1599 et
690 1539 949 1621 apparet
984 1535 1100 1599 ubi
1140 1535 1333 1601 dicit:
1382 1535 1457 1600 σὺ
1495 1534 1704 1613 λέγεις
1742 1538 1926 1600 ταῦτ’
1963 1536 2071 1601 οὐκ
2109 1534 2231 1612 ἐγώ
2253 1532 2626 1599 huiusmodi

221 1639 395 1724 quid
449 1639 619 1724 apud
663 1638 999 1705 Platonem
1046 1642 1356 1726 scriptum
1403 1640 1619 1706 fuisse.
1697 1637 1824 1705 sed
1866 1640 2200 1705 mendosos
2245 1643 2309 1705 et
2351 1641 2628 1723 interpo-

222 1742 406 1809 latos
478 1745 611 1808 iam
670 1746 823 1810 vivo
881 1745 1162 1810 Aristide
1222 1745 1510 1811 Platonis
1569 1745 1769 1810 libros
1827 1744 2024 1809 fuisse
2085 1749 2152 1809 et
2203 1743 2363 1809 alibi
2406 1741 2630 1814 sedulo

226 1848 646 1915 ostendimus
691 1853 757 1914 et
799 1851 874 1914 in
915 1870 1049 1935 sqq.
1098 1853 1282 1917 novis
1327 1848 1638 1937 exemplis
1682 1848 2102 1915 stabiliemus.

331 2058 647 2123 Alcibiad.
695 2080 841 2147 pag.
895 2058 1047 2126 110.
1086 2078 1150 2125 A.
1217 2059 1321 2126 καὶ
1382 2061 1622 2136 τάληθῆ
1679 2058 2000 2140 ἀποκρίνου
2044 2056 2143 2125 ἵνα
2187 2056 2277 2136 μὴ
2322 2055 2533 2136 μάτην
2580 2058 2632 2123 οἱ

237 2169 581 2240 ΔΙΛλογοι
653 2164 1014 2243 γίγνωνται.
1110 2163 1533 2231 Scribendum
1601 2166 1652 2230 οί
1698 2163 1896 2242 λόγοι.
1968 2162 2188 2228 Unum
2232 2168 2490 2229 tantum
2536 2169 2634 2229 est

235 2268 418 2333 inter
467 2266 794 2334 Socratem
839 2275 904 2335 et
949 2268 1351 2335 Alcibiadem
1396 2269 1787 2356 colloquium
1837 2267 2212 2357 (διάλογος),
2261 2268 2371 2335 sed
2418 2268 2635 2335 omnia

239 2391 412 2456 quae
460 2374 630 2438 inter
672 2394 740 2440 se
783 2372 1136 2460 loquuntur
1180 2375 1258 2440 de
1302 2395 1482 2441 more
1524 2376 1576 2441 οἱ
1623 2372 1796 2454 λόγοι
1852 2374 2270 2460 appellantur.

342 2583 653 2650 Alcibiad.
699 2583 752 2650 1.
799 2605 947 2673 pag.
1002 2584 1152 2651 113.
1194 2605 1254 2653 Β.
1304 2584 1408 2652 οἴει
1455 2586 1528 2662 δὴ
1574 2586 1732 2653 καίν’
1778 2584 1951 2652 ἀττα
1997 2587 2121 2653 δεῖν
2167 2583 2408 2652 ἀκούειν
2454 2586 2636 2670 [ἀπ-ο·

246 2686 474 2764 δείξεις
519 2713 591 2754 τε
636 2689 877 2778 ἑτέρας]
929 2693 1006 2766 ὥς
1054 2698 1174 2758 τῶν
1225 2691 1518 2773 προτέρων
1577 2688 1693 2758 οἶον
1757 2692 2086 2772 σκευαρίων
2131 2690 2639 2770 κατατετριμμέ-

248 2817 362 2858 νων
431 2793 537 2859 καὶ
595 2795 796 2861 οὐκέτ’
858 2794 937 2862 ἀν
1000 2796 1076 2862 σὺ
1138 2798 1307 2863 αὐτοὶ
1355 2797 1708 2878 ἀμπίσχοιο
1732 2846 1749 2875 ,
1809 2799 1860 2862 εἶ
1906 2797 1997 2875 μή
2042 2796 2138 2866 τίς
2184 2818 2276 2860 σοι
2320 2797 2641 2876 τεκμήριον

249 2898 521 2980 καθαρὸν
589 2900 695 2966 καὶ
767 2900 1081 2983 ἄχραντον
1141 2902 1309 2968 οἴσει.
1404 2902 1505 2967 Ad
1567 2901 1728 2966 καίν’
1790 2899 1962 2966 ἄττα
2024 2900 2356 2985 adscripsit
2407 2898 2642 2985 aliquis

250 3002 602 3080 ἀποδείξεις
667 3005 903 3086 ἑτέρας.
997 3006 1193 3073 Recte
1240 3009 1694 3094 interpretatur
1709 3036 1737 3084 ‚·
1779 3008 2066 3092 quisquis
2114 3009 2210 3070 est
2226 3052 2245 3084 ,
2309 3004 2419 3070 sed
2462 3011 2641 3071 erant

251 3107 413 3175 haec
471 3111 540 3172 in
601 3114 894 3198 margine
938 3110 1369 3197 relinquenda.
1462 3112 1641 3177 Perit
1687 3114 1860 3177 enim
1905 3114 2113 3177 omnis
2155 3111 2641 3177 venustissimae

254 3216 753 3300 comparationis
810 3215 989 3302 lepor
1045 3220 1111 3281 et
1155 3218 1397 3303 gratia,
1459 3218 1530 3281 in
1575 3236 1699 3302 qua
1744 3223 2123 3304 argumenta
2147 3263 2165 3294 ,
2223 3215 2455 3301 quibus
2499 3217 2644 3300 quis

255 3323 408 3383 ante
453 3337 609 3383 usus
656 3323 776 3398 sit,
815 3326 1262 3406 comparantur
1297 3341 1447 3386 cum
1469 3327 1648 3389 veste
1672 3322 1939 3401 detrita,
1989 3342 2181 3407 quam
2221 3323 2362 3407 quis
2394 3321 2645 3386 induere

257 3421 756 3508 (ἀμπίσχεσθαι)
817 3430 1069 3490 recusat
1131 3424 1537 3511 postulatque
1601 3430 1676 3492 ut
1736 3428 1860 3493 sibi
1920 3447 2081 3513 pura
2139 3446 2212 3491 ac
2266 3425 2472 3492 nitida
2517 3425 2645 3492 alia

258 3525 581 3593 afferatur.
679 3527 1014 3594 Praeterea
1072 3531 1172 3595 bis
1216 3530 1390 3596 idem
1435 3534 1650 3616 inepte
1696 3531 1935 3598 dicitur
1977 3531 2139 3597 καίν’
2183 3528 2357 3595 ἀττα
2401 3530 2642 3596 ἀποδεί·

260 3627 385 3705 &sec
433 3640 552 3697 Te
598 3631 810 3715 ἑτέρας
827 3679 845 3710 ,
906 3636 1085 3719 quasi
1129 3653 1282 3701 vero
1328 3636 1485 3702 haec
1530 3642 1737 3702 essent
1780 3638 1947 3703 inter
1990 3658 2058 3702 se
2101 3635 2367 3702 diversa.

353 3843 655 3909 Alcibiad.
718 3866 866 3932 pag.
919 3843 1071 3910 114.
1120 3863 1185 3910 D.
1245 3846 1361 3911 Ἴθι
1421 3846 1493 3922 δὴ
1559 3851 1660 3912 νῦν
1706 3847 1912 3923 ἐπειδὴ
1957 3852 2065 3913 τοῦ
2110 3848 2305 3913 αὐτοῦ
2346 3848 2643 3931 Φαίνεται

232 3947 535 4020 ,πολλούς
599 3974 671 4014 τε
732 3950 838 4015 καὶ
904 3946 1009 4015 ἕνα
1072 3951 1296 4017 πείθειν
1345 3953 1407 4017 ἕν
1452 3953 1587 4031 ἐμοὶ
1634 3952 2075 4031 ἐμμελέτησον.
2168 3953 2313 4019 Non
2355 3953 2641 4019 multum

268 4070 306 4114 a
347 4074 500 4119 vero
566 4054 884 4121 aberravit
951 4054 1385 4122 Buttmannus
1453 4058 1516 4121 ἐν
1579 4057 1711 4136 ἐμοὶ
1777 4057 1857 4123 ἓν)
1919 4057 2259 4135 μελέτησον
2317 4078 2639 4143 reponens.

268 4152 392 4221 Sed
441 4162 870 4244 compositum
915 4160 1340 4237 ἐμμελέτησον
1387 4164 1714 4249 integrum
1758 4184 1831 4228 ac
1874 4165 2296 4229 necessarium
2343 4167 2457 4228 est.
2526 4162 2644 4229 Le-

269 4260 599 4342 pidissime
646 4267 817 4329 enim
865 4265 1223 4343 ἐμμελετᾶν
1269 4290 1383 4332 τινι
1430 4271 1496 4332 et
1540 4266 1781 4332 similia
1826 4268 2125 4333 dicuntur
2169 4270 2281 4354 qui
2317 4270 2645 4334 auditorem

273 4368 434 4431 nacti
481 4370 645 4450 apud
684 4393 812 4434 eum
856 4371 1031 4456 quasi
1075 4375 1240 4456 apud
1273 4374 1527 4437 iudicem
1562 4372 1711 4457 quid
1746 4375 1985 4438 valeant
2020 4376 2267 4439 dicendo
2304 4377 2611 4441 ostendant
2627 4422 2644 4452 ‚
