2934 5050
371 303 504 381 258
1169 321 1479 371 nucu-um
1526 322 1599 369 ιτ
1646 322 1951 370 nummu.

469 495 544 561 ln
607 492 899 561 eiusdem
969 492 1118 561 libri
1187 490 1572 578 fragmentis
1632 497 1675 559 9
1732 499 1797 560 et
1871 497 1949 560 15
2010 490 2410 579 explicandis
2464 491 2693 557 nimium

375 601 730 669 artificium
777 599 1044 667 adhibet
1089 599 1172 665 ΙΙ.
1223 599 1440 665 Prius:

734 704 955 773 delicit
1013 703 1184 771 alma
1244 703 1441 770 Ceres
1488 723 1608 770 nec
1655 702 1869 791 plebes
1912 703 2085 791 pani'
2133 703 2379 790 potilur

377 812 657 901 explicat
703 810 784 880 de
827 812 1151 884 convivis;
1197 809 1519 878 alierum:

736 918 954 1006 lippus
996 915 1244 985 edenda
1292 918 1432 983 acri
1478 914 1743 983 assiduo
1786 915 2076 1004 cepariu’
2124 933 2283 999 cepa

373 1024 453 1093 de
517 1026 718 1093 nimio
781 1044 1088 1113 ceparum
1151 1032 1217 1090 et
1265 1022 1547 1090 talarum
1594 1042 1756 1100 usu,
1799 1042 1930 1109 quo
1974 1021 2280 1089 convivae
2324 1019 2405 1087 ad
2449 1020 2703 1086 lacrimas

373 1134 580 1200 eoacli
627 1130 916 1210 luerint,
969 1129 1153 1217 plane
1202 1137 1273 1195 ut
1321 1128 1602 1195 solerent
1648 1130 1915 1215 ceparii.
2010 1126 2141 1194 Sed
2186 1126 2579 1214 proverbium
2624 1131 2705 1191 esl

375 1236 623 1305 dictum
671 1239 732 1304 in
773 1257 919 1315 eos,
967 1237 1079 1323 qui
1127 1234 1207 1301 de
1253 1234 1569 1300 molestiis
1617 1235 1909 1301 muneris
1952 1238 2461 1321 conqueruntur.

474 1347 587 1421 19,
633 1347 743 1411 28.
791 1343 864 1409 ln
914 1341 1015 1407 his
1064 1340 1390 1408 versibus:

689 1449 877 1516 Sicut
931 1468 1083 1515 cum
1134 1449 1381 1534 primos
1430 1445 1584 1512 ficos
1631 1444 1891 1533 propola
1942 1445 2223 1512 recentis

687 1552 964 1621 Protulit
1011 1561 1077 1620 et
1128 1553 1334 1639 pretio
1379 1552 1632 1637 ingenti
1678 1549 1803 1616 dad
1853 1552 2149 1638 primilu'
2199 1570 2437 1637 paucos

377 1670 450 1729 ut
491 1661 786 1728 omittam
827 1658 986 1726 illud
1025 1659 1189 1736 aad,
1212 1657 1382 1745 quod
1409 1658 1465 1722 si
1492 1656 1877 1744 prohemu3‚
1906 1675 2137 1743 parum
2165 1657 2343 1724 abesl
2372 1657 2527 1745 quin
2549 1654 2711 1730 dicia,

377 1768 563 1846 adid,
603 1771 822 1835 simm.
869 1764 1269 1841 scribamus,
1311 1764 1533 1850 inepta
1568 1766 2054 1848 πινακολιτρείᾳ
2092 1762 2273 1830 ducti
2317 1772 2380 1828 el
2411 1779 2713 1829 »veneran-

375 1873 536 1940 dos”
564 1871 759 1938 libros
779 1922 796 1950 ‚
823 1871 1036 1958 qualis
1058 1879 1154 1937 esl
1183 1867 1379 1947 Laid„
1395 1868 1740 1936 adorantes
1766 1911 1849 1924 --
1876 1868 1988 1935 sed
2018 1878 2089 1936 ut
2113 1869 2235 1936 hoc
2264 1869 2518 1935 millam
2542 1917 2558 1946 ‚
2584 1869 2716 1955 siem

375 1977 457 2046 de
485 1977 705 2046 fructu
729 1976 980 2043 arboris
1005 1976 1106 2042 lici
1137 1975 1495 2041 masculino
1515 1995 1751 2060 genere
1777 1985 2131 2063 usurpatur
2152 2025 2169 2053 ‚
2200 1973 2370 2062 quod
2400 1991 2717 2061 nusquam,

377 2083 549 2172 quod
589 2084 824 2161 sciam,
868 2081 1046 2148 alibi.
1095 2080 1220 2148 Sed
1253 2082 1501 2167 primos
1521 2090 1620 2147 est
1647 2102 1774 2148 uno
1800 2090 2054 2148 lautum
2082 2082 2218 2148 loco
2240 2080 2433 2147 Nonii
2466 2085 2606 2147 154.
2626 2082 2718 2153 24,

378 2189 582 2258 altero
642 2193 800 2256 281.
871 2192 954 2255 16
1007 2187 1285 2273 primu-53
1331 2197 1508 2254 recle
1554 2186 1842 2272 Scaliger
1880 2188 2153 2274 primus.
2248 2187 2410 2253 Aliis
2454 2184 2720 2253 acceden-

375 2295 554 2362 tibus
617 2292 1025 2361 inslitoribus
1085 2294 1298 2360 iacent
1362 2294 1590 2379 prelia.
1689 2295 1819 2359 lam
1886 2293 2090 2360 altero
2150 2312 2343 2360 versu
2384 2315 2615 2379 paucas
2649 2289 2721 2356 le·

383 2399 711 2489 gendum;
758 2400 879 2465 nisi
923 2419 1074 2465 vero
1110 2400 1314 2487 qrossi
1350 2398 1730 2466 vocabulum
1774 2420 1974 2466 masc.
2015 2399 2168 2466 velit
2210 2400 2359 2486 quis
2396 2420 2478 2466 ex
2522 2400 2723 2466 omisso

381 2508 499 2598 sici
544 2505 852 2574 vocabulo
898 2506 1356 2594 interpretari,
1405 2515 1473 2573 el
1520 2505 1669 2572 inde
1716 2514 2173 2592 argumentum
2217 2526 2333 2593 pro
2375 2527 2570 2575 masc.
2606 2521 2724 2593 gen.

383 2620 623 2702 petere.
733 2611 858 2679 Sed
920 2611 1125 2678 mullo
1186 2611 1585 2699 probabilius
1645 2621 1747 2678 est
1803 2613 2050 2679 exitum
2108 2633 2209 2678 -os
2273 2614 2336 2678 in
2405 2615 2565 2702 ficos
2615 2628 2741 2679 mu·-

384 2717 567 2786 tandi
608 2740 845 2806 paucas
889 2737 1112 2784 ansam
1159 2716 1432 2784 dedisse.
1526 2716 1721 2784 Ficus
1768 2722 1847 2784 ze
1884 2715 2046 2784 decl.
2087 2716 2279 2784 babel
2317 2727 2384 2785 et
2424 2717 2572 2786 l'em.
2606 2734 2725 2804 gen.

384 2824 673 2893 Lucilius
721 2822 1084 2910 fragmento
1129 2823 1462 2910 superiore
1508 2832 1571 2890 et
1612 2824 1941 2909 proximo=
1988 2823 2141 2890 »lici
2181 2822 2645 2890 comedunlur”
2674 2826 2728 2886 el

385 2952 570 3000 »asse
633 2930 796 2996 duas
863 2929 1090 2996 ficos,”
1150 2968 1242 2979 —
1312 2929 1408 2997 Ad
1453 2929 1791 2997 lectionem
1842 2929 2019 2997 Leid.
2071 2952 2135 3018 p.
2192 2935 2319 2997 154
2365 2930 2626 3018 propala
2660 2923 2727 2992 cl.

382 3039 514 3105 Cic.
579 3037 707 3103 Pis.
755 3056 817 3102 c.
871 3039 999 3115 27,
1053 3033 1159 3101 ubi
1207 3035 1272 3100 in
1321 3035 1591 3122 antiquo
1640 3035 1952 3101 Vaticano
1996 3045 2059 3103 el
2108 3034 2538 3103 deterioribus
2578 3032 2730 3103 libris

383 3151 483 3211 est
524 3141 816 3229 propala.

474 3252 603 3326 23,
651 3252 758 3313 53.
798 3246 1094 3331 ·Longus
1138 3245 1532 3314 mixtarius”
1577 3248 1797 3314 minus
1832 3245 2169 3315 commode
2209 3246 2495 3327 dicitur,
2538 3263 2729 3334 quem·

381 3351 729 3421 admodum
793 3351 1288 3439 improbandum
1353 3361 1556 3420 esset:
1620 3351 1885 3440 longum
1935 3352 2263 3440 poculum.
2362 3354 2585 3442 ltaque
2627 3368 2730 3418 nou

381 3456 922 3548 acquiescendum
976 3458 1231 3527 videtur
1282 3461 1342 3526 in
1395 3458 1709 3526 lectione:

746 3565 990 3631 Urceus
1038 3572 1150 3631 aul
1199 3564 1430 3652 longus
1478 3565 1737 3652 gemina
1790 3565 2133 3632 mixtarius
2179 3583 2358 3631 aure.

477 3671 648 3738 Libri
687 3671 848 3739 Non.
884 3673 1041 3737 546.
1071 3675 1191 3738 29:
1220 3672 1402 3760 lonqe
1422 3671 1670 3758 qemino
1694 3692 1777 3735 m.
1797 3671 1990 3758 paulo
2011 3721 2030 3748 ,
2058 3672 2124 3738 in
2153 3669 2393 3758 quihus
2416 3672 2595 3760 lonqe
2614 3687 2732 3735 ma·

382 3776 617 3844 nil'esto
639 3796 859 3844 errore
883 3776 1311 3844 assimilatum
1338 3785 1433 3843 esl
1463 3779 1751 3863 proximo
1777 3777 2140 3864 »yemino’'.
2197 3776 2601 3844 Adieclivum
2623 3775 2733 3841 10·-

380 3904 502 3971 9us
540 3892 753 3970 potest
793 3879 1241 3947 tantummodo
1273 3881 1453 3968 iungi
1479 3902 1626 3947 cum
1656 3890 1983 3969 postremo
2008 3882 2354 3964 vocabulo,
2384 3883 2550 3971 quod
2573 3878 2735 3970 quale

380 3987 581 4056 luerit
618 3989 975 4063 incertum3
1016 3986 1128 4053 sed
1167 3988 1218 4053 si
1261 4006 1410 4068 cum
1455 3988 1681 4075 lonqus
1721 3987 2156 4075 iungendum,
2195 3990 2374 4055 auris
2415 3988 2605 4056 fuisse
2625 4001 2734 4052 nou

381 4103 613 4184 polest.
710 4093 926 4160 Malim
993 4094 1202 4172 truta,
1264 4113 1393 4180 qua
1453 4094 1520 4160 ni
1587 4096 1825 4161 mirum
1896 4095 2118 4161 vinnm
2185 4096 2503 4163 miscetur
2562 4101 2623 4161 el
2678 4091 2732 4156 ia

379 4198 608 4290 pocula
674 4198 987 4267 funditur.
1083 4202 1247 4266 Tum
1308 4202 1598 4289 qeminus
1649 4199 2103 4278 scribendum,
2156 4220 2418 4289 nempe:
2465 4200 2736 4289 geminus

377 4325 609 4384 urceo,
655 4325 946 4393 compar.
1023 4306 1412 4393 Scripserim
1462 4307 1702 4393 igitur:
2838 4291 2839 4308 ἶ

741 4411 984 4479 Urceus
1028 4421 1142 4478 aul
1193 4410 1379 4497 longa
1428 4414 1733 4497 geminus
1778 4412 2112 4482 mixtariu'
2160 4413 2353 4481 trula.
