2934 5050
2442 104 2627 340 ξολ

909 293 997 342 AD
1042 293 1503 343 An'moLOGLAM
1547 292 1936 345 PALAwmAM.

213 468 411 537 ,mine
462 461 653 535 ὄλκοὶς
698 463 890 531 ducto
935 484 972 530 s
1016 465 1210 532 verbo
1252 460 1488 540 ἕλκειν,
1533 469 1609 530 ut
1652 463 1850 530 lector
1894 462 2134 550 cogitet
2178 462 2256 527 de
2293 461 2608 528 illecebris

233 572 610 636 meretriciis
624 617 643 648 ‚
699 570 932 655 quibus
988 572 1150 636 istae
1191 570 1610 636 mulierculae
1653 569 1983 636 naucleros
2026 568 2106 634 ad
2152 589 2218 633 se
2264 567 2602 633 traherent.

233 675 339 741 Ad
381 675 660 754 εἰκοσόροι
707 674 786 740 cf.
832 675 1203 742 Manem
1245 674 1336 753 V,
1383 674 1557 752 204,
1610 674 1729 740 10:

418 777 698 853 Δῦςανδς
743 782 813 858 γ’
857 771 919 854 ὃς
967 778 1112 861 ζωὸς
1160 778 1249 845 ἔτ’
1297 780 1374 845 ὢν
1416 779 1827 860 Ἀχερουσίδα
1871 779 2097 857 λίμνην

505 882 813 950 tuboe&
859 882 1054 951 ἄνωθ’
1103 886 1334 965 ἐπιβὰς
1381 888 1573 966 γραὸς
1616 886 1718 950 ἐπ’
1764 885 2060 966 εἰκοσόρῳ.

322 989 616 1058 Navibus
657 992 792 1056 suis
809 1036 828 1069 ‚
876 992 920 1057 i.
968 1011 1025 1057 e.
1072 991 1435 1077 corporibus
1451 1039 1469 1069 ,
1517 995 1801 1057 vectores
1844 989 2082 1057 tollunt
2124 989 2450 1056 naucleros
2497 988 2603 1076 (cf.

229 1093 325 1169 V,
392 1093 484 1160 44
537 1100 605 1161 et
668 1093 832 1175 159,
893 1094 1022 1174 IX,
1081 1094 1214 1161 415
1275 1101 1340 1161 et
1385 1094 1566 1181 416),
1616 1094 1727 1161 sed
1770 1114 1922 1162 mox
1964 1096 2207 1161 eiciunt
2247 1097 2403 1180 ipsis
2448 1114 2603 1160 nsu-

227 1199 431 1288 fragis
472 1202 857 1280 miseriorem
906 1207 1185 1280 ναυηγῶν
1233 1198 1515 1274 ἥσσονας.
1588 1200 1873 1265 Permire
1916 1204 2132 1266 tamen
2171 1199 2400 1277 ἥσσων,
2437 1199 2603 1284 infe-

227 1306 394 1383 rior,
456 1305 524 1371 h.
585 1304 632 1370 l.
688 1308 1015 1373 notionem
1070 1305 1282 1371 induit
1341 1308 1479 1370 eius
1537 1304 1707 1391 quod
1762 1310 1859 1369 est
1911 1304 2183 1369 miserior
2199 1354 2217 1381 ‚
2265 1310 2330 1370 et
2374 1324 2605 1390 parum

229 1410 556 1500 eleganter
605 1417 794 1496 poeta
851 1432 957 1478 eos
1016 1413 1128 1496 qui
1186 1413 1255 1476 in
1313 1411 1434 1476 hoc
1485 1409 1762 1498 figurato
1806 1429 2096 1475 sermone
2137 1411 2263 1495 ipsi
2310 1410 2606 1498 naufragi

231 1516 486 1586 dicendi
551 1522 757 1596 erant,
826 1518 1153 1605 naufragis
1217 1521 1405 1583 vocat
1467 1519 1847 1582 miseriores.
1942 1515 2189 1597 Quibus
2258 1517 2336 1582 de
2397 1519 2603 1583 causis

230 1621 643 1688 vehementer
670 1622 897 1689 dubito
930 1622 1009 1688 de
1028 1623 1260 1689 horum
1282 1620 1740 1689 vocabulorum
1763 1624 2053 1688 sanitate.
2101 1622 2600 1708 Exspectabam:

690 1728 962 1807 γυμνοὺς
1009 1753 1040 1792 ν
1057 1751 1152 1792 αυ
1169 1752 1203 1802 n
1222 1751 1268 1805 γ
1289 1751 1317 1792 ο
1337 1729 1372 1793 ὺ
1390 1752 1420 1800 ς
1446 1764 1533 1776 -
1558 1724 1885 1806 ἐξέβαλεν.

321 1831 454 1899 Sed
496 1833 651 1918 quid
692 1831 891 1899 latest
933 1835 1001 1897 in
1046 1833 1298 1910 ἥσσονας
1320 1880 1338 1911 ,
1385 1831 1669 1898 nondum
1714 1834 1977 1918 reperio.
2047 1832 2108 1899 N
2111 1852 2218 1899 am
2263 1832 2429 1918 quod
2467 1832 2608 1897 lite-

228 1939 319 2003 ris
379 1940 672 2004 vicinum
734 1943 831 2004 est
873 1937 1052 2021 ᾐόνας
1100 1942 1214 2006 sut
1256 1935 1460 2019 ᾖδναδ·
1505 1941 1581 2002 ut
1624 1936 1898 2002 sufficiat
1941 1937 2130 2004 valde
2174 1957 2410 2004 vereor.
2504 1936 2605 2003 In-

232 2050 406 2110 terea
449 2043 730 2109 conferas
772 2041 931 2119 VH,
981 2042 1133 2107 501.

506 2148 699 2229 Εὗρον
741 2147 1059 2229 χειμέριαί
1101 2172 1172 2213 σε
1218 2147 1583 2225 καταιγίδες
1632 2146 2166 2226 ἐξεκύλισαν,

600 2254 823 2330 Φίλλι,
869 2252 1237 2333 πολυκλύςῳ
1284 2252 1602 2332 γυμνὸν
1649 2252 1750 2318 ἐπ’
1797 2251 2018 2327 ἠιόνι.

320 2358 549 2446 Epigr.
600 2355 767 2437 171,
819 2356 860 2424 3
906 2379 998 2444 sq.

509 2459 634 2530 effi·
681 2463 794 2530 ὑπ’
841 2463 1005 2543 ἐμοῖς
1054 2467 1155 2529 νῦν
1198 2463 1441 2543 χείλεσι
1488 2463 1719 2544 χείλεα
1765 2461 2012 2530 θεῖσα

596 2569 857 2639 &nevel
904 2570 1126 2650 ψυχὰν
1171 2569 1288 2634 τὰν
1334 2572 1395 2634 ἐν
1440 2569 1572 2648 ἐμοὶ
1618 2572 1857 2651 προπίω
1882 2621 1897 2636 .

321 2676 468 2742 Imo
512 2676 610 2740 ἐπ’
636 2711 724 2725 —-
746 2673 959 2743 θεῖσα.

322 2781 551 2869 Epigr.
603 2777 758 2847 174.

419 2883 635 2960 Εὕδεις
656 2935 676 2965 ,
724 2885 1078 2968 Ζηνοφίλα,
1125 2885 1418 2968 τρυφερὸν
1462 2883 1662 2957 θάλος
1684 2935 1697 2950 .
1741 2883 1886 2952 Εἴθ’
1934 2887 2031 2951 ἐπὶ
2083 2888 2172 2952 σοὶ
2223 2891 2321 2951 νῦν

508 2989 773 3073 ἄπτερος
819 2993 1121 3074 εἰσῄειν
1162 2989 1391 3065 ‘'Ta-voc
1438 2990 1542 3056 ἐπὶ
1587 2990 1955 3074 βλεφάροις.

406 3101 486 3172 ὥς
537 3097 640 3163 ἐπὶ
687 3096 777 3162 σοὶ
825 3097 974 3175 μηδ’
1021 3092 1190 3169 οὗτος
1237 3097 1265 3161 ὃ
1312 3096 1421 3162 καὶ
1467 3098 1615 3168 Διὸς
1658 3095 1928 3175 ὄμματα
1971 3095 2222 3175 &dayam

495 3203 939 3286 Φοισήσαι,
988 3202 1261 3282 κατέχον
1303 3204 1358 3269 δ’
1403 3203 1593 3275 αὐτὸς
1639 3200 1762 3281 ἐγώ
1809 3225 1879 3267 σε
1926 3201 2142 3280 μόνος.

226 3309 335 3376 Vs.
399 3313 626 3395 quarto
679 3307 962 3375 soloecus
1020 3313 1117 3374 est
1162 3309 1488 3393 optativus
1502 3354 1520 3385 ,
1567 3327 1770 3392 neque
1812 3309 2016 3393 ipsius
2059 3312 2282 3393 poetae
2327 3328 2603 3374 errorem

232 3436 369 3482 esse
429 3418 690 3500 apparet
732 3434 768 3479 e
811 3416 1100 3499 sequenti
1142 3412 1497 3479 Indicstivo
1510 3460 1528 3490 ,
1577 3413 1689 3497 qui
1735 3418 1907 3478 certa
1944 3411 2091 3500 lege
2135 3414 2421 3499 sequitur
2462 3419 2606 3499 post

228 3526 463 3587 votum
506 3537 632 3584 non
674 3516 1021 3603 expletum.
1094 3517 1480 3599 Quantocius
1523 3516 1986 3603 reponendum:

504 3622 833 3702 φοίτησεν,
879 3622 1152 3703 κατέχον
1196 3623 1249 3688 δ’
1299 3624 1486 3696 αὐτὸς
1534 3622 1658 3700 ἐγώ
1705 3644 1776 3686 σε
1823 3620 2022 3701 μόνος.

225 3726 548 3795 Similiter
589 3748 782 3814 supra
822 3748 920 3813 ep.
967 3726 1056 3793 84
1073 3775 1093 3805 ,
1140 3730 1184 3793 2
1230 3729 1538 3793 sermonis
1582 3728 1745 3793 ratio
1788 3725 2102 3812 postulat:
2148 3723 2283 3792 εἴθε
2312 3765 2394 3776 -
2420 3727 2602 3806 γενό-

227 3857 356 3912 μην
379 3870 466 3883 --
490 3831 655 3914 ὄφρα
676 3869 768 3882 -
789 3833 992 3913 χαρί
1007 3856 1104 3898 σω
1151 3853 1262 3918 pro
1308 3830 1560 3916 χαρίσῃ.

318 3938 545 4027 Epigr.
598 3936 729 4004 180
747 3984 766 4017 ,
817 3936 880 4004 6.

320 4042 572 4112 Codex:
616 4042 879 4122 γενέτας
928 4041 983 4107 δ’
1029 4043 1169 4108 οὔτε
1217 4065 1338 4114 τις
1383 4042 1524 4109 οὔτε
1572 4042 1810 4114 τινός.

229 4150 375 4217 Non
440 4149 800 4235 recipienda
856 4148 1063 4214 fuerat
1116 4146 1156 4213 J
1159 4149 1395 4214 acobsii
1452 4150 1754 4213 correctio
1811 4147 1954 4214 οὔτε
2018 4148 2095 4213 τί
2110 4170 2139 4217 ς
2198 4147 2337 4213 οὔτε
2403 4150 2559 4223 τίνος
2576 4200 2592 4223 ,

230 4276 382 4322 nam
442 4254 731 4320 inaudita
790 4259 885 4320 est
945 4252 1188 4337 ellipsis
1247 4259 1352 4318 τοῦ
1408 4252 1607 4330 ἴσμεν.
1692 4253 1835 4319 Nisi
1886 4253 2103 4330 fallor,
2153 4259 2373 4337 poetae
2417 4276 2599 4320 mens
