2934 5050
2715 10 2857 26 -’““-“’

347 272 475 334 322
1015 290 1099 335 AD
1147 287 1605 337 ANTHOLOGIAM
1658 288 2043 335 mmmmm.

344 460 545 522 cuisse
606 461 845 522 incerto
907 459 1099 523 huius
1163 461 1650 545 epigrammatis
1715 460 1989 532 auctori,
2018 481 2023 485 ·
2053 457 2325 519 scribere
2384 459 2550 516 cerie
2603 472 2712 515 non

341 562 552 646 potuit
572 608 589 637 ,
641 562 828 647 quale
872 563 1060 628 hodie
1109 563 1319 628 editur
1336 609 1352 638 ‚
1402 565 1668 628 tertium
1715 561 2065 626 distichon:

530 664 740 731 πάντα
790 667 957 747 γάρ,
1005 664 1163 732 ὅσσα
1211 670 1479 744 βροτοῖσι
1526 670 1699 746 φέρει
1748 665 1959 743 κλέος,
2012 661 2139 736 ἦεν
2190 662 2501 727 ἰδέσθαι

622 774 1005 848 εὐγενίην
1050 772 1368 850 ἕρατήν,
1420 771 1665 847 ἤθεα,
1717 769 2251 851 σωφροσύνην.

349 880 459 960 qui
514 879 881 943 Accusativi
923 877 1172 942 nullam
1221 876 1573 940 admittunt
1618 878 2225 960 interpretationem.
2308 875 2401 937 Ac
2446 873 2721 956 primum

344 982 603 1064 quidem
673 980 843 1044 haud
912 980 1102 1044 dubie
1170 983 1519 1063 requiritur
1589 977 1670 1051 ἦν
1732 979 2174 1052 ἐνιδέσθαι,
2241 984 2371 1040 erat
2422 977 2619 1039 videre
2659 975 2721 1036 in

349 1086 712 1161 Harmonia,
789 1088 856 1148 in
927 1087 1107 1148 cuius
1169 1085 1473 1153 honorem
1550 1084 1793 1147 factum
1854 1089 1951 1146 est
2010 1084 2442 1166 epigramma,
2506 1079 2722 1143 deinde

349 1189 751 1255 scribendum
799 1191 1115 1272 suspicor:

623 1294 1000 1371 εὐγενίη,
1052 1294 1401 1372 ἐρατείν’
1449 1290 1695 1366 ἤθεα,
1749 1289 2245 1371 σωφροσύνη.

352 1400 626 1466 admisso
663 1398 846 1462 hiatu
865 1444 882 1473 ‚
927 1397 1181 1482 qualem
1221 1400 1485 1463 seriores
1518 1401 1739 1480 poetae
1768 1395 2092 1460 interdum
2126 1395 2205 1459 ad
2228 1394 2505 1460 Homeri
2528 1413 2723 1456 exem·

353 1502 537 1584 plum
551 1503 672 1566 sibi
689 1504 1130 1585 permiserunt,
1149 1506 1382 1588 quique
1400 1506 1534 1586 ipse
1551 1500 1945 1586 corruptelae
1958 1521 2178 1566 ansam
2195 1499 2456 1564 videtur
2471 1498 2718 1563 dedisse.

441 1605 661 1693 Epigr.
715 1605 882 1682 351,
935 1607 973 1669 5
1023 1627 1154 1690 sqq.

533 1713 742 1775 Ἀλλὰ
791 1708 940 1774 καθ’
994 1711 1288 1791 ἡμετέρης
1337 1718 1552 1785 γενεῆς
1601 1711 1847 1790 ῥιγηλὸν
1895 1709 2104 1796 ὄνειδος

623 1818 841 1894 φήμην
887 1839 956 1880 τε
1006 1818 1267 1893 ςυγερήν
1307 1813 1574 1892 ἔβλυσεν
1621 1813 1996 1895 ’Λρχίλοχος
2024 1864 2037 1878 .

542 1918 962 2000 Ἀρχίλοχον,
1012 1921 1110 1996 μοὶ
1159 1917 1339 1990 θεοὺς
1387 1919 1491 1982 καὶ
1539 1920 1879 1996 δαίμονας,
1928 1919 2054 1984 οὔτ’
2105 1920 2165 1981 ἐν
2217 1920 2477 1995 οὶγυιαῑς

625 2024 940 2101 εἴδομεν
989 2020 1122 2088 οὔθ’
1168 2021 1354 2102 Ἥρης
1405 2023 1466 2087 ἔν
1513 2022 1783 2102 μεγάλῳ
1828 2022 2093 2100 τεμένει.

358 2129 525 2207 ,,Η13
574 2132 778 2214 igitur
836 2130 903 2192 in
960 2126 1160 2192 locis”
1225 2129 1317 2192 ait
1360 2126 1399 2192 J
1402 2128 1692 2192 acobsius
1740 2130 1995 2212 „turpia
2040 2148 2077 2191 a
2121 2125 2357 2211 puellis
2398 2126 2535 2192 illis
2583 2127 2729 2212 (Ly-

356 2234 566 2302 cambi
624 2232 899 2304 filiabus)
962 2231 1240 2295 admissa
1285 2231 1480 2296 fuisse
1528 2232 1775 2296 dixerat
1818 2230 2302 2296 Archilochus.”
2350 2231 2568 2296 Facile
2611 2252 2731 2296 cre-

356 2337 602 2411 dimus,
665 2335 773 2399 sed
830 2339 1109 2419 permira
1172 2341 1389 2399 tamen
1437 2342 1533 2399 est
1578 2331 1940 2418 puellarum
1986 2334 2294 2412 defensio,
2345 2335 2517 2419 quod
2566 2339 2733 2419 ipsae

355 2438 811 2506 Archilochum
878 2460 1000 2504 non
1071 2439 1385 2504 viderint:
1450 2438 1803 2503 sufficiebat
1865 2442 2037 2503 enim
2054 2486 2072 2515 ,
2134 2442 2389 2525 opinor,
2454 2447 2531 2503 ut
2592 2440 2735 2503 illas

354 2547 568 2630 turpia
609 2550 928 2630 patrantes
974 2544 1392 2609 Archilochus
1442 2546 1836 2628 conspexerit
1880 2565 2003 2609 non
2050 2550 2421 2628 conspectus
2462 2546 2541 2609 ab
2582 2544 2731 2608 11113.

356 2649 792 2715 Nihilominus
854 2649 1113 2713 fortasse
1178 2649 1356 2713 salva
1416 2670 1515 2713 res
1577 2655 1673 2713 est
1687 2696 1705 2727 ,
1764 2648 1954 2713 modo
2016 2651 2408 2733 accipiamus
2464 2648 2737 2713 verbum

358 2756 497 2834 ὁρᾶν
543 2754 894 2819 verecunde
940 2752 1185 2818 dictum
1233 2753 1311 2816 de
1359 2754 1701 2830 concubitu,
1753 2773 1876 2837 qua
1910 2757 2223 2836 potestate
2262 2758 2325 2817 et
2365 2751 2521 2816 alibi
2556 2773 2737 2815 usur—

357 2864 584 2945 patum
629 2861 955 2942 reperitur.
1030 2854 1126 2922 Of.
1177 2857 1294 2933 VI,
1351 2857 1479 2923 102
1528 2863 1592 2922 et
1638 2857 1771 2922 233
1819 2864 1883 2921 et
1927 2857 2076 2922 vide
2122 2877 2282 2940 quae
2328 2855 2523 2921 attuli
2569 2857 2734 2920 stud.

366 2965 509 3027 orit.
577 2964 642 3025 in
688 2969 849 3045 poet,
915 2962 1077 3024 Scen.
1149 2963 1355 3025 Graec.
1423 2984 1572 3048 pag.
1636 2961 1743 3026 88.
1840 2962 2013 3040 Quae
2073 2964 2130 3025 si
2191 2968 2287 3026 est
2338 2962 2445 3024 hic
2492 2980 2737 3045 quoque

359 3066 654 3135 vocabuli
682 3069 814 3144 vis,
855 3068 1141 3150 sequitur
1180 3066 1639 3132 Archilochum
1679 3065 1897 3130 ultum
1937 3087 2069 3130 esse
2101 3066 2415 3151 Lycambi
2436 3067 2733 3128 iniuriam

359 3170 664 3236 narrando
705 3174 773 3235 in
820 3169 1051 3234 iambis
1096 3173 1262 3245 31113,
1314 3191 1379 3234 33
1426 3173 1641 3255 ipsum
1688 3191 1826 3234 rem
1872 3171 2167 3235 habuisse
2215 3190 2367 3234 cum
2412 3173 2549 3233 31113
2582 3167 2731 3230 filia·

358 3274 480 3339 bus
525 3280 850 3359 tamquam
899 3295 1047 3339 cum
1093 3277 1315 3339 scortis
1365 3274 1730 3340 diabolariis
1747 3321 1763 3351 ,
1805 3295 1917 3358 per
1956 3274 2243 3338 tenebras
2279 3281 2441 3357 puta
2456 3321 2474 3349 ,
2513 3277 2579 3337 in
2612 3274 2728 3334 viis

362 3378 636 3464 publicis
708 3382 899 3463 inque
971 3378 1115 3443 luco
1192 3377 1468 3443 Iunonis.
1568 3379 1728 3443 Tam
1812 3384 2051 3445 atroces
2118 3380 2324 3464 igitur
2384 3377 2723 3443 calumnias

364 3482 612 3568 puellae
656 3487 903 3548 eiurant
948 3482 1261 3547 dicentes:

548 3588 918 3665 Ἀρχίλοχον
966 3586 1061 3661 μοὶ
1112 3584 1288 3655 θεοὺς
1338 3588 1473 3651 κτὲ.

550 3692 624 3755 Ei
674 3693 723 3754 δ’
774 3686 925 3767 ἦμεν
970 3688 1215 3770 μάχλοι
1266 3692 1366 3753 καὶ
1416 3689 1812 3766 ἀτάσθαλοι,
1859 3692 1966 3755 οὐκ
2010 3691 2087 3754 ἂν
2134 3692 2352 3764 ἐκεῖνος

641 3792 863 3869 ἤθελεν
909 3792 976 3869 ἐξ
1024 3794 1222 3871 ἡμέων
1270 3796 1497 3872 γνήσια
1543 3793 1731 3859 τέκνα
1779 3802 2013 3859 τεκεῖν.

459 3897 678 3984 Epigr.
730 3895 880 3963 370.

463 4002 691 4082 Βάκχῳ
739 4005 841 4067 καὶ
893 4001 1170 4084 Μούσῃσι
1217 4002 1588 4082 μεμηλότα,
1635 4002 1736 4067 τὸν
1788 4002 2152 4079 Διοπείθους
2182 4056 2197 4081 ,

551 4107 914 4186 Κεκροπίδην
962 4108 1065 4170 ὑπ’
1115 4107 1249 4183 ε’μοί
1269 4156 1287 4183 ,
1336 4106 1528 4184 ξεῖνε,
1576 4107 1921 4190 Μένανδρον
1967 4109 2134 4190 ἔχω,

460 4211 535 4273 ἕν
586 4211 768 4291 πυρὶ
817 4211 953 4283 την
1000 4210 1290 4286 ὀλίγην
1335 4203 1411 4283 ὃς
1461 4209 1640 4294 ἔχει
1689 4212 1878 4279 κόνιν·
1930 4215 1979 4278 εἰ
2029 4214 2092 4278 δὲ
2140 4212 2595 4294 Μένανδρον

559 4313 866 4395 δίζηαι,
917 4316 1073 4389 δήεις
1123 4316 1183 4378 ἐν
1233 4316 1374 4389 Διὸς
1425 4317 1458 4391 ἢ
1509 4316 1840 4397 μακάρωντ
