2934 5050
1176 310 1602 358 mmmm.
2499 288 2582 354 15

251 478 360 544 ιιτέ.
420 475 507 544 Of.
548 497 635 546 vl.
685 479 790 545 14.
836 486 996 546 extr.
1044 480 1151 546 καὶ
1198 478 1269 545 τὸ
1314 484 1524 551 καλῶς
1566 478 1750 560 ἄρξαι
1796 482 1964 548 τοῦτ’
2006 475 2163 543 εἶναι
2210 471 2294 551 ὃς
2337 480 2431 545 ἂν
2476 482 2587 556 τὴν

249 584 484 662 πατρίδα
529 587 817 668 ὠφελήσῃ
862 588 993 652 xri.
1080 584 1153 652 Si
1198 588 1304 652 cui
1361 585 1623 652 insolita
1682 586 1941 654 videtur
1998 587 2067 649 in
2113 584 2390 671 pedestri
2454 607 2588 654 ora-

245 690 393 756 tione
432 694 630 768 κρᾶσις
680 713 759 758 ex
802 694 912 757 καί
957 697 1023 759 et
1067 688 1145 756 ἄν
1191 712 1379 758 sensu
1433 696 1543 756 τοῦ
1591 691 1659 767 ἥν
1704 692 1811 759 vel
1871 690 1980 757 302⁹
2025 690 2305 757 conferat
2346 691 2588 758 librum

244 792 333 859 VI.
376 795 475 861 21.
535 797 743 869 ἄλλως
804 822 876 863 τε
923 799 1029 863 καὶ
1077 798 1145 863 „si
1198 797 1455 873 ξυςῶσιν
1504 798 1567 862 αἱ
1630 796 1840 871 πόλεις
1866 845 1885 874 ,
1946 797 2309 882 indicetque
2366 802 2589 863 utrum

237 902 356 965 veri
395 903 663 969 similius
700 906 788 970 sit
829 904 879 969 εἰ
917 925 1031 992 pro
1069 903 1178 969 ἐάν
1225 925 1265 970 a
1296 903 1580 970 librariis
1617 910 1856 971 temere
1891 904 2318 969 substitutum
2356 903 2551 969 fuisse
2569 951 2587 981 ,

234 1026 304 1071 an
340 1009 692 1095 suppletum
736 1016 1075 1098 postquam
1121 1018 1297 1076 KAN
1343 1013 1412 1074 in
1456 1010 1563 1074 καὶ
1603 1010 2022 1097 depravatum
2066 1013 2183 1074 est.

306 1217 375 1284 In
415 1241 545 1306 cap.
598 1217 703 1286 5¹7.
775 1222 889 1287 vix
956 1226 1053 1286 est
1111 1242 1332 1308 operae
1391 1224 1675 1307 pretium
1739 1226 1816 1287 ut
1883 1241 2178 1286 moneam
2249 1217 2408 1292 ὅπως
2481 1221 2588 1285 οὐκ

228 1322 634 1399 ἑποδέξονται
681 1325 1047 1414 legendum.
1133 1327 1463 1393 Bekkerus
1523 1324 1864 1394 Codicibus
1878 1374 1896 1405 ,
1957 1330 2034 1391 ut
2093 1326 2352 1392 videtur
2370 1374 2388 1405 ,
2447 1346 2589 1392 con·

224 1431 623 1497 sentientibus
666 1430 1089 1509 ἀποδέξωνται
1128 1432 1324 1499 dedit.

299 1636 446 1727 Cap.
495 1640 606 1708 58.
652 1642 920 1728 δημοσίᾳ
965 1643 1268 1721 ἐσθήμασι
1312 1680 1404 1694 --
1449 1665 1530 1711 an
1574 1643 1883 1723 δημοσίοις
1932 1642 2206 1722 θύμασιῗ

294 1848 443 1940 Cap.
494 1852 604 1920 59.
653 1848 818 1937 ᾧτινΙ
862 1856 1002 1920 ποτ’
1049 1853 1128 1921 ἂν
1168 1855 1273 1920 καὶ
1317 1854 1549 1937 ἀναξίῳ
1589 1853 1894 1934 ξυμπέσοι
1934 1894 2049 1930 -—-‚
2092 1857 2225 1922 imo
2270 1851 2308 1919 δ’
2337 1879 2461 1928 ,τινι
2504 1894 2589 1906 -—-

211 1955 476 2034 ἐμπέσοι.
555 1960 719 2029 Mox
775 1960 1250 2027 Plataeensium
1310 1961 1691 2048 supplicatio
1754 1960 1941 2030 facile
1994 1960 2298 2048 explicari
2356 1962 2595 2047 poterit

212 2063 263 2125 si
301 2065 622 2133 tn'fariam
667 2066 1010 2132 dividatur.
1097 2066 1398 2132 Primum
1459 2067 1627 2133 Deos
1690 2073 1873 2134 orant
1929 2072 2007 2132 ut
2064 2065 2594 2133 Lacedaemonios

205 2188 455 2238 movere
499 2176 784 2259 possint3
833 2172 1059 2238 deinde
1103 2174 1275 2258 ipsos
1318 2173 1848 2240 Lacedaemonios
1899 2176 2229 2240 obsecrant
2272 2192 2351 2238 ne
2395 2174 2595 2238 maio·

207 2294 344 2341 rum
408 2278 772 2364 sepulchris
837 2277 1148 2366 neglectis
1215 2279 1663 2344 iusiurandum
1731 2278 1900 2364 quod
1981 2278 2086 2344 illi
2149 2279 2596 2363 praestiterant

202 2381 456 2448 irritum
504 2385 715 2450 facere
759 2384 966 2450 velint
978 2404 996 2463 ς
1061 2387 1331 2449 tertium
1374 2390 1662 2451 mortuos
1724 2384 2253 2451 Lacedaemonios
2297 2385 2597 2449 invocant

204 2504 277 2550 ne
317 2507 385 2554 se
430 2487 762 2556 Thebanis
820 2490 1013 2556 obiici
1072 2492 1419 2578 patiantur.
1491 2490 1717 2558 Deleto
1776 2493 1984 2580 igitur
2046 2491 2210 2569 ὑμᾶς
2260 2489 2368 2556 vel
2427 2496 2596 2558 certe

199 2598 336 2677 post
393 2596 808 2675 ἐπιβοώμενοι
867 2598 1075 2683 posito
1146 2599 1360 2682 prima
1411 2617 1558 2682 pars
1624 2597 1856 2663 mendo
1926 2598 2198 2674 carebit;
2270 2598 2340 2661 in
2399 2595 2599 2662 altera

200 2704 312 2765 νῦν
356 2703 672 2786 πατρῴων
708 2705 930 2784 τάφων
970 2705 1061 2780 μὴ
1108 2704 1482 2781 ἀμνημονεῖν
1521 2704 1912 2769 coniunctim
1933 2692 2222 2790 'legenda
2236 2721 2253 2779 3
2303 2703 2372 2765 in
2408 2704 2601 2767 tertia

198 2810 410 2873 omnia
453 2816 635 2875 recte
680 2815 871 2895 atque
914 2809 1132 2875 ordine
1175 2810 1526 2895 procedunt
1540 2856 1558 2886 ,
1605 2809 1715 2875 sed
1758 2828 1873 2894 pro
1917 2813 2282 2887 κεκμηῶτας
2327 2806 2599 2872 scriben-

194 2908 347 2977 dum
393 2914 825 2993 κεκμηκότας.

280 3019 446 3087 Mox
494 3021 582 3086 ad
628 3019 821 3099 λόγου
867 3024 1174 3085 τελευτᾶν
1236 3023 1380 3108 quis
1423 3040 1551 3086 non
1594 3017 1895 3086 offendit?
1951 3020 2061 3086 sed
2105 3018 2260 3105 quid
2307 3017 2560 3084 facilius
2577 3066 2595 3096 ,

192 3126 344 3210 qnid
406 3126 783 3215 elegantius
829 3147 1023 3212 quam
1069 3126 1376 3192 παύεσθαι
1431 3128 1502 3191 in
1547 3124 1880 3202 παυόμενοι
1927 3120 2297 3191 subaudiri?
2376 3124 2601 3210 Itaque

193 3232 656 3318 importunum
699 3231 1217 3319 supplementum
1262 3232 1567 3298 facessere
1609 3231 1964 3297 iubeamus.

279 3439 441 3531 Gap.
496 3442 616 3509 63.
664 3442 844 3517 ἱκανή
888 3466 969 3519 γε
1018 3437 1088 3515 ἦν
1133 3443 1263 3507 sec-3.
1313 3442 1539 3530 supple
1585 3432 1620 3515 ἣ
1666 3442 1846 3518 ἱκανή
1895 3467 1975 3520 γε
2024 3441 2112 3518 ἦν.

275 3652 441 3744 Cap.
499 3654 619 3721 64.
676 3654 855 3729 δῆλόν
914 3677 987 3718 τε
1045 3653 1379 3726 ἐποιήσατε
1440 3653 1572 3719 οὐδὲ
1643 3652 1788 3720 τότε
1867 3660 1988 3718 τῶν
2049 3653 2359 3729 Ἐλλήνων
2420 3650 2602 3719 ἕνεκα

184 3761 354 3837 μόνοι
409 3762 485 3827 οὖ
540 3758 952 3838 μηδίσαντες.
1015 3761 1165 3824 ἀλλ’
1227 3757 1318 3825 ὅτι
1376 3759 1499 3825 οὐδ’
1559 3762 1908 3835 Ἀθηναῖοι,
1959 3760 2134 3838 ὑμεῖς
2188 3760 2252 3825 δὲ
2311 3767 2439 3834 τοῖς
2486 3762 2602 3838 μὲν

179 3868 400 3935 ταύτὰ
451 3866 832 3946 βουλόμενοι
880 3874 1109 3940 ποιεῖν,
1156 3874 1282 3938 τοῖς
1329 3867 1392 3932 δὲ
1437 3866 1751 3932 τάναντία
1844 3869 2061 3943 ’Ὑμεῖς
2110 3865 2177 3932 δέ
2222 3888 2347 3932 non
2393 3866 2603 3953 expel-

177 3973 464 4041 lendum
483 4022 504 4052 ,
579 3975 669 4038 sic
712 3975 886 4038 enim
930 3971 1098 4037 nihil
1140 3977 1305 4037 esset
1350 3992 1476 4058 quo
1527 3979 1654 4045 τοῖς
1719 3971 1784 4036 δέ
1828 3972 2047 4038 referri
2090 3979 2301 4059 posset
2318 4020 2335 4050 ,
2384 3973 2495 4040 sed
2533 3975 2603 4038 in

178 4082 366 4158 ἡμεῖς
420 4079 496 4146 δέ
549 4078 959 4144 mutandum.
1044 4076 1217 4143 Infra
1261 4079 1322 4143 ἐν
1382 4077 1674 4148 σπονδαῖς
1720 4078 1828 4142 καὶ
1875 4079 2239 4158 ἱερομηνίαις
2287 4081 2357 4144 in
2402 4081 2605 4144 omni-

178 4187 305 4253 bus
371 4184 599 4253 codd.
663 4190 729 4248 et
779 4182 940 4248 Edd.
989 4182 1451 4249 citcumfertur.
1537 4182 2007 4249 Existimabam
2067 4190 2263 4249 unam
2321 4190 2605 4250 tantum-

175 4294 380 4359 modo
431 4290 678 4357 lunam
737 4307 870 4353 esse
924 4292 990 4354 et
1046 4308 1175 4354 uno
1234 4288 1568 4355 novilunio
1620 4289 1778 4355 haec
1823 4288 2009 4355 facta.
2098 4288 2170 4356 Si
2214 4289 2334 4355 hoc
2378 4311 2606 4356 verum

178 4404 281 4464 est
326 4400 710 4485 praestaret
752 4391 1013 4460 fortasse
1057 4395 1385 4478 ἱερομηνίᾳ.
