2934 5050
1141 309 1199 354 ιιι
1249 309 1649 355 nuniononux.
2481 293 2603 355 167

210 482 593 556 τροομιλεῖν,
658 474 770 542 sed
836 459 987 543 talia
1038 474 1117 540 ab
1165 476 1464 544 omnibus
1530 477 1792 545 Graecis
1840 496 1959 542 suo
2008 477 2150 541 iure
2198 473 2597 555 formantur,

213 578 313 646 ubi
364 599 525 646 usus
572 580 877 667 postulat.
976 582 1057 648 Et
1108 580 1213 647 hic
1259 581 1523 669 quidem
1575 592 1709 650 tota
1760 583 2047 649 narratio
2095 580 2376 647 ostendit
2436 580 2591 668 quid

211 684 583 752 Heliodorus
630 685 836 753 solum
889 686 1046 754 dare
1092 687 1411 774 potuerit,
1453 689 1749 777 suspicor
1782 697 2001 755 autem
2055 708 2117 774 p.
2151 692 2305 754 393.
2358 691 2396 754 4
2439 708 2595 775 quo·

209 808 326 876 que
374 789 544 858 idem
594 792 860 860 verbum
911 791 1150 871 latere,
1215 794 1320 860 ubi
1396 814 1568 861 nunc
1634 793 1904 882 legitur:
1965 790 2074 877 ὅρα
2116 795 2170 861 εἰ
2223 817 2592 875 προσομο-

208 897 519 972 λιὶσασά
573 923 661 980 τω
720 899 1026 982 φωραθείη
1094 901 1239 981 πρὸς
1299 907 1413 976 τῆς
1476 900 1780 985 ἐσχάρας.
1876 900 2180 985 Magnutu
2242 918 2587 967 numerum

205 1001 514 1070 similium
563 1003 1085 1089 corruptelarum
1124 1026 1278 1072 cum
1318 1003 1551 1073 afferre
1579 1027 1841 1095 possum
1869 1056 1886 1085 ‚
1917 1005 2076 1072 satis
2105 1004 2349 1072 habebo
2392 1025 2585 1072 unam

205 1106 491 1176 indicare
536 1109 709 1196 apud
756 1110 1067 1177 Achillem
1111 1112 1367 1178 Tatium
1418 1133 1482 1200 p.
1509 1119 1620 1182 98.
1660 1119 1727 1181 6.
1800 1113 2249 1179 coniiciuntur
2296 1120 2589 1178 amantes

207 1212 532 1303 Glitophon
600 1224 664 1283 et
712 1214 1030 1303 Leucippe
1078 1217 1159 1282 in·
1194 1236 1562 1298 carcerem;
1621 1227 1758 1285 tum
1811 1229 2005 1286 noctu
2052 1227 2117 1285 et
2164 1216 2289 1284 alia
2338 1217 2585 1284 lamen-

210 1327 375 1387 tatur
421 1319 759 1409 Clitopliou
812 1322 1131 1410 Leucippe
1178 1332 1516 1410 praesente
1564 1331 1628 1391 et
1675 1323 1976 1391 audiente
2010 1333 2074 1392 et
2115 1324 2253 1391 illa:
2301 1323 2584 1404 θάλαμος

210 1427 310 1504 μὲν
350 1427 422 1492 τὸ
469 1427 914 1510 δεσμώτηριον,
977 1430 1116 1506 εὐνὴ
1163 1428 1229 1493 δε
1268 1430 1303 1506 ἧ
1352 1438 1475 1509 γῆ,
1524 1425 1689 1511 ὅρμοι
1734 1432 1795 1497 δὲ
1844 1430 1952 1497 καὶ
1999 1430 2200 1513 ψέλια
2246 1429 2428 1496 κάλοι
2472 1429 2578 1497 καὶ

208 1529 448 1613 βρόχοι,
500 1532 616 1598 καί
659 1557 752 1600 σοι
784 1539 1215 1619 νυμφαγωγὸς
1256 1538 1447 1618 λης-ης
1487 1537 2098 1618 παρακαθεύδει.
2148 1536 2322 1603 Nihil
2362 1545 2578 1604 tamen

214 1638 522 1727 Leucippe
572 1637 676 1705 illa
732 1648 915 1706 nocte
966 1660 1149 1728 passa
1199 1649 1295 1707 est
1343 1650 1409 1707 et
1443 1661 1715 1728 sponsas
1762 1644 1813 1709 οἱ
1854 1643 2271 1727 νυμφαγωγοὶ
2318 1642 2581 1709 domum

211 1741 561 1821 deducunt,
650 1765 774 1811 non
844 1746 1434 1828 ταρακαθεύδουσιν.
1554 1746 1678 1814 Sed
1752 1748 1946 1815 sicuti
2032 1769 2362 1816 carcerem
2434 1768 2581 1815 cum

214 1848 475 1918 thalamo
526 1861 862 1938 comparat
908 1851 1283 1940 Glitophon‚
1331 1856 1424 1919 sic
1473 1854 1531 1919 ei
1582 1855 2014 1940 νυμφαγωγὸς
2066 1853 2322 1921 videtur
2370 1854 2425 1920 is
2473 1855 2583 1941 qui

211 1957 497 2024 excubias
562 1957 726 2043 agit:
793 1958 988 2024 nimis
1052 1957 1372 2046 plebeium
1436 1960 1494 2025 ei
1556 1959 1897 2027 videbatur
1968 1970 2279 2043 προκοιτεῒ
2323 1960 2583 2039 dicere,

212 2062 408 2150 itaque
456 2063 657 2150 elegit
704 2062 876 2149 quod
922 2062 1288 2150 elegantius
1336 2074 1477 2131 erat
1523 2065 2063 2149 προκαθεύδει.

291 2170 352 2235 Ρ.
391 2173 552 2238 566.
603 2174 689 2236 55
737 2168 818 2237 de
864 2172 1078 2237 taenia
1123 2190 1336 2238 sermo
1382 2179 1482 2239 est
1522 2192 1688 2259 quae
1727 2193 1878 2239 cum
1919 2171 2257 2239 Chariclea
2295 2157 2586 2259 exposita

213 2272 439 2362 ῖιιίῑετῇ
464 2275 683 2362 ταινίᾳ
708 2286 787 2361 τῇ
809 2277 931 2343 νυνὶ
964 2277 1137 2344 κατὰ
1175 2276 1424 2360 yae-ipa
1460 2281 1572 2357 τὴν
1614 2279 1766 2358 ἐμὴν
1805 2278 2350 2361 ἐνειλημμένη,
2390 2298 2589 2364 quan·

214 2382 400 2449 tocius
470 2382 763 2449 rescribe
825 2382 1209 2468 ἐνειλημένη,
1274 2383 1416 2449 vide
1466 2404 1527 2471 p.
1557 2388 1712 2452 259.
1739 2389 1859 2462 44,
1910 2389 2063 2452 596.
2134 2390 2244 2462 12,
2299 2387 2452 2452 409.
2503 2388 2580 2463 5,

211 2492 306 2556 1ιὸ.
399 2487 513 2557 Sic
576 2489 837 2576 saepius
900 2488 1051 2555 olim
1117 2488 1285 2576 apud
1344 2489 1758 2556 Heliodorum
1809 2488 2140 2578 legebatur
2187 2497 2420 2572 λῆμμα
2466 2509 2582 2577 pro

212 2600 407 2680 λῆμα,
454 2615 625 2684 quos
684 2595 858 2662 locos
917 2594 1465 2663 Mitscherlichius
1526 2597 1849 2663 correxit:
1921 2616 2090 2664 unus
2156 2604 2452 2683 superest
2511 2596 2579 2661 in

216 2698 486 2769 parisina
537 2700 821 2769 editione
867 2722 931 2789 p.
961 2705 1114 2769 256.
1166 2706 1292 2769 41:
1342 2703 1453 2778 την
1495 2702 1612 2781 μὲν
1656 2704 1907 2781 γνώμην
1954 2702 2273 2785 ἐρρωμένος
2313 2726 2407 2777 τις
2456 2698 2578 2784 ἄρα

215 2802 379 2887 ἦσθα,
422 2808 500 2875 τὸ
534 2816 825 2887 λῆμμα
865 2807 918 2874 δ’
955 2807 1370 2891 ἀσθενές-ερος,
1411 2826 1560 2874 nam
1598 2806 1775 2874 vides
1815 2819 2143 2895 praestare
2177 2816 2379 2888 λῆμα.
2439 2808 2580 2874 Mox

86 2992 87 2999 ἵ
213 2919 452 2999 p.366.
531 2919 616 2981 57
693 2923 1030 3002 postquam
1097 2914 1290 2979 istius
1351 2912 1753 2980 admirabilis
1817 2914 2048 3001 lapidis
2117 2915 2396 2997 virtute,
2470 2913 2577 2980 cui

213 3019 531 3105 τιντιίρβη
601 3039 832 3087 nomen
887 3026 1064 3097 erat,
1121 3017 1450 3086 Chariclea
1516 3039 1550 3086 e
1599 3018 1881 3086 flammis
1928 3029 2183 3086 servata
2229 3027 2364 3097 est,
2415 3037 2578 3085 nova

217 3121 327 3191 iam
372 3123 663 3213 pericula
711 3125 776 3191 in
827 3133 1153 3211 posterum
1196 3124 1365 3192 diem
1409 3136 1774 3213 auguratur
1799 3125 2196 3211 Theagenes:
2246 3127 2314 3191 ἐκ
2353 3126 2418 3192 δὲ
2461 3130 2579 3191 τῶν

218 3227 289 3302 εἷς
331 3231 530 3314 αὔριον
592 3229 869 3298 κινδύνων
914 3232 1065 3297 ποία
1108 3254 1203 3304 τις
1248 3229 1374 3313 ἄρα
1420 3232 1722 3313 παντοίβη
1776 3232 1882 3299 καὶ
1933 3230 2105 3310 ἄλλη
2154 3230 2578 3316 ἐξαιρήσει-αις

221 3334 275 3400 οὐ
329 3335 454 3420 γάρ
533 3361 654 3404 που
721 3337 825 3404 καὶ
904 3336 1261 3404 α’θανασί
1274 3362 1366 3404 αν
1429 3340 1536 3420 (ὡς
1594 3337 1816 3428 ὅφελε)
1886 3338 2409 3419 ἐπαγγέλλεται,
2465 3345 2578 3415 τῆς

221 3435 509 3522 Ἀρσάκης
556 3439 756 3525 ἕτερον
798 3466 916 3511 που
974 3441 1312 3525 καινότερον
1355 3445 1659 3527 τιμωρίας
1705 3441 1925 3527 τρόπον
1977 3449 2164 3511 τανῦν
2213 3446 2579 3520 ἐπινοούσης.

223 3540 474 3616 lliseriis
522 3547 810 3636 undique
856 3546 1128 3616 obrutus
1175 3550 1460 3636 optimus
1508 3550 1880 3617 adolescens
1930 3548 2087 3616 nihil
2140 3550 2263 3617 sibi
2310 3560 2376 3617 et
2420 3549 2575 3617 Cha·

228 3649 434 3721 ricleae
483 3663 665 3743 optat
710 3662 968 3742 praeter
1002 3657 1112 3732 τὴν
1176 3657 1566 3725 εύθανασί
1579 3682 1622 3723 α
1641 3682 1691 3724 ν.
1788 3655 2175 3744 Saepissime
2225 3655 2343 3722 hoc
2393 3654 2578 3723 modo

226 3768 489 3827 erratum
534 3769 656 3829 esi.
756 3762 824 3828 P.
874 3766 1028 3829 294.
1078 3766 1169 3828 26
1212 3762 1845 3846 α’φιππεύσαντο
1893 3761 2133 3850 legitur
2173 3782 2288 3850 pro
2332 3763 2574 3844 οὶφιπ·

228 3862 604 3945 πάσαντο,
653 3864 824 3954 quod
864 3867 1002 3933 sine
1037 3868 1193 3935 vitio
1234 3870 1516 3934 recurrit
1566 3890 1623 3955 p.
1652 3875 1806 3936 355.
1843 3874 1941 3937 10.
2014 3871 2088 3935 In
2131 3868 2579 3935 Demosthenis

230 3961 505 4054 Leptinea
574 3973 955 4040 notissimus
1032 3973 1210 4039 locus
1271 3983 1369 4040 est
1435 3979 1469 4061 §
1525 3980 1645 4042 92:
1705 3976 2142 4059 ψηφισμάτων
2200 3976 2324 4042 οὐδ’
2385 3974 2579 4041 ὁτιοῦν

232 4067 586 4161 διαφέρουσιν
631 4081 685 4145 ol
719 4078 885 4160 νόμοι
925 4079 1143 4146 ἀλλὰ
1189 4078 1549 4163 νεώτεροι
1599 4084 1648 4149 οἱ
1698 4081 1863 4163 νόμοι
1906 4084 2044 4149 καθ’
2081 4077 2180 4154 οὓς
2218 4081 2303 4148 τὰ
2335 4082 2576 4165 ψηφίσ-

231 4198 396 4253 ματα
448 4183 546 4254 δεῖ
598 4185 956 4269 γράφεσθαι
1018 4192 1135 4252 τῶν
1198 4187 1628 4269 ψηφισμάτων
1690 4190 1893 4254 αὐτῶν
1938 4188 2083 4266 ὑμῖν
2129 4188 2298 4254 εἰσίν.
2397 4184 2579 4253 Haud

235 4298 437 4368 parum
486 4293 716 4360 melius
767 4289 1086 4378 intelligo:
1135 4292 1316 4357 dax
1362 4292 1843 4377 εὐωνότεροι.

319 4389 455 4463 Sine
499 4418 689 4467 seusu
739 4397 976 4485 legitur
1025 4419 1089 4484 p.
1119 4399 1275 4465 594.
1305 4403 1344 4463 2
1385 4387 1768 4480 ἀγασθέντες
1809 4395 1900 4465 ὅτι
1944 4398 2177 4475 καλλος
2215 4397 2401 4472 οὕτως
2438 4398 2583 4478 ὑπὲρ
