2934 5050
356 260 481 328 130
1335 276 1737 334 uiscerum»

352 455 453 516 est
505 445 845 516 verborum
894 446 1075 531 copia
1122 464 1198 512 ex
1230 483 1315 494 —
1355 454 1565 512 κοπεῑν
1614 444 2156 531 compositorum,
2208 456 2374 527 quae
2420 456 2561 504 cum
2597 455 2692 501 uo·

355 548 643 622 minibus
705 552 995 636 cognatis
1055 548 1447 616 enumerabo
1505 549 1823 637 primum,
1882 545 2112 622 deinde
2163 544 2482 618 tralaticia
2529 542 2695 610 iniis

355 655 718 726 scribarum
769 656 924 724 vitia
975 653 1291 724 indicabo.

901 759 1362 830 Βουλοκοτίδαι.

901 875 1326 947 Δημοκοτεῒν,
1369 904 1453 914 ——
1490 864 1672 940 κόπος
1698 902 1784 914 —-
1810 865 2002 931 κοπίοι
2027 903 2110 913 -
2139 860 2386 938 κοπικδς
2430 867 2494 928 et
2535 859 2697 927 calcei

1507 969 1928 1051 δημοκοπΙδες.

901 1074 1269 1153 Δοξοκοπεῒν
1304 1112 1391 1126 ——
1417 1074 1601 1158 κόπος
1624 1112 1714 1125 -
1737 1074 1946 1144 κοπίοι.

896 1180 1397 1258 Ἐκδημοκοπεῒν.

897 1290 1389 1360 Ἐλληνοκοπεῖν.

900 1389 1387 1458 Ἐλπιδοκοπεῒν.

902 1493 1355 1575 Ἐρμοκοπίδοιι.

902 1598 1323 1680 Ἑωροκοπίοοι.

911 1712 1443 1772 Θαλαττοκοπεῖν.

911 1817 1380 1891 Θεωτροκοπεῖν.

906 1921 1378 2010 Κρημνοκοπεῖν.

905 2027 1404 2100 Μετεωροκοπεῖν
1425 2069 1442 2098 ,
1491 2019 1967 2102 μετεωροκόπος.

905 2128 1386 2203 Ὀρτυγοκοπεῖν
1407 2161 1496 2174 -
1522 2124 1727 2198 κόπος.

912 2230 1353 2312 Ὀχλοκοπεῒν.

910 2342 1364 2402 Πολιτοκοπεῒν.

907 2447 1298 2519 Πορνοκοπεῒν
1322 2478 1409 2488 --
1432 2438 1616 2514 κόπος
1640 2476 1730 2490 --
1753 2440 1966 2506 κοπίσι.

908 2544 1338 2625 Πραξικοπεῖν.

917 2651 1315 2725 Ῥησικοπεῖν.

912 2762 1350 2829 Στηλοκοπεῖν.

914 2857 1343 2943 Στυφοκόπος.

915 2964 1441 3043 Συμβολοκοπεῒν.

914 3072 1459 3143 Φοιντασιοκοπεῒν,

915 3179 1390 3253 Φλυοιροκοπεῒν.

465 3273 540 3338 In
602 3272 706 3339 bis
758 3272 1017 3353 formis,
1065 3296 1229 3363 quae
1275 3274 1511 3364 partim
1578 3281 1729 3339 sunt
1776 3294 1812 3340 a
1861 3274 2136 3342 Comicis
2182 3276 2473 3362 antiquis
2520 3275 2726 3348 fictae,

376 3374 538 3443 aliae
587 3379 864 3445 novitiae
910 3388 974 3446 et
1028 3383 1547 3457 recentissimae,
1598 3378 1954 3445 scribarum
2021 3383 2199 3447 natio
2264 3383 2355 3447 ita
2404 3380 2620 3448 turbat
2667 3384 2729 3444 ut

378 3482 595 3557 -κόπος
643 3483 707 3548 in
758 3482 1023 3567 -κόμπος
1072 3494 1136 3551 et
1192 3494 1430 3552 -xomi'v
1478 3487 1539 3550 in
1594 3493 1881 3564 -κομπεῖν
1929 3484 2321 3564 deforment,
2372 3486 2541 3553 unde
2591 3485 2730 3551 haec

377 3588 535 3653 vitia
581 3598 733 3653 sunt
800 3589 862 3654 in
928 3589 1114 3657 libris
1172 3590 1701 3678 frequentissima
1761 3589 2160 3671 δοξοκομπεῒν
2216 3601 2281 3658 et
2327 3590 2727 3675 δοξοκομτία,

378 3691 770 3771 δημοκόμπος
795 3745 810 3772 ,
862 3704 1381 3778 κρημνοκομτεῖν,
1444 3694 1899 3777 ὅρτυγοκόμπος
1918 3746 1935 3774 ,
1983 3695 2386 3781 ςυφοκόμπος
2405 3746 2424 3773 ,
2470 3706 2587 3765 aut
2631 3712 2731 3783 pm

380 3797 595 3872 -κόπος
644 3799 865 3866 -κοοι-Ιοο
911 3812 1146 3869 -κοπεῖν
1192 3799 1554 3868 rescribant
1603 3798 1858 3874 -cxdn-oc
1908 3803 2169 3869 -ο-κοπίοο
2216 3813 2279 3869 et
2326 3810 2632 3878 -ο-κοπεῒν,
2671 3805 2732 3864 ut

379 3904 448 3968 in
511 3903 989 3985 θεατροσκοπίοο,
1049 3906 1494 3989 ὃρτυγοσκόπος
1512 3955 1529 3979 ,
1595 3905 1990 3989 πορνοσκόπος
2010 3957 2029 3987 ,
2095 3914 2541 3991 remonon-5510,
2588 3913 2731 3990 tpar-

380 4016 809 4075 τοοσιοσκοπεῖν
856 4017 922 4076 et
971 4012 1115 4077 sim.
1156 4031 1285 4098 quo
1318 4011 1559 4076 certior
1602 4018 1700 4077 est
1739 4011 1998 4080 Personi
2049 4014 2412 4080 emendatio
2456 4031 2731 4093 μετεωρο·

382 4112 565 4188 κόπος
617 4113 861 4180 Platoni
913 4135 1025 4203 pro
1070 4114 1563 4199 μετεωροσκόπος
1611 4117 2056 4198 restituentiS,
2098 4117 2242 4186 vide
2283 4138 2478 4205 supra
2505 4139 2570 4207 p.
2601 4116 2730 4181 118.

473 4218 699 4305 Itaque
761 4218 1105 4287 Plutarcho
1165 4219 1510 4288 reddemus
1570 4238 1759 4286 suum
1825 4219 2185 4297 δοξοκοπίαν
2243 4232 2311 4290 et
2366 4223 2729 4303 δοξοκοπεῖν,

386 4334 451 4392 et
500 4326 567 4390 in
616 4322 881 4413 reliquis
924 4326 1221 4397 omnibus
1268 4323 1489 4392 eadem
1537 4324 1693 4390 vitia
1755 4324 1976 4393 eodem
2025 4327 2311 4397 remedio
2356 4328 2727 4396 sanabimus.
