2934 5050
378 256 504 318 142
933 268 1330 324 urscstunn
1382 270 1767 320 Putmmelm
1814 271 1886 318 m·
1931 269 2191 320 caium.

370 436 477 503 καὶ
548 437 909 516 δυσμενείας
971 438 1077 505 καὶ
1136 439 1321 519 όργῆς
1378 436 1589 504 ἄλλων
1648 463 1720 503 τε
1767 438 1993 518 μεςοὺς
2040 437 2250 504 παθῶν
2298 433 2708 516 ἀποφαίνοντες

373 542 492 609 οὐδ’
540 541 859 623 ἀνθρώποις
927 547 1055 608 νοῦν
1104 541 1315 623 ἔχουσι
1363 552 2049 609 IIPOCHKONTssN.
2146 541 2334 608 Nulla
2384 547 2531 606 suut
2571 537 2708 613 τάθη

371 647 654 728 άνθρώπῳ
717 651 847 713 νοῦν
916 647 1123 729 ἔχοντι
1195 657 1805 715 IIPOCHKONTA.
1902 645 2068 729 Quid
2129 655 2228 712 est
2294 647 2496 731 igitur
2537 644 2710 729 legen·

372 749 572 817 dum?
625 751 884 817 Duabus
925 750 1197 818 literulis
1229 754 1503 818 exemtis
1548 755 1674 821 οὐδ’
1716 754 2040 835 άνθρώποις
2075 758 2208 818 νοῦν
2256 750 2467 832 ἔχουσι
2502 758 2712 817 IIPOC·

372 864 718 922 ΟΝΤΩΝ.
813 856 1014 942 Saepe
1054 856 1181 922 vidi
1224 858 1526 937 προσόντα
1580 860 1646 924 in
1697 859 2081 942 προσήκοντα
2118 865 2522 943 corruptum.
2591 855 2716 919 Pro-

374 961 588 1047 prium
653 963 719 1026 in
791 981 862 1026 ea
927 981 996 1027 re
1047 961 1310 1027 verbum
1375 972 1472 1028 est
1526 973 1856 1045 προσεῖναι.
1952 961 2264 1049 Exempla
2317 959 2549 1048 ubique
2591 965 2716 1024 suut

370 1066 591 1142 obvia,
644 1074 715 1130 ut
764 1066 825 1131 in
876 1065 993 1131 hac
1044 1067 1178 1153 ipsa
1229 1066 1358 1132 vita
1407 1088 1546 1154 cap.
1576 1074 1640 1135 7.
1688 1070 1956 1135 πλούτου
2003 1070 2065 1134 δὲ
2115 1068 2219 1133 καὶ
2268 1065 2487 1145 γένους
2530 1087 2715 1145 προσ·

370 1169 592 1243 όντος
639 1172 805 1252 αὐτῷ
867 1178 1191 1252 λαμπροῦ,
1265 1180 1329 1238 et
1369 1191 1507 1258 cap.
1563 1177 1626 1237 8.
1676 1173 1779 1239 καὶ
1822 1175 2186 1256 συνδραμεῖν
2244 1170 2413 1240 οὐδὲν
2468 1172 2720 1237 ἀπέοικεν

372 1276 498 1341 άπὸ
544 1281 786 1342 πολλῶν
833 1276 1290 1359 προσόντων
1330 1276 1416 1357 τῷ
1481 1276 1646 1358 άνδρὶ
1693 1279 1803 1353 τὴν
1850 1277 2056 1356 δόξαν.

1046 1668 1278 1722 comet
1331 1668 1565 1724 nomm
1616 1668 2062 1724 VERSICULUS.

464 1793 647 1880 Apud
694 1791 1040 1859 Zenobium
1089 1792 1265 1859 Cent.
1315 1792 1422 1858 IV.
1475 1798 1557 1858 55
1610 1791 1848 1877 tegitur
1886 1790 2331 1878 proverbium:

732 1903 977 1964 Θᾶττον
1024 1898 1052 1963 6
1099 1897 1269 1969 τόκος
1317 1897 1698 1978 Ἡρακλείτω
1746 1898 2039 1978 Περιναίω
2087 1898 2331 1980 τρέχει,

368 2004 534 2093 qnod
586 2004 1115 2090 interpretatione
1165 2022 1287 2067 non
1335 2011 1507 2088 eget,
1559 2003 1668 2068 sed
1720 2001 2208 2082 emendatione,
2259 2002 2413 2089 quia
2462 2011 2526 2069 et
2565 2011 2727 2081 Περι-

369 2110 516 2176 ναίω
567 2108 724 2175 nituit
774 2117 871 2174 est
919 2117 982 2174 et
1029 2116 1306 2174 metrum
1357 2107 1627 2174 laborat.
1727 2108 2013 2194 Repone:

734 2217 982 2280 Θέὶσσον
1028 2214 1056 2278 6
1102 2211 1274 2285 τόκος
1323 2214 1703 2294 Ἡρακλείτω
1750 2220 1833 2278 τῶ
1880 2214 2177 2294 Τεριναίω
2225 2212 2457 2295 τρέχει.

369 2318 655 2407 optimus
700 2317 939 2383 Comici
993 2316 1189 2384 Sicuti
1243 2317 1337 2383 vel
1393 2317 1603 2383 Italici
1651 2319 2057 2408 septenarius
2117 2328 2236 2385 est.
2339 2319 2564 2402 Τέρινα
2609 2335 2719 2381 me-

372 2423 545 2489 diam
596 2421 892 2508 producit
943 2430 1011 2487 ut
1056 2420 1327 2500 Αἴγινα,
1373 2421 1687 2500 Βέλβινα,
1735 2422 2018 2500 Βέμβινα
2068 2432 2131 2489 et
2180 2423 2443 2490 similia.
2539 2417 2719 2490 Simut

372 2528 658 2594 Atticum
709 2530 930 2595 θᾶττον
977 2527 1419 2614 retingendum
1474 2536 1613 2594 erat
1659 2527 1724 2592 in
1776 2529 2019 2595 θᾶσσον.

782 2867 1030 2922 SCITUM
1082 2866 1350 2921 RUSTICI
1401 2865 1660 2919 mcum
1713 2866 1804 2918 AD
1856 2865 2332 2921 Ptsls'rRA‘rmt.

461 2976 693 3044 Suidas
743 2998 802 3044 v.
855 2976 1329 3060 Σφακελισμός.
1362 2975 1773 3056 -παροιμία
1823 2975 1995 3039 »καὶ
2045 2974 2460 3057 σφάκελοι
2507 2979 2732 3044 ποιοῦ·

370 3106 486 3148 σιν
531 3083 993 3150 άτέλειαν.”
1063 3081 1461 3161 Πεισίςρατος
1508 3080 1636 3162 γάρ
1682 3080 1710 3145 6
1757 3077 2040 3160 τύραννος
2091 3081 2355 3159 δεκάτην
2400 3090 2518 3149 τῶν
2562 3104 2729 3163 γεωρ·

368 3187 676 3267 γουμένων
723 3189 952 3271 άπῄτει
998 3189 1136 3258 τοὺς
1182 3185 1565 3260 Ἀθηναίους·
1628 3186 1853 3266 παριὼν
1901 3184 1964 3251 δέ
2014 3209 2163 3251 ποτε
2216 3187 2321 3252 καὶ
2372 3189 2508 3254 ἰδὼν
2554 3210 2728 3270 πρεσ-

366 3294 566 3372 βύτην
612 3291 841 3373 πέτρας
883 3290 1284 3373 ἐργαζόμενον
1330 3293 1434 3355 καὶ
1485 3290 1705 3362 τόπους
1766 3290 2030 3362 λιθώδεις
2078 3290 2249 3371 ἤρετο
2289 3293 2468 3366 τίνας
2515 3294 2581 3358 ἐκ
2625 3297 2729 3357 τῶν

367 3399 568 3465 τόπων
613 3396 916 3479 κομίζοιτο
980 3397 1281 3477 καρπούς·
1332 3396 1360 3460 6
1409 3395 1462 3460 δ’
1523 3395 1924 3476 άπεκρίνατο·
1981 3395 2308 3471 »ὀδύνας
2358 3398 2496 3463 καὶ
2547 3404 2726 3481 σφα·

368 3504 654 3577 κέλους
703 3502 1177 3569 καὶτούτων
1218 3500 1560 3577 δεκάτην
1600 3501 2133 3580 Πεισίστρατος
2169 3499 2469 3584 Φέρει.”
2511 3499 2727 3582 θαυμά-

368 3634 484 3683 σας
533 3610 584 3674 δ’
634 3611 661 3676 6
723 3609 1118 3689 Πεισίςρατος
1182 3608 1290 3682 την
1341 3607 1677 3686 παρρησίαν
1727 3607 1917 3671 αὐτοῦ
1963 3614 2073 3681 τῆς
2125 3606 2389 3683 δεκάτης
2455 3611 2729 3677 ἀτέλειαν

369 3713 601 3780 ἔδωκεν.
696 3713 882 3781 Nulla
947 3722 1046 3779 est
1102 3715 1165 3778 in
1235 3711 1333 3776 his
1391 3712 1719 3792 παρρησία.
1815 3709 2137 3775 Emenda:
2189 3714 2294 3778 καὶ
2353 3714 2583 3781 τούτων
2629 3719 2727 3781 ΔΕ

370 3817 632 3894 δεκάτην
695 3822 1089 3901 Πεισίςρατος
1155 3825 1444 3894 ΦΘΡΟΙ,
1517 3814 1579 3879 id
1640 3822 1740 3880 est
1782 3814 2122 3894 βουλοίμην
2169 3818 2221 3882 δ’
2270 3816 2349 3883 ἂν
2396 3821 2502 3886 τὸν
2541 3815 2722 3886 Πεισί·

371 3945 590 4003 ςρατον
630 3924 734 3989 καὶ
773 3924 1000 3990 τούτων
1039 3922 1302 3997 δεκάτην
1342 3918 1717 3999 λαμβάνειν.
1792 3921 2028 3986 Arrisit
2070 3929 2394 4009 tyrannus
2435 3932 2502 3991 et
2537 3920 2727 4010 lepido

369 4028 507 4093 seni
552 4025 855 4094 decumas
902 4029 1171 4095 remisit.
