2934 5050
868 297 955 347 An
999 298 1460 348 mrnonosnffl
1506 299 1896 348 mmmmm.
2448 282 2580 350 345

287 467 540 537 Vocalis
595 468 993 554 paenultima
1053 474 1121 535 in
1181 471 1299 537 hoc
1356 474 1613 538 nomine
1672 473 1926 557 proprio
1986 474 2272 554 correpta
2293 517 2311 548 ‚
2378 476 2455 536 ut
2510 473 2579 536 in

199 573 576 647 ’1ουςινιανός
621 575 889 660 aliisque
933 575 1257 642 similibus
1273 624 1291 655 ‚
1338 576 1507 641 nihil
1550 577 1743 641 habet
1790 576 1959 661 apud
2004 575 2191 640 hosce
2228 580 2581 659 poetastros

195 680 444 745 insoliti
460 726 478 757 ‚
540 700 654 745 nec
713 679 976 745 fortasse
1035 681 1510 747 sollicitandum
1568 684 1636 746 in
1694 684 1971 766 pessimo
2014 677 2436 746 versificatore
2480 682 2578 745 vi-

194 787 368 849 tium
415 787 758 851 metricum
803 787 873 850 in
916 785 1152 850 ultima
1193 784 1443 871 syllaba
1484 787 1668 853 verbi
1712 781 1927 860 ἕςηκεν
1944 836 1962 862 ,
2010 784 2179 870 quod
2222 789 2439 851 tamen
2487 784 2578 849 fa-

197 891 445 957 cillime
488 894 727 960 evitare
770 892 1052 976 potuerit
1096 891 1460 957 scribendo:

652 992 940 1069 ἕςηκεν
986 1000 1337 1077 χρυσοῦς
1386 995 1765 1078 Αὖρηλιανός
1812 995 1946 1062 mk.

286 1101 511 1189 Epigr.
564 1097 717 1167 106.
767 1099 807 1165 3
839 1121 931 1186 sq.

285 1203 586 1295 Corrige:

1502 1310 1725 1377 Αἵδετο
1769 1309 1897 1391 γάρ
1941 1314 2021 1393 ῥα

385 1417 503 1483 κᾶν
551 1417 688 1505 (pro
731 1417 865 1505 καὶ)
912 1416 1183 1492 σκηπτὸς
1233 1416 1506 1496 Κρονίδου
1553 1425 1709 1484 τοῖον
1755 1416 1915 1480 ἑλεῖν
1958 1411 2310 1498 πρόμαχον.

287 1522 515 1610 Epigr.
566 1521 716 1587 111.

520 1626 670 1692 Καὶ
717 1627 849 1692 τὸν
894 1625 1020 1693 άπὸ
1065 1634 1370 1706 Τρηχῖνος
1415 1626 1593 1691 ἰδὼν
1638 1624 2010 1691 πολυώδυνον
2056 1623 2169 1707 ἥρω
2208 1667 2217 1674 -

612 1730 784 1797 τόνδε
832 1731 1211 1806 Φιλοκτήτην
1255 1729 1501 1813 ἔγραφε
1546 1730 1926 1811 Παρράσιος·

520 1835 597 1902 ἓν
638 1859 727 1900 τε
771 1836 929 1916 γαρ
976 1833 1339 1916 ὀφθαλμοῖς
1387 1834 1711 1910 ἐσκληκόσι
1760 1833 1966 1915 κωφὸν
2014 1835 2258 1902 ὑποικεῒ

612 1939 841 2021 δάκρυ,
893 1940 997 2004 καὶ
1047 1941 1074 2005 ὅ
1121 1939 1366 2021 τρύχων
1412 1941 1578 2013 ἐντὸς
1626 1939 1780 2007 ἔνεςι
1825 1936 2038 2011 πόνος.
2087 1939 2218 2003 κτὲ.

290 2046 466 2128 Quid
509 2048 578 2113 in
623 2048 761 2132 ipso
800 2047 1099 2111 carminis
1134 2047 1320 2110 initio
1356 2045 1761 2111 scribendum
1798 2046 1909 2121 sit,
1958 2044 2141 2110 docet
2178 2047 2380 2133 epigr.
2411 2043 2576 2113 179:

566 2160 623 2217 A
646 2150 844 2217 ὖταν
894 2151 961 2215 ἐκ
1007 2148 1241 2214 πόντοιο
1284 2148 1678 2231 τιθηνητῆρος
1724 2152 2045 2225 Ἀπελλῆς

656 2256 776 2321 τάν
825 2255 1053 2335 Κύπριν
1097 2257 1347 2332 γυμναν
1391 2252 1559 2322 εἶδε
1603 2253 2021 2336 λοχευομέναν

566 2361 670 2426 καὶ
720 2361 891 2425 τοίαν
934 2361 1214 2426 ἕτύπωσε
1263 2362 1392 2425 κτὲ.

288 2465 612 2533 Similiter
674 2467 780 2532 hic
837 2466 1149 2532 sententia
1205 2467 1553 2552 requiritur
1615 2490 1659 2532 α
1678 2466 1711 2532 ὖ
1729 2491 1769 2533 τ
1786 2465 1819 2532 ό
1835 2489 1865 2532 ν
1880 2513 1898 2545 ,
1963 2471 2076 2533 aut
2090 2513 2109 2547 ,
2157 2467 2214 2533 si
2258 2466 2419 2533 forte
2461 2466 2583 2535 hoc

201 2569 461 2640 Gmucl
506 2574 905 2659 epigramma
949 2591 1099 2635 cum
1145 2568 1288 2636 aliis
1325 2572 1560 2637 similis
1598 2575 1966 2661 argumenti
1988 2571 2148 2638 olim
2171 2573 2543 2639 cohaerebat
2561 2619 2611 2653 „

199 2679 496 2762 proprius
539 2678 737 2741 etiam
782 2676 862 2741 ad
907 2676 1212 2741 traditam
1253 2678 1637 2762 scripturam
1683 2702 1719 2743 κ
1739 2702 1782 2742 α
1804 2679 1838 2741 ὑ
1857 2672 2011 2742 τόν.

290 2781 518 2869 Epigr.
569 2778 700 2845 169
725 2827 742 2857 ,
792 2778 832 2844 3
857 2801 948 2866 sq.

475 2883 750 2953 ’Λτθίδα
798 2883 1147 2967 δερκόμενος
1198 2884 1356 2951 πάλι
1407 2885 1767 2961 Παλλάδα,
1817 2890 1995 2950 τοῦτο
2040 2883 2287 2962 βοήσεις
2307 2934 2324 2961 ,

568 2993 645 3065 ὦς
691 2990 915 3069 βούτης
969 2991 996 3055 ὅ
1045 2990 1238 3071 Πάρις
1284 2991 1461 3068 τήνδε
1509 2990 1999 3072 παρετρόχαο-εν.

201 3094 518 3182 Interpres
559 3095 828 3162 Latinus
842 3142 860 3173 ‚
910 3098 1069 3181 quod
1109 3097 1390 3162 bubulcus
1434 3101 1583 3162 cett.
1631 3096 1854 3162 Voluit
1891 3098 2111 3181 opinor
2152 3101 2370 3181 poeta:
2411 3119 2586 3183 quam

204 3199 488 3264 bubulcus
545 3199 728 3265 Paris
787 3199 973 3262 kance
1013 3199 1381 3282 praeteriit!
1439 3201 1483 3263 i.
1533 3220 1587 3264 e.
1636 3219 1830 3284 quam
1874 3198 2002 3265 suit
2044 3200 2229 3267 Paris
2276 3204 2546 3289 agrestis
2563 3250 2582 3282 ‚

211 3307 322 3387 qui
365 3305 532 3369 hanc
577 3324 865 3389 spernere
909 3302 1225 3389 potuerit!

291 3408 518 3496 Epigr.
567 3407 720 3474 206.

569 3513 865 3588 Θεσπιέες
912 3514 1014 3578 τὸν
1054 3518 1305 3596 Ἔρωτα
1351 3515 1529 3594 μόνον
1576 3513 1718 3580 θεὸν
1765 3516 1835 3579 ἐκ
1884 3514 2213 3598 Κυθερείης

657 3616 882 3700 ἕζοντ’,
929 3621 1051 3699 οὐχ
1097 3620 1294 3699 ἑτέρου
1340 3623 1717 3701 γραπτὸν
1761 3623 1879 3686 άπ’
1928 3622 2325 3704 άρχετύπου,

565 3724 713 3788 άλλ’
758 3720 820 3788 ὃν
867 3721 1252 3805 Πραξιτέλης
1303 3723 1458 3804 ἔγνω
1508 3724 1670 3792 θεόν.
2358 3722 2369 3729 ”

289 3827 736 3895 Necessarium
778 3833 970 3914 puto:

734 3935 856 4014 οὐχ
902 3933 1099 4015 ἐτέρου
1144 3938 1515 4014 γλυπτὸν
1559 3939 1672 4001 άπ’
1718 3938 2079 4020 άρχετύπου
2105 3989 2124 4019 ,
2172 3943 2306 4008 κτὲ.

292 4036 516 4125 Epigr.
567 4037 700 4103 262
716 4085 735 4117 ,
788 4037 849 4103 3.

612 4142 897 4221 Λύγδινα
943 4144 1155 4210 πάντα
1203 4148 1306 4212 καὶ
1354 4145 1562 4229 άκρα
1607 4150 1863 4231 σοφαὶ
1912 4150 2118 4233 χέρες.

206 4245 438 4313 Malim
485 4246 929 4331 άκρόσοφοι
975 4249 1177 4329 χέρες.
