2934 5050
1054 306 1364 363 nucleum
1411 310 1484 357 nr
1508 309 1838 357 munituna.
2459 289 2582 369 261

319 476 448 545 vn.
523 484 641 556 15,
692 478 1203 547 20.,Ι11οἰεείιιιι·
1249 478 1349 544 vir
1397 497 1664 544 uxorem
1717 467 1937 556 suam,
1989 473 2262 541 caudam
2311 472 2587 557 salacem

229 581 544 652 demetens
590 594 755 652 testa
806 583 1054 659 Samia,
1101 593 1168 650 et
1214 583 1572 651 secundum
1621 583 1702 649 Μ.
1746 581 2022 648 feminae
2059 581 2158 645 sui
2207 582 2590 651 concubitus

229 691 540 777 appetenti
611 688 929 759 occlamat
993 688 1389 772 ἀπειρόκωλε.
1514 689 1583 754 In
1651 688 2118 776 explicatione:
2191 688 2590 767 multonem,

197 795 304 861 -ad
363 816 622 863 uxorem
668 815 1016 863 conversus
1063 795 1221 861 ait”.
1315 795 1515 862 Porro
1563 793 1904 882 magnifica
1953 792 2267 880 quaedam
2319 792 2596 879 legimus

227 901 443 980 verba,
508 901 621 970 sed
681 901 843 968 nibil
907 900 1075 989 quod
1140 919 1275 968 rem
1328 903 1488 967 satis
1536 900 1839 969 declaret.
1933 899 2148 966 Nihilo
2198 899 2314 965 hoc
2365 898 2596 965 melius

224 1017 315 1074 est
370 1028 564 1095 quam
627 1007 1024 1075 Lachmanni
1091 1007 1447 1074 inventum.
1526 1006 1595 1073 Si
1658 1009 1744 1074 τὰ
1801 1006 2015 1084 καλὰ,
2064 1002 2142 1072 ὧν
2188 1007 2255 1072 οὐ
2302 1007 2590 1088 πειρᾶται

225 1131 376 1179 uxor
424 1113 567 1192 illa,
613 1113 802 1180 aliter
849 1112 1274 1200 explicasset,
1326 1112 1560 1199 leporis
1600 1111 1913 1200 quaedam
1955 1120 2132 1179 certe
2173 1113 2414 1177 inesset
2451 1131 2589 1198 spe-

221 1219 371 1295 cies;
440 1218 556 1287 sed
623 1240 772 1287 cum
840 1219 1165 1285 inhonesta
1227 1217 1616 1297 substituat,
1682 1217 1971 1298 frustra,
2038 1219 2305 1305 opinor,-
2370 1226 2588 1305 sperat

222 1321 344 1393 iore
389 1334 462 1392 ut
514 1327 660 1393 »vix
708 1325 973 1393 futurus
1020 1327 1145 1403 sit,
1196 1325 1305 1411 qui
1350 1322 1470 1390 boc
1508 1323 1888 1390 vocabulum
1932 1323 2012 1390 ad
2055 1324 2441 1391 sententiam
2481 1343 2585 1410 ap·

224 1430 538 1497 tissimum
602 1433 860 1518 neget.'’
954 1431 1051 1497 An
1103 1450 1252 1496 vero
1299 1431 1389 1497 ita
1440 1440 1818 1496 mansuetus
1862 1438 2002 1496 erat
2053 1431 2184 1508 vir,
2230 1439 2312 1505 ¹ut
2357 1429 2591 1496 fortius

220 1536 592 1603 vocabulum
672 1534 1071 1624 imprecandi
1137 1555 1262 1602 non
1329 1536 1785 1602 succurreret?
1886 1536 2007 1603 »Et
2068 1536 2357 1624 proxime
2420 1536 2588 1603 idem

219 1641 470 1710 »abesse
520 1663 556 1708 a
607 1641 789 1709 codd.
837 1641 1224 1728 corruptelis
1272 1639 1650 1708 fatebuntur
1697 1642 1808 1729 qui
1855 1644 2075 1713 norint
2123 1643 2356 1729 quibus
2398 1643 2590 1729 potis·

220 1748 488 1815 »simum
533 1746 742 1814 modis
784 1746 1066 1815 Graecae
1091 1747 1347 1814 litterae
1371 1766 1408 1813 a
1434 1747 1682 1814 Latinis
1706 1746 1989 1817 librariis
2014 1748 2255 1814 soleant
2285 1748 2588 1819 inverti.'’

212 1851 370 1923 Satis
404 1875 527 1943 pro
566 1854 987 1921 auctoritatel
1028 1853 1252 1940 ltaque
1292 1855 1403 1939 qui
1449 1874 1572 1919 non
1616 1855 2046 1932 assentietur,
2091 1852 2369 1919 nesciet?
2423 1853 2587 1919 Huic

210 1961 488 2048 periculo
514 1981 618 2028 me
646 1980 979 2048 exponam.
1023 1958 1221 2027 Codd.
1247 1959 1485 2027 habent
1509 1961 1859 2028 anu‘notelo.
1912 1961 2003 2027 Ex
2033 1968 2582 2027 AIIEIPOKAAE

211 2063 353 2133 illud
403 2069 512 2134 vix
562 2068 771 2155 potuit
819 2067 1117 2133 existere.
1188 2064 1926 2147 LitterasE,A,A,1,
1976 2077 2033 2133 Π
2085 2076 2257 2135 recte
2303 2064 2436 2132 l'ere
2485 2067 2585 2132 in-

210 2171 587 2241 tellexerunt
628 2172 883 2238 librarii
928 2170 1035 2262 (cs.
1080 2191 1275 2258 snpra
1312 2170 1541 2240 xxlx.
1592 2176 1671 2239 16
1695 2181 1761 2240 et
1788 2173 1923 2261 56).
1997 2171 2122 2239 Sed
2150 2192 2316 2260 prop
2342 2171 2579 2238 substi-

210 2287 387 2345 tuunt
441 2300 525 2367 p,
579 2298 693 2365 pro
738 2288 792 2344 K
835 2285 950 2344 aut
998 2298 1077 2355 u,
1126 2288 1240 2346 ant
1289 2287 1345 2345 H
1396 2277 1508 2367 (cf.
1559 2278 1719 2346 Non.
1768 2300 1831 2366 p.
1880 2280 2065 2366 518).
2158 2278 2384 2365 Itaque
2432 2277 2581 2345 inde

207 2385 348 2452 oriri
413 2392 626 2473 potest
687 2384 1051 2471 apeipouale
1099 2383 1196 2451 vel
1259 2421 1350 2436 -
1415 2383 1572 2452 eale.
1669 2385 1742 2451 In
1794 2404 1921 2472 quo
1969 2383 2134 2459 nihil
2182 2398 2382 2479 paene
2426 2404 2574 2451 cum

208 2490 527 2558 cnunotelo
573 2491 894 2558 convenit.

289 2596 460 2665 vlu.
520 2601 598 2663 14
650 2597 836 2686 (Non.
887 2604 992 2666 84.
1052 2603 1199 2686 10):

516 2702 820 2771 Hiberam
869 2703 1147 2772 insulam
1198 2703 1481 2771 lomento
1523 2704 1912 2772 omnicolore
1959 2704 2265 2772 colustra.

288 2807 426 2876 Non
470 2817 725 2897 oportet
771 2809 876 2876 bic
922 2829 1235 2897 quaerere
1285 2809 1483 2889 illud,
1526 2809 1696 2898 quod
1737 2831 1926 2878 nemo
1968 2820 2294 2898 praestare
2319 2819 2569 2898 potest,

210 2923 441 2982 certam
489 2915 1035 2984 emendationem.
1133 2917 1340 2984 Locus
1387 2917 1561 2984 enim
1611 2916 1799 2983 Nonii
1838 2915 2184 2984 admodum
2227 2926 2572 3004 corruptus

209 3027 298 3086 est
342 3029 405 3088 et
454 3021 891 3109 perturbatus.
943 3023 1005 3088 Is
1053 3026 1146 3090 sic
1193 3043 1261 3090 se
1305 3021 1527 3089 babet:

293 3126 641 3194 »Connsrnx
704 3126 838 3196 lace
905 3126 1143 3195 honere
1206 3129 1410 3194 vinmi
1476 3129 1799 3195 mammis,
1895 3127 2182 3197 Lucilius
2230 3128 2338 3198 lib.
2391 3129 2572 3197 vm:

213 3227 499 3300 Hiberam
574 3233 853 3300 insulam
918 3233 1200 3301 fomento
1265 3233 1657 3302 omnicolore
1719 3234 2024 3303 colustra.
2135 3235 2443 3303 Laverius
2505 3238 2569 3301 in

207 3334 466 3424 -Virgine
527 3338 848 3426 siquidem
914 3359 1058 3407 mea
1121 3340 1404 3407 colustra
1467 3339 1675 3408 fretus
1737 3342 1931 3408 terris
1994 3339 2255 3412 studere
2315 3340 2578 3410 fecisset

213 3461 458 3512 sumere
505 3466 743 3533 aquam
792 3465 871 3513 ex
917 3444 1154 3514 fonte?

294 3551 366 3618 In
411 3551 759 3639 postremis
807 3551 1181 3638 perturbata
1229 3572 1365 3621 esse
1414 3561 1480 3620 et
1529 3552 1728 3620 mixta
1770 3551 2018 3618 Laberii
2064 3561 2128 3620 et
2167 3552 2389 3619 Naevii
2413 3551 2579 3639 frag·

219 3666 457 3738 menta,
522 3656 687 3723 vidit
751 3657 1056 3725 Ribbeck.
1154 3657 1255 3725 Gi.
1322 3661 1463 3725 eius
1529 3656 1759 3744 fragm.
1824 3657 2018 3725 Naev.
2081 3663 2164 3724 47
2213 3666 2280 3725 et
2327 3655 2580 3724 Laberii

220 3763 319 3830 95.
420 3763 664 3852 Nempe
736 3763 957 3830 Naevii
1028 3762 1222 3830 verba
1290 3785 1523 3853 aquam
1594 3754 1884 3830 creterris
1955 3785 2201 3829 sternere
2270 3785 2350 3830 etc
2409 3767 2583 3852 sonte

221 3865 459 3936 aliunde
520 3879 671 3937 nota
736 3879 913 3937 sunt.
1013 3870 1107 3937 Ea
1169 3869 1276 3937 bic
1338 3869 1678 3956 leguntur,
1742 3869 2032 3936 creterris
2097 3869 2160 3936 in
2212 3871 2400 3936 terris
2444 3889 2580 3936 cor·

222 3983 394 4060 rupto
438 3984 502 4042 et
552 3974 689 4043 loco
742 3983 933 4042 moto.
1031 3976 1317 4064 Apparet
1364 3977 1568 4063 igitur
1616 3995 1742 4042 non
1790 3984 2044 4044 tantum
2085 3975 2306 4043 Naevii
2350 3995 2580 4043 nomen

222 4078 322 4145 sed
363 4083 555 4149 etiam
603 4082 840 4149 lemma
888 4080 1241 4159 excidisse,
1289 4080 1409 4148 hoc
1458 4079 1676 4148 modo:

303 4186 663 4257 ῦοιυετιιι.
708 4187 1016 4256 Laberius
1055 4188 1122 4252 in
1160 4187 1452 4275 Virgine:
1498 4186 1813 4275 siquidem
1861 4206 2002 4253 mea
2043 4135 2326 4254 colustra
2351 4185 2578 4254 fretus,

310 4292 660 4381 (Genuam.
727 4293 1007 4362 Naevius
1079 4293 1145 4359 in
1194 4294 1495 4383 Lycurgo
1541 4291 1876 4382 cre)terris
1950 4292 2242 4378 [studere
2290 4290 2574 4380 iecisset]

223 4412 473 4468 ,sumere
518 4419 753 4489 aquam
804 4418 880 4467 ex
913 4397 1166 4473 ,ΐοηιοΡ
