2934 5050
680 844 1531 937 OBSERVATIONES
1598 846 2084 938 CRITICAE

1342 1082 1407 1126 IN

1081 1272 1679 1352 HELIODORUM.

870 1487 1161 1535 sompsm·
1230 1440 1319 1537 S.‘
1355 1475 1426 1537 A.
1502 1476 1560 1537 N
1582 1477 1635 1537 A
1659 1476 1709 1537 Β
1733 1475 1781 1536 Ε
1804 1476 1874 1536 R.

1029 2022 1267 2125 CApUT
1303 2031 1721 2088 SECUNDUM.

280 2163 457 2233 Nunc
519 2163 927 2232 redeundum
985 2173 1087 2231 est
1129 2165 1213 2232 ad
1261 2165 1781 2253 Aethiopicorum
1830 2165 2114 2252 primum
2163 2165 2440 2246 librum,
2488 2167 2555 2235 in

203 2286 316 2354 qno
371 2269 547 2338 hand
607 2269 797 2357 longe
853 2269 937 2336 ab
996 2270 1184 2337 initio
1246 2290 1308 2357 p.
1353 2275 1508 2338 225.
1567 2275 1653 2338 52
1715 2271 1781 2338 in
1828 2270 2259 2359 descriptione
2317 2272 2559 2359 stragis

201 2371 358 2442 illius
401 2375 469 2442 in
516 2374 712 2442 litore
755 2374 965 2442 editae
1010 2373 1299 2442 offendor
1342 2375 1583 2443 verbis:
1628 2377 1837 2457 μυρίον
1881 2372 2042 2450 εἶδος
2094 2378 2123 2442 ὃ
2170 2377 2405 2457 δαίμων
2451 2377 2557 2444 ἐπὶ

200 2485 394 2562 μικροῦ
437 2486 548 2549 τοῦ
594 2481 823 2565 χωρίου
864 2481 1501 2562 μετεσκεύασεν.
1596 2480 1764 2562 Quid
1811 2481 1877 2548 in
1924 2479 2265 2550 (lodicibus
2303 2481 2557 2570 legatur

202 2603 312 2652 non
371 2587 576 2654 habeo
647 2605 764 2675 pro
818 2597 997 2654 certo
1059 2584 1306 2663 dicere,
1372 2606 1562 2665 nam,
1627 2586 1796 2674 quod
1863 2585 2205 2674 aliquoties
2270 2587 2552 2668 accidit,

200 2688 595 2780 Hirschigius
646 2693 710 2758 in
759 2690 1094 2758 relerendo
1140 2691 1328 2778 paulo
1373 2691 1808 2777 negligentius
1854 2699 2151 2758 versatus
2213 2690 2413 2759 fuisse
2458 2694 2556 2759 vi-

198 2793 401 2872 deturz
459 2796 575 2864 sed
643 2796 1102 2875 μετεσκεύασεν
1164 2805 1377 2863 tamen
1441 2795 1596 2863 ferri
1647 2817 1771 2863 non
1833 2798 2098 2884 poterit:
2148 2797 2355 2879 μυρίον
2400 2794 2555 2873 enee

197 2899 224 2964 ὃ
260 2900 491 2982 δαίμων
527 2900 820 2968 αιἸιίὺυίί
855 2898 1003 2968 οἶνον
1048 2899 1273 2980 αἵματι
1312 2901 1586 2981 μιάνας,
1631 2909 1755 2969 cet.
1821 2902 2045 2988 Itaque
2082 2901 2343 2987 requiro
2387 2926 2557 2969 κατ·

196 3008 646 3076 εσκεύασεν.
741 3006 989 3073 Norunt
1050 3007 1172 3072 viri
1239 3005 1453 3085 docti,
1534 3026 1730 3093 quam
1798 3005 1986 3072 facile
2051 3007 2557 3092 praepositiones

193 3111 348 3178 κατὰ
389 3121 457 3181 et
502 3112 683 3192 μετὰ
727 3110 938 3178 locum
984 3120 1351 3198 permutent
1396 3120 1461 3178 et
1505 3121 1719 3179 tamen
1762 3110 1935 3178 haud
1969 3110 2252 3177 alienum
2296 3110 2558 3180 videtur

195 3232 380 3299 pauca
441 3215 765 3304 quaedam
833 3235 992 3281 nova
1052 3215 1345 3308 exempla
1407 3215 1708 3302 colligere
1754 3225 1818 3282 et
1866 3213 1986 3282 snb
2036 3234 2163 3281 uno
2210 3225 2561 3304 conspectu

196 3337 434 3404 ponere.
535 3319 726 3407 Apud
787 3319 1099 3388 Achillem
1167 3320 1424 3387 Tatium
1490 3322 1747 3388 invenio
1819 3340 1877 3406 p.
1932 3324 2083 3386 118.
2154 3323 2192 3385 5
2259 3320 2288 3385 ὃ
2352 3321 2415 3388 δὲ
2474 3322 2563 3389 σοὶ

196 3429 390 3506 πρῶτα
434 3432 676 3507 σκῆψιν
720 3426 1060 3492 ’ὑπώπτευε
1122 3427 1232 3501 τὴν
1283 3425 1600 3492 ἀσθένειαν
1646 3422 1826 3513 (εἶναι
1874 3421 2378 3511 supplendum).
2406 3473 2422 3490 .
2450 3472 2466 3490 .
2497 3473 2513 3491 .
2542 3473 2563 3493 .

194 3528 263 3600 ὥς
300 3530 362 3597 δὲ
402 3531 618 3597 κατὰ
665 3531 875 3611 μικρὸν
920 3530 1073 3611 ἑώρα
1118 3530 1229 3604 τὴν
1265 3531 1581 3607 ἀλήθειαν.
1685 3530 1880 3594 Vetus
1920 3527 2241 3615 interpres
2285 3527 2560 3595 Annibal

198 3628 534 3712 Cruceius,
582 3635 697 3721 qui
738 3632 956 3701 codice
997 3654 1154 3700 usus
1191 3632 1389 3700 fuisse
1427 3633 1671 3700 dicitur
1703 3631 2036 3718 aliquanto
2078 3631 2340 3698 meliore
2365 3652 2560 3718 quam

196 3736 233 3800 ii
277 3736 422 3806 libri
469 3747 672 3819 sunt,
722 3740 836 3826 qui
899 3738 979 3805 ad
1044 3747 1261 3805 nostra
1309 3746 1600 3826 tempora
1648 3736 2127 3824 perdurarunt,
2180 3737 2375 3804 vertit
2421 3739 2555 3808 sic:

194 3858 321 3908 mm
364 3843 564 3932 paulo
613 3851 756 3931 post
810 3845 1130 3911 veritatem
1195 3844 1612 3931 comperisset.
1709 3843 1933 3927 ltaque
1994 3841 2241 3908 invenit
2289 3841 2353 3906 in
2400 3840 2563 3909 libro

77 4015 78 4048 ζ
195 3951 666 4036 manuscripto,
716 3968 880 4036 qnae
921 3948 1091 4015 haud
1127 3967 1358 4035 parum
1403 3947 1629 4015 melior
1668 3945 1859 4013 lectio
1897 3954 2029 4023 est,
2075 3946 2288 4022 μετὰ
2330 3945 2561 4026 μικρόν.

77 4059 78 4070 ’
192 4046 269 4117 Et
309 4055 579 4120 omnino
625 4052 904 4120 Achilles
942 4051 1168 4120 crebro
1206 4053 1300 4119 sic
1342 4052 1661 4139 loquitur:
1712 4070 1771 4137 p.
1818 4053 1968 4115 119.
2014 4056 2088 4115 11
2142 4050 2314 4128 μετὰ
2353 4050 2563 4130 μικρὸν

79 4207 80 4226 2
191 4154 508 4237 ἐκάθευδε,
560 4177 624 4244 p.
671 4162 817 4224 126.
860 4161 951 4222 22
999 4159 1168 4237 μετὰ
1215 4157 1422 4238 μικρὸν
1469 4157 1663 4223 ἔκειτο
1710 4155 2124 4231 καθεύδουσα,
2176 4173 2238 4239 p.
2282 4158 2430 4220 154.
2481 4157 2562 4218 16

193 4263 350 4336 μετὰ
397 4263 617 4345 μικρὸν
662 4265 725 4330 δὲ
772 4261 888 4341 βοή
936 4285 1028 4335 τις
1076 4261 1184 4340 ἦν,
1250 4281 1314 4348 p.
1369 4267 1518 4329 176.
1576 4267 1656 4328 15
1704 4261 1873 4339 μετὰ
1919 4259 2130 4340 μικρὸν
2176 4260 2238 4326 δὲ
2283 4258 2560 4337 ἅνέθορε,

197 4381 252 4446 p.
301 4371 454 4435 195.
509 4371 600 4436 19
656 4368 827 4450 μετὰ
888 4369 1098 4451 μικρὸν
1160 4369 1228 4434 αἱ
1293 4368 1461 4449 θύραι
1524 4363 1945 4447 ἀνεῴχθησαν.
2044 4361 2300 4429 Cruceii
2358 4358 2567 4425 versio

2217 4470 2278 4514 st
