2934 5050
1211 307 1557 358 nonarum.
2446 291 2575 359 361

186 479 384 559 adm,
427 475 1249 558 Ἀλκμέων-Ἀλκμάων,
1292 477 2040 556 Ἀγέλεως-Ἀγέλαος
2067 526 2084 556 ,
2129 476 2577 555 rede—vade,

181 585 485 666 μετ-ἄορας
533 580 876 669 (μετήορος)
903 619 989 631 -—-
1013 583 1310 663 μετέωρος
1359 589 1480 649 cet.

271 689 510 775 Itaque
553 691 610 753 si
669 685 1072 768 'ruvaaipeoc
1120 692 1217 753 est
1260 688 1555 753 Atticum
1602 686 1799 772 (quod
1845 707 2033 754 nemo
2077 686 2358 768 dubitat)
2406 688 2575 756 Ioni·

181 815 336 860 cum
398 800 494 859 est
550 814 678 859 non
734 789 1075 872 Τυνδάρεως
1137 792 1248 858 sed
1307 796 1422 857 aut
1481 791 1835 873 Τυνδάρειος
1898 798 2012 858 aut
2073 791 2420 873 Τυνδάρηος
2471 796 2576 878 (ut

181 897 590 981 ’Λμφιάρεως
615 935 702 946 -
724 896 1186 979 Ἀμφιάρηος),
1238 895 1406 982 quod
1449 918 1640 964 nemo
1685 898 1854 964 vidit
1898 902 1965 963 et
2007 917 2197 963 nemo
2240 897 2508 963 videbit.

273 1077 352 1146 Si
414 1080 559 1164 quis
615 1078 686 1142 in
746 1076 1028 1143 Homero
1089 1076 1359 1164 legendo
1417 1076 1538 1143 hoc
1593 1081 1743 1165 aget
1800 1075 1986 1163 plura
2047 1077 2125 1143 de
2183 1099 2414 1166 genere
2459 1078 2581 1146 hoc

182 1187 553 1270 reperturus
610 1186 738 1260 est,
801 1182 969 1248 unde
1024 1188 1137 1247 aut
1193 1181 1422 1247 melior
1480 1181 1671 1248 lectio
1737 1181 1886 1247 elici
1943 1183 2145 1267 possit
2190 1189 2304 1248 aut
2348 1183 2577 1250 discre-

183 1290 403 1375 pantis
461 1288 808 1371 scripturae
872 1288 1051 1374 origo
1096 1291 1331 1373 pateat.
1378 1285 1453 1350 In
1498 1283 1681 1351 Iliad.
1734 1296 1811 1350 0.
1852 1284 2022 1372 635.
2070 1287 2223 1352 libri
2269 1287 2580 1375 discrepa-

187 1394 347 1459 bant
385 1394 456 1456 in
492 1390 623 1456 αἰὲν
666 1390 1028 1472 ὃμΟςιχάει
1071 1396 1136 1457 et
1165 1393 1366 1468 ὅμΟΥ
1397 1389 1647 1470 euxia.
1672 1396 2042 1456 annotatur:
2090 1390 2578 1473 δμοςιχάειε

191 1497 683 1578 συμπορεύεται.
754 1496 1072 1577 βάρβαρον
1135 1495 1197 1563 δέ
1257 1502 1448 1579 φησιν
1509 1491 1663 1560 εἶναι
1725 1495 1882 1560 αὐτὸ
1944 1495 2289 1571 Διονύσιος.
2368 1498 2581 1565 Facile

194 1602 555 1670 credimus:
601 1599 963 1682 ἐγέγραπτο
1008 1602 1072 1667 δὲ
1117 1602 1177 1666 ἐν
1224 1609 1350 1676 τοῖς
1398 1608 1694 1673 παλαιοῖς
1747 1609 2023 1667 ΗΟΜΟ.

1294 1884 1453 1958 XV.

1217 2082 1561 2140 Fumea,

285 2257 421 2323 Scio
483 2254 652 2343 apud
715 2253 1075 2321 Homerum
1137 2257 1235 2320 est
1295 2252 1459 2319 2073ae
1521 2255 1588 2319 et
1643 2253 1893 2318 sciebam
1953 2253 2152 2336 μήδεαι.
2223 2253 2298 2321 In
2361 2255 2586 2323 formis

197 2362 463 2447 perfecti
519 2360 682 2426 7073oe
743 2358 925 2425 nulla
982 2363 1078 2425 est
1134 2359 1411 2425 varietas
1473 2378 1676 2443 neque
1739 2358 2160 2444 discrepantia
2212 2380 2414 2446 neque
2458 2360 2584 2428 dis-

199 2471 421 2535 sensio.
493 2465 686 2534 ·Ροῒδοι
748 2464 942 2531 habet
1000 2465 1201 2533 εοῒσθα
1262 2468 1328 2530 et
1384 2462 1536 2531 νοῒδε
1597 2462 1835 2547 (dualis
1892 2464 2045 2535 ris-ov
2105 2463 2399 2553 exempla
2459 2487 2588 2537 non

200 2577 563 2652 occurrunt)
621 2574 687 2636 et
744 2569 944 2645 η’δμεν
963 2616 981 2645 ,
1042 2567 1165 2638 ries
1230 2572 1295 2633 et
1350 2567 1585 2634 rieoecev
1647 2575 1713 2634 et
1772 2571 1843 2634 in
1902 2572 2284 2657 imperativo
2329 2571 2475 2638 νίσθι
2520 2579 2588 2639 et

198 2674 354 2745 tls-co.
446 2674 684 2741 Omnes
738 2673 861 2740 hae
924 2673 1194 2750 formae,
1261 2693 1421 2758 quae
1479 2672 1843 2760 analogiam
1903 2680 2142 2740 certam
2202 2681 2554 2759 sequuntur
2566 2739 2585 2771 ‚

201 2784 442 2846 certam
489 2784 553 2844 et
600 2777 993 2864 exploratam
1036 2777 1275 2842 habent
1319 2775 1515 2841 fidem
1561 2782 1626 2842 et
1672 2780 2057 2844 testimoniis
2100 2783 2371 2843 utuntur
2409 2785 2589 2848 extra

201 2903 458 2951 omnem
513 2885 1006 2950 controversiam
1061 2884 1305 2968 positis.
1390 2880 1465 2945 In
1527 2879 2145 2966 plusquamperfecto
2203 2881 2382 2964 ηὸδεα
2434 2890 2586 2950 sunt

200 2987 515 3056 librorum
561 2995 627 3055 et
670 2990 1241 3076 grammaticorum
1289 2987 1453 3053 vitia
1493 2989 1559 3050 et
1597 3005 1853 3051 errores.
1922 2985 2348 3053 Discernenda
2381 2988 2588 3075 igitur

201 3099 350 3160 sunt
401 3115 557 3163 vera
615 3098 680 3159 et
739 3094 1020 3180 genuina
1079 3112 1117 3157 a
1177 3091 1356 3157 falsis
1412 3094 1479 3155 et
1540 3090 1811 3157 vitiosis.
1881 3089 2126 3157 Probae
2176 3096 2244 3157 et
2290 3094 2585 3180 antiquae

202 3197 440 3266 formae
485 3198 605 3263 hae
649 3203 833 3263 sunt:

474 3302 676 3384 Ἑῄδεα
725 3305 790 3367 et
835 3307 981 3368 ante
1025 3300 1310 3368 vocalem
1357 3301 1512 3383 νῄδέ
1538 3350 1554 3365 .

470 3406 668 3489 Ham,-
715 3411 780 3472 et
822 3407 1118 3487 εῇδησθσι.
1269 3486 1278 3495 ³

468 3512 656 3593 Ῥῄδεε
684 3561 703 3590 ,
750 3512 904 3593 &aa
950 3517 1015 3577 et
1060 3516 1206 3578 ante
1248 3510 1538 3578 vocalem
1585 3511 1736 3594 εῄδέ
1783 3516 1897 3577 aut
1941 3512 2134 3594 νῄδειν
2154 3561 2171 3579 .

199 3613 491 3682 dualium
536 3616 775 3682 formae
822 3617 992 3703 apud
1034 3615 1396 3682 Homerum
1442 3636 1570 3683 non
1614 3616 1948 3704 leguntur,
1996 3622 2062 3683 et
2099 3619 2168 3682 in
2188 3616 2425 3704 plurali
2447 3619 2585 3687 sola

201 3723 390 3786 tertia
435 3719 603 3786 rleoev
649 3727 990 3807 comparet.
1060 3719 1441 3787 Homericae
1486 3723 1693 3808 igitur
1736 3721 1977 3788 formae
2023 3723 2258 3788 Atticis
2302 3727 2455 3789 sunt
2496 3726 2581 3790 si·

201 3824 540 3891 millimae.

290 3928 632 3995 Homerus.
1626 3930 1851 3995 Attici.

290 4034 468 4116 μήδεα
517 4038 581 4100 et
625 4040 771 4101 ante
814 4035 1101 4101 vocalem
1145 4034 1295 4116 μήδε’
1362 4081 1378 4099 .
1429 4081 1446 4099 .
1498 4080 1515 4098 .
1566 4080 1582 4098 .
1632 4033 1740 4114 ἤδη

293 4139 495 4219 ι’ᾔδης,
541 4140 800 4221 &Bne-Oa
882 4184 1576 4204 ...........
1624 4139 1856 4221 ᾔδησθα

292 4244 492 4326 faber,
542 4245 696 4326 εῄδει
745 4253 810 4312 et
857 4252 1002 4312 ante
1092 4291 1583 4312 ........
1636 4244 1763 4327 ᾔδει
1811 4254 1876 4310 et
1921 4250 2088 4310 ante*

385 4349 667 4416 vocalem
712 4352 866 4433 &¹32⁹
917 4361 1028 4415 aut
1076 4349 1262 4432 εῄδειν
1310 4397 1598 4417 .....
1739 4348 2023 4416 vocalem
2053 4351 2232 4432 ᾔδειν.
