2934 5050
996 300 1382 349 mitonocica
1429 303 1504 350 m·
1549 302 1804 351 αιιιτιοιι.
2456 290 2584 356 2Ξὸ
2628 338 2649 349 ,

205 495 383 554 μενος
430 474 495 546 ἐς
543 471 646 536 τὸν
689 470 895 536 Δίωνα
944 471 1050 537 ντί
1084 471 1201 548 μὲν
1238 470 1447 553 λέγεις
1487 473 1594 540 οὐκ
1631 468 1769 541 οίῖα
1789 524 1809 555 ,
1858 477 2024 557 Φιλῶ
2061 473 2127 542 δέ
2164 498 2234 541 σε
2271 477 2349 550 ὥς
2388 477 2582 557 ἐμαυ·

201 578 373 648 τόνδ’
469 576 788 645 Traianus
837 574 1240 664 triumphum
1291 577 1538 646 ducens
1581 579 1888 647 Dacicum
1929 580 1997 646 in
2039 600 2308 649 currum
2350 584 2583 651 trium·
2648 589 2662 601 ‘

204 683 453 774 pbalem
508 684 770 750 Dionem
819 680 1269 771 philosophum
1322 687 1568 773 recepit
1613 680 1812 774 seque
1857 686 2084 753 crebro
2118 686 2199 754 ad
2238 708 2387 755 eum
2429 709 2577 756 con·

203 799 459 859 vertens
507 790 600 856 ita
661 786 1034 856 dictitabat:
1097 790 1255 877 quid
1300 790 1476 859 dicas
1521 793 1759 871 nescio,
1807 793 1917 860 sed
1960 814 2104 860 amo
2147 803 2206 860 te
2255 804 2580 884 tamquam

199 906 422 965 meme!
466 897 696 983 ipsum.
791 892 1033 982 Nempe
1082 897 1419 984 princep8‚
1467 898 1618 986 quia
1668 897 1898 966 Graece
1944 900 2288 979 nesciebat,
2340 900 2582 970 Graece

197 1004 564 1093 loquentem
622 999 890 1067 Dionem
953 1020 1081 1067 non
1128 1001 1547 1089 intelligebat.
1641 1002 1777 1071 Non
1826 1003 2038 1073 dicam
2087 1025 2284 1094 quam
2332 1007 2421 1075 sit
2468 1007 2580 1074 ab·

197 1108 462 1177 surdum
504 1106 770 1176 credere
813 1106 949 1194 ipso
992 1107 1306 1196 triumphi
1351 1108 1454 1176 die
1495 1109 1650 1177 haec
1697 1112 1785 1177 ita
1829 1111 1966 1178 fieri
2008 1113 2328 1200 potuisse:
2376 1133 2569 1202 quam
2648 1190 2669 1205 l

197 1218 501 1291 absonum
570 1215 742 1280 inter
803 1233 912 1279 eos
974 1214 1332 1281 amicitiam
1397 1236 1537 1284 esse
1592 1215 1720 1283 dici
1772 1218 2007 1304 quibus
2054 1220 2227 1286 inter
2266 1239 2335 1287 se
2380 1219 2577 1288 collo-

198 1322 424 1413 quendi
479 1320 660 1388 nulla
707 1321 792 1388 sit
835 1319 1144 1398 facultas,
1200 1324 1430 1390 omitto
1479 1323 1661 1411 plura
1705 1323 1968 1412 perinde
2012 1325 2407 1413 incongrua,
2454 1326 2577 1395 hoc

200 1455 390 1503 unum
459 1452 669 1520 urgeo
734 1429 920 1518 plane
980 1427 1334 1498 absurdum
1383 1450 1525 1498 esse
1571 1430 1837 1498 credere
1882 1432 2235 1498 Traianum
2286 1431 2576 1502 consula·

198 1561 322 1610 rem
373 1541 638 1618 virum,
704 1535 854 1603 olim
900 1533 1182 1622 legatum
1233 1535 1549 1622 Augusti,
1610 1556 1779 1603 nunc
1825 1535 1939 1604 diu
1987 1537 2345 1625 principem
2385 1558 2578 1626 pror-

198 1668 294 1714 sus
359 1637 597 1715 Graece
653 1644 914 1710 nescire.
1009 1640 1147 1709 Non
1210 1649 1350 1709 erat
1414 1641 1483 1708 in
1535 1662 1609 1710 eo
1659 1642 1935 1709 multum
1988 1642 2356 1723 doctrinae,
2406 1642 2579 1731 quod

200 1753 254 1819 iu
315 1752 590 1820 militari
662 1750 800 1815 viro
863 1756 928 1815 et
976 1748 1113 1813 acri
1166 1745 1469 1815 bellatore
1516 1749 1664 1836 quis
1712 1749 2035 1816 miretur?
2097 1749 2208 1816 sed
2256 1748 2433 1816 aliud
2482 1756 2583 1818 est

199 1879 311 1925 nou
354 1878 498 1926 esse
548 1854 1105 1928 eruditissimum,
1153 1852 1330 1920 aliud
1383 1853 1611 1921 rudem
1662 1854 1974 1922 bonarum
2025 1856 2315 1935 artium,
2367 1853 2579 1943 plum·

197 1962 371 2032 beum
423 1966 488 2031 in
543 1963 793 2036 literis,
841 1959 1124 2029 Graecae
1172 1958 1431 2046 linguae
1482 1961 1784 2047 ignarum
1833 1982 1993 2029 esse.
2091 1960 2258 2028 Audi
2307 1961 2571 2029 Dionem

198 2069 484 2137 Cassium
553 2068 838 2137 vatn.
905 2071 968 2133 7.
1037 2067 1413 2156 (Traianus)
1474 2067 1765 2143 παιδείας
1826 2069 1944 2148 μὲν
2000 2067 2296 2150 ἀκριβοῦς
2356 2062 2465 2143 ὅση
2513 2067 2576 2133 ἐν

196 2174 389 2258 λόγοις
436 2178 504 2244 οὐ
554 2174 842 2256 μετέσχε
862 2196 877 2212 ·
924 2170 998 2239 τό
1041 2197 1122 2251 γε
1168 2173 1292 2253 μὴν
1339 2170 1513 2254 ἔργον
1539 2177 1734 2253 αὐτῆς
1758 2174 1864 2241 καὶ
1915 2174 2183 2251 ἠπίςατο
2219 2173 2326 2241 καὶ
2363 2171 2574 2241 ἐποίει.

194 2284 294 2370 qui
355 2283 538 2350 locus
601 2280 862 2367 egregie
911 2277 1278 2345 illustratur
1323 2276 1537 2344 verbis
1585 2279 1774 2346 Plinii
1827 2280 1892 2345 in
1946 2279 2258 2369 Paneqyr.
2309 2283 2431 2358 47,
2490 2287 2563 2345 tx

192 2410 361 2476 quem
419 2389 727 2456 honorem
786 2384 1035 2452 dicendi
1094 2384 1468 2472 mayistrt's?
1528 2407 1717 2473 quam
1764 2385 2187 2474 eliquationem
2231 2383 2571 2473 sapientiae

193 2494 529 2565 doctoribus
592 2492 837 2561 habes?
884 2529 973 2545 —-
1046 2489 1136 2557 Tu
1182 2490 1427 2558 easdem
1475 2501 1642 2560 artes
1689 2491 2021 2581 complexu
2066 2491 2263 2559 oculis
2307 2491 2568 2558 auribus

195 2601 387 2672 habes.
488 2602 790 2668 Praestas
837 2597 1008 2667 euim
1059 2618 1508 2686 quaecumque
1554 2599 2002 2686 praecipiunt,
2051 2607 2415 2687 tantumque
2459 2618 2566 2664 eas

197 2706 395 2796 diliqis
448 2716 764 2796 quantum
807 2705 887 2771 ab
931 2704 1069 2771 illis
1107 2704 1417 2793 probaris.
1514 2703 1638 2772 Sed
1683 2705 1810 2772 erit
1856 2701 2128 2771 fortasse
2174 2702 2387 2791 paullo
2424 2721 2566 2790 per·

198 2814 456 2881 tinacior
503 2811 748 2900 aliquis
795 2830 1004 2898 neque
1050 2829 1127 2876 ex
1177 2809 1279 2875 his
1318 2812 1477 2877 satis
1519 2830 1830 2899 apparere
1869 2809 2176 2880 concedet
2214 2809 2570 2875 Traianum

200 2918 404 2988 Graeci
463 2918 792 2987 sermonis
851 2918 1149 3003 ignarum
1213 2935 1335 2981 non
1387 2913 1606 2983 fuisse.
1703 2916 1764 2983 Is
1809 2916 2011 3002 igitur
2059 2915 2216 2982 mihi
2267 2913 2572 3003 inspiciat

203 3024 447 3093 Dionem
502 3025 805 3093 Cassium
857 3020 1139 3089 vatn.
1192 3026 1253 3089 5.
1316 3022 1346 3088 ὅ
1391 3022 1665 3104 Νέρουας
1708 3020 1905 3101 ἀνέβη
1953 3022 2014 3096 ἐς
2061 3020 2132 3087 τὸ
2180 3020 2571 3110 Καπιτώλιον

194 3131 283 3196 καὶ
340 3131 459 3213 ἔφη
521 3130 932 3212 γεγωνῆσας·
989 3129 1237 3212 Ἀγαθῇ
1284 3128 1457 3211 τύχῃ
1503 3135 1617 3204 τῆς
1662 3153 1734 3195 τε
1780 3128 2016 3207 βουλῆς
2063 3126 2170 3194 καὶ
2216 3131 2326 3194 τοῦ
2374 3126 2567 3206 δήμου

196 3237 297 3301 τῶν
350 3237 674 3315 Ῥωμαίων
729 3235 834 3301 καὶ
884 3234 1033 3314 ἐμοῦ
1079 3236 1270 3300 αὐτοῦ
1318 3234 1574 3317 Μάρκον
1617 3234 1893 3302 Οὸλπιον
1938 3232 2213 3316 Νέρουαν
2256 3230 2567 3315 Τραϊανὸν

197 3347 498 3423 ποιοῦμαι.
549 3342 658 3409 καὶ
707 3341 877 3422 μετὰ
925 3344 1136 3407 ταῦτα
1187 3341 1249 3406 ἐν
1291 3341 1378 3422 τῷ
1428 3341 1706 3424 συνεδρίῳ
1747 3338 2033 3419 Καίσαρά
2072 3363 2145 3405 τε
2186 3338 2376 3405 αὐτὸν
2411 3335 2567 3404 ἀπέ-

200 3443 336 3527 δειξε
378 3451 481 3517 καὶ
533 3447 858 3518 ἐπέςειλεν
902 3447 1073 3527 αὐτῷ
1120 3446 1485 3532 αὐτοχειρίᾳ
1534 3443 1715 3536 (ἦρχε
1762 3445 1825 3513 δὲ
1868 3454 1981 3522 τῆς
2029 3444 2378 3526 Γερμανίας
2416 3443 2569 3509 ἐκεῖ·

203 3561 328 3637 νος).

541 3660 808 3728 Τίσειαν
868 3655 1104 3725 Δαναοὶ
1166 3656 1295 3736 ἐμὰ
1342 3655 1575 3739 δάκρυα
1622 3666 1778 3726 σοῖσι
1826 3655 2141 3737 βέλεσσιν.

207 3766 513 3850 aptissime
554 3766 819 3832 Homeri
872 3761 1188 3830 versiculo
1246 3783 1439 3830 senex
1508 3765 1758 3843 utitur,
1808 3762 1918 3831 sed
1972 3770 2242 3849 putasne
2288 3758 2565 3828 Nervam

207 3869 285 3936 sic
327 3873 723 3962 scripturum
768 3869 968 3936 fuisse
1010 3867 1090 3935 ad
1138 3888 1326 3947 eum,
1371 3889 1565 3956 quem
1605 3877 1718 3936 aut
1760 3868 2098 3935 Homerica
2125 3868 2424 3953 ignorare
2448 3875 2564 3934 aut

208 3972 420 4045 Graece
445 3969 729 4045 'omnino
769 3975 1019 4043 nescire
1057 3974 1535 4043 arbitraretur?
1587 3975 1811 4062 Itaque
1853 3975 2056 4062 ipsius
2100 3972 2344 4040 Nerva‘e
2385 3973 2564 4041 testi·

210 4084 401 4149 monio
463 4085 923 4151 philostratum
992 4083 1059 4147 in
1120 4101 1342 4149 errore
1407 4080 1748 4149 manifesto
1810 4079 2199 4168 deprensum
2264 4098 2415 4145 suas
2467 4077 2563 4145 sa-

211 4181 375 4254 bulas
435 4189 554 4256 sibi
618 4189 852 4257 habere
915 4186 1166 4255 iubebis
1226 4194 1290 4253 et
1339 4188 1405 4254 in
1454 4186 1728 4254 caeteris
1777 4206 1856 4254 ne
1906 4195 1970 4252 te
2016 4184 2295 4271 decipiat
2341 4183 2564 4253 sedulo

215 4292 462 4361 cavebis.

2218 4505 2278 4550 15
