2934 5050
994 287 1079 335 An
1128 287 1397 339 eroum
1444 289 1893 341 rnonmnenm.
2507 277 2636 346 445

253 459 515 544 quidem
576 458 756 523 nulla
801 456 905 522 lex
950 460 1285 543 prohibere
1329 465 1538 545 potest
1555 507 1572 536 ,
1633 481 1758 546 quo
1805 464 2023 528 minus
2065 467 2318 532 iuvenis
2358 466 2457 530 det
2503 488 2637 531 cou-

248 565 457 629 cilium
504 563 687 629 alteri
706 610 723 641 ,
773 565 829 628 si
877 565 1020 648 quis
1063 567 1166 628 uti
1210 564 1388 632 velit.
1468 564 1691 650 Neque
1734 567 1854 633 hoe
1873 617 1895 650 ‚
1939 570 2192 653 opinor,
2245 568 2495 636 Solonis
2531 571 2638 637 lex

248 669 515 735 vetabat
558 669 668 733 sed
715 691 790 732 ne
827 668 1076 733 Senator
1123 677 1268 733 esset
1313 671 1475 747 μήτε
1522 667 1737 751 ἄρχειν
1787 708 1872 720 -—-
1919 676 2079 746 μήτε
2124 675 2458 739 Βουλεύειν.
2507 677 2636 761 Ap-

246 777 458 859 posite
504 774 584 840 ad
626 775 789 839 hane
831 794 970 838 rem
1013 774 1365 859 Xenophon
1411 774 1735 838 Memorab.
1785 774 1838 839 Ι.
1889 775 1953 840 2.
2001 778 2055 861 ᾖ.
2101 776 2207 842 35.
2255 780 2369 845 ubi
2413 778 2632 846 Socra-

246 885 349 945 tes
395 882 677 965 quaerit:
726 879 969 960 ὁρίσατέ
1017 903 1119 958 μοι
1165 879 1357 960 μέχρι
1402 876 1604 943 πόσων
1653 879 1801 944 ἐτῶν
1848 881 1945 946 δεῖ
1978 882 2238 963 νομίζειν
2279 884 2437 959 νέους
2479 882 2632 951 εἶναι

245 984 393 1057 τοὺς
469 985 825 1065 ἀνθρώπους.
916 985 1020 1050 oui
1102 981 1458 1050 Charicles:
1540 979 1792 1064 ὅσουπερ
1868 986 2084 1066 χρόνου
2143 989 2465 1066 βουλεύειν
2523 992 2633 1057 οὐκ

245 1087 452 1165 ἔξεςι·
501 1127 587 1139 -
634 1091 792 1168 μηδὲ
838 1090 914 1154 σὺ
961 1090 1257 1167 διαλέγου
1303 1088 1603 1168 νεωτέροις
1650 1087 1978 1169 τριάκοντα
2028 1092 2196 1159 ἐτῶν.

339 1194 419 1260 In
466 1195 688 1261 eodem
736 1196 1097 1283 fragmento
1138 1215 1287 1282 pag.
1339 1192 1454 1270 74,
1506 1193 1569 1259 2.
1634 1193 2002 1261 Meinekius
2039 1198 2276 1264 edidit:
2323 1196 2524 1282 ὥσπερ
2561 1202 2625 1268 δὲ

245 1298 313 1364 ἔν
373 1324 489 1365 τινι
549 1301 760 1381 α’γαθῇ
822 1308 910 1380 γῇ
969 1300 1167 1381 φυτὸν
1225 1298 1715 1377 οὶειθαλοῦν,
1789 1301 1896 1366 sed
1961 1302 2254 1378 οἶειθαλῆς
2304 1303 2626 1372 Graecum

241 1410 379 1483 est,
441 1405 758 1470 αειθαλεῒν
804 1425 928 1470 nou
974 1409 1090 1470 est.
1181 1403 1362 1469 Libri
1405 1404 1642 1469 habent
1684 1405 1781 1469 οὶε)
1831 1406 2027 1488 Φυτὸν
2072 1408 2313 1489 θαρροῦν
2366 1415 2447 1476 et·
2476 1409 2627 1478 Iun·-

241 1531 398 1576 oum
459 1509 929 1596 perelegantem
991 1511 1362 1594 scriptorem
1433 1511 1716 1594 suspicor
1783 1512 2060 1581 ἀττικιςί
2125 1514 2361 1581 dixisse
2427 1515 2625 1599 Φυτὸν

242 1618 734 1696 ἆείφρουρον
778 1614 847 1680 id
894 1622 991 1679 est
1035 1612 1338 1685 ἀειθαλές.

335 1826 412 1891 In
458 1825 676 1893 Floril.
731 1825 894 1904 115,
945 1823 1056 1892 27.
1101 1824 1417 1911 Archytas
1460 1825 1694 1891 dixisse
1737 1831 2034 1911 putatur:
2085 1836 2249 1894 ποιεῖ
2278 1828 2323 1893 οὶ
2354 1829 2469 1906 μὲν
2500 1827 2620 1895 νεά·

240 1955 361 2003 τας
411 1932 902 2011 έπιχειρητικῶς,
946 1929 1018 1995 τὸ
1068 1929 1132 1994 δὲ
1176 1937 1373 2018 γῆρας
1422 1936 1842 2012 προνοατικῶς.
1934 1933 2077 1999 Non
2123 1931 2419 2020 intelligo
2464 1934 2619 2019 quid

238 2039 330 2100 sit
377 2037 837 2118 ἐπιχειρητικῶς
885 2057 946 2101 τι
992 2042 1204 2101 ποιεῖν.
1298 2033 1538 2099 Verum
1584 2055 1710 2100 non
1754 2035 1872 2100 hoe
1913 2036 2072 2101 dicit
2108 2036 2461 2123 Archytae,
2507 2038 2620 2104 sed

238 2144 277 2218 ἦ
327 2140 532 2214 νεότης
596 2141 1151 2222 ε’πιχειρητικΟΤΟ
1213 2147 1389 2204 ποιεῖ.
1487 2140 1712 2225 Itaque
1755 2145 2031 2206 correcto
2078 2147 2340 2208 accentu
2386 2145 2617 2211 scriba-

234 2267 387 2312 mus
433 2247 894 2328 ἒπιχειρητικῶς
940 2251 1005 2312 et
1050 2247 1470 2326 προνοατικώς.

329 2456 624 2522 Isocratis
670 2457 917 2521 dietum
966 2457 1134 2541 apud
1181 2456 1558 2521 Musonium
1607 2451 1769 2534 117,
1821 2452 1884 2520 8.
1929 2475 2076 2545 pag.
2126 2454 2244 2536 89,
2295 2456 2404 2523 32.
2443 2458 2607 2543 φασὶ

238 2563 365 2644 γὰρ
426 2564 645 2629 ἐκεῖνον
699 2564 826 2647 (τὸν
877 2559 1251 2647 Ἰσοκράτην)
1296 2560 1705 2642 ἐρωτήσαντός
1750 2585 1904 2632 τινος
1952 2560 2111 2635 ὅπως
2162 2562 2367 2641 διάγει
2415 2566 2610 2630 εἰπεῖν

238 2663 331 2733 ὅτι
397 2666 583 2742 οὕτως
646 2666 844 2747 ὥσπερ
910 2669 1313 2732 ἘΚΕῙΝΟΝ
1376 2667 1479 2730 τὸν
1534 2665 1884 2739 ἐνενήκοντα
1930 2667 2047 2742 μὲν
2095 2665 2404 2743 γεγονότα
2456 2666 2606 2746 ἔτη,

236 2780 441 2838 κακῶν
490 2774 550 2838 δὲ
602 2770 871 2851 ἔσχατον
923 2771 1245 2852 νομίζοντα
1294 2767 1449 2834 εἶναι
1500 2769 1603 2833 τὸν
1651 2769 1927 2835 θάνατον.
2000 2769 2126 2835 Pro
2164 2772 2384 2836 ἐκεῖνον
2422 2771 2609 2839 facile

234 2884 497 2964 apparet
569 2878 1038 2942 emendandum
1110 2896 1243 2941 esse
1299 2872 1498 2954 ὥσπερ
1561 2883 1809 2939 elKOC
1867 2872 1972 2938 τόν
2030 2875 2160 2939 κτέ.
2246 2875 2362 2940 Est
2420 2877 2576 2942 haee
2587 2924 2605 2955 ,

234 2987 335 3048 uti
389 3003 568 3068 spero
578 3029 597 3059 ,
660 2980 998 3053 ἀδέσποτός
1058 3004 1153 3052 τις
1214 2980 1320 3044 καὶ
1371 2979 1785 3056 πεπλασμένη
1837 2977 2206 3057 παράδοσις,
2254 3000 2409 3044 nam
2452 2980 2607 3065 quid

230 3086 502 3152 Isocrate
561 3088 886 3164 miserius,
953 3086 1107 3171 quid
1169 3087 1553 3151 contemtius
1610 3083 1836 3149 fuisset
1891 3084 1947 3147 si
2006 3083 2162 3149 haee
2219 3103 2371 3149 vera
2416 3083 2606 3149 sunt?

232 3190 461 3256 Simile
522 3192 675 3256 huie
730 3192 1036 3257 mendum
1096 3190 1254 3256 olim
1316 3191 1673 3255 exemimus
1719 3209 1795 3255 ex
1840 3188 2161 3273 praeclaro
2203 3187 2343 3255 loco
2387 3187 2608 3275 Hype-

232 3297 391 3361 ridis
455 3294 614 3371 124,
683 3294 798 3361 36.
862 3322 913 3361 ει
984 3296 1036 3360 δ’
1100 3294 1223 3365 ἔςιν
1279 3293 1556 3370 αἴσθησις
1620 3294 1682 3358 ἐν
1738 3290 2203 3359 Αιδου-εἵΗ
2268 3294 2409 3368 τοὺς
2461 3303 2605 3368 ταῖς

228 3409 446 3480 τιμαῖς
511 3408 628 3467 τῶν
692 3404 833 3466 θεῶν
899 3401 1393 3478 καταλυομέναις
1446 3399 1876 3477 βοηθήσαντας
1933 3396 2194 3472 πλείςης
2246 3398 2603 3476 κηδεμονίας

230 3508 343 3574 ὑπὸ
386 3510 494 3571 τοῦ
534 3506 844 3583 δαιμονίου
884 3505 1267 3586 τυγχάνειν,
1309 3508 1442 3569 imo
1482 3523 1633 3570 vero
1676 3511 1922 3568 GIKOC
1962 3502 2102 3574 τούς
2143 3504 2274 3568 κτὲ.
2346 3503 2606 3570 Eximio.

227 3617 325 3679 est
367 3615 437 3676 in
482 3610 585 3676 his
629 3610 1002 3676 Ruhnkenii
1051 3610 1408 3676 emendatio
1458 3618 1628 3674 ΚΗΔ
1641 3607 1905 3686 Εμονίας
1939 3628 2053 3693 pro
2098 3609 2601 3689 ΕΤΔΛΙμονίας.

226 3716 440 3784 Facile
508 3722 768 3801 apparet
827 3722 1112 3783 veterem
1170 3715 1468 3781 lacunam
1524 3712 1683 3778 olim
1734 3733 2026 3800 perverse
2080 3713 2403 3799 expletam
2468 3735 2604 3783 esse

227 3827 291 3888 et
349 3821 812 3888 Ruhnkenium
872 3842 950 3885 ex
997 3822 1310 3886 sententia
1352 3817 1480 3884 loci
1528 3838 1747 3884 veram
1788 3817 2129 3883 lectionem
2177 3817 2466 3885 sollerter
2508 3821 2604 3884 in..

227 3926 510 4014 degsese.
606 3923 822 3990 Simul
894 3925 1229 3991 observent
1294 3925 1575 3989 iuniores
1640 3920 2001 3999 κηδεμονίας
2079 3921 2426 4005 τυγχάνειν
2484 3943 2601 4009 pro

227 4033 423 4099 verbo
473 4031 718 4116 paseivo
782 4031 968 4116 poni:
1032 4029 1103 4095 τὸ
1162 4026 1464 4108 δαιμόνιον
1530 4033 1648 4092 τῶν
1708 4026 2024 4109 ἀνθρώπων
2071 4028 2325 4104 κήδεται
2361 4028 2603 4111 passive

229 4136 465 4203 (ficitur
528 4137 579 4202 οί
647 4132 939 4217 ἄνθρωποι
1008 4137 1201 4200 ’ΤΠΟ
1266 4138 1373 4199 τοῦ
1437 4131 1743 4210 δαιμονίου
1792 4132 2149 4210 κηδεμονίας
2188 4129 2598 4214 τυγχάνουσι.

231 4241 338 4307 Sic
399 4244 854 4320 συγγιγνώσκειν
914 4240 1216 4326 passivum
1267 4239 1461 4306 habet
1518 4235 1897 4315 συγγνώμης
1958 4235 2304 4319 τυγχάνειν
2365 4241 2430 4305 et
2473 4237 2602 4306 alia

231 4344 550 4431 permulta
593 4364 758 4431 quae
801 4348 1072 4432 quisque
1118 4344 1302 4412 facile
1347 4345 1516 4408 inter
1558 4341 1902 4428 legendum
1948 4341 2428 4410 animadvertet.
