2934 5050
651 1234 799 1323 AD
877 1234 1385 1325 PLATONIS
1459 1233 1963 1325 GORGIAM.

892 1576 1177 1627 scan’sff
1224 1555 1296 1625 G.
1346 1556 1427 1625 G.
1478 1555 1713 1624 Cosa-r.

1014 1849 1596 1886 ψ

329 2088 596 2143 Ριιτοκιι
629 2094 870 2144 Gonnus.

324 2173 476 2223 edidit
510 2174 572 2224 R.
609 2175 667 2225 B.
698 2174 969 2224 Hmscmo.
1039 2173 1241 2223 Traiecti
1273 2174 1332 2222 sd
1366 2173 1604 2222 Rhenum.
1646 2172 1791 2225 1878.

224 2386 440 2478 Relegi
485 2411 689 2476 nuper
743 2390 1237 2479 diligentissime
1285 2390 1565 2470 Germana
1606 2408 1810 2452 unum
1856 2409 1934 2452 ex
1977 2387 2499 2472 praeclarissimis

147 2487 407 2561 Platonis
451 2495 745 2584 Dialogis
791 2501 855 2562 et
902 2500 1279 2582 argumento
1324 2498 1390 2560 et
1431 2493 1670 2570 forma,
1717 2513 1831 2558 nec
1875 2494 2075 2559 miror
2116 2494 2184 2557 in
2231 2490 2501 2559 Graecia

143 2594 282 2661 olim
322 2600 516 2666 fuisse
562 2604 672 2685 qui
723 2601 1004 2681 Gorqimn
1047 2599 1310 2685 reliquis
1354 2598 1651 2664 omnibus
1694 2597 1982 2663 Platonis
2027 2600 2279 2682 scriptis
2323 2602 2496 2661 ante-

145 2711 450 2782 ponerent,
498 2710 578 2770 ut
621 2708 805 2770 testis
848 2711 948 2770 est
991 2704 1301 2769 Aristides
1345 2701 1527 2768 Tom.
1572 2702 1655 2767 Π.
1704 2724 1849 2790 pag.
1898 2702 1962 2766 6.
2009 2702 2124 2766 εἶσὶ
2172 2702 2229 2765 δ’
2276 2696 2329 2765 οἳ
2374 2705 2493 2763 τῶν

146 2793 446 2881 mliv-came
492 2808 695 2887 λόγων
727 2815 844 2873 τῶν
877 2811 962 2883 εἷς
996 2809 1241 2887 μνήμην
1277 2808 1539 2883 ἡκόντων
1579 2808 1826 2879 τούτους
1867 2807 2204 2887 (Goryiam)
2239 2804 2494 2883 μάλεςα

144 2908 547 2993 θαυμάζουσιν.

221 3013 438 3104 Relegi
498 3023 567 3083 et
624 3019 827 3101 ipsius
886 3017 1174 3083 Platonis
1232 3037 1420 3083 causa
1480 3023 1544 3081 et
1605 3015 1801 3081 simul
1862 3015 1945 3080 ad
1988 3013 2493 3102 cognoscendum

142 3119 276 3200 quid
321 3142 486 3187 nova
528 3122 725 3188 editio
771 3121 1091 3188 attulisset
1133 3124 1306 3187 boni.

218 3221 498 3292 Plurima
541 3225 681 3292 vidi
729 3245 891 3310 quae
932 3228 1100 3291 mihi
1144 3228 1401 3314 egregie
1459 3224 1779 3311 placerent
1835 3231 1900 3290 et
1942 3226 2228 3310 impense
2270 3224 2493 3310 proba-

143 3332 361 3405 rentur;
407 3329 623 3396 multa
665 3330 742 3394 de
787 3329 1046 3417 linguae
1092 3332 1343 3396 Atticae
1385 3332 1628 3396 ratione
1665 3336 1730 3396 et
1764 3351 1887 3394 usu
1928 3329 2128 3414 deque
2163 3328 2495 3395 Platonica

145 3427 367 3497 dicendi
427 3434 885 3500 consuetudine
937 3421 1230 3500 sollerter
1288 3438 1353 3497 et
1397 3439 1581 3500 acute
1627 3434 2096 3512 animadversa3
2142 3433 2354 3499 multa
2395 3435 2491 3498 in·

144 3536 372 3615 geniose
415 3543 482 3604 et
528 3537 801 3603 feliciter
845 3537 1180 3606 emendata
1187 3558 1204 3614 ;
1251 3537 1494 3604 multas
1530 3536 1880 3604 Socraticas
1912 3538 2494 3625 argumentationes

145 3636 575 3726 circumspecto
621 3642 861 3706 iudicio
905 3641 1228 3726 expeditas
1243 3689 1260 3717 ,
1310 3648 1376 3708 et
1413 3644 1792 3728 praesertim
1831 3641 2227 3708 Platonicam
2265 3642 2492 3706 oratio·

144 3759 271 3805 mm
332 3747 570 3828 passim
632 3745 827 3811 fatuis
888 3752 953 3810 et
1010 3745 1269 3810 insulsis
1325 3747 1668 3820 sciolorum
1729 3746 2178 3812 additamentis
2233 3745 2491 3811 tandem

145 3855 535 3934 expurgatam
557 3896 574 3924 ,
619 3869 783 3933 qnae
828 3848 1001 3913 labes
1045 3855 1112 3914 et
1155 3850 1322 3934 apud
1367 3850 1644 3935 reliquos
1681 3857 1927 3916 veteres
1971 3854 2039 3914 et
2074 3849 2244 3934 apud
2278 3848 2493 3916 Plato-

146 3966 272 4012 nem
332 3951 523 4039 longe
587 3953 783 4018 latius
851 3956 1078 4039 serpsit
1138 3974 1332 4038 quam
1389 3955 1676 4041 plerique
1734 3954 1999 4019 lectores
2058 3954 2162 4022 vel
2221 3953 2493 4020 editores

143 4053 475 4134 opinantur.

221 4154 431 4244 Itaque
498 4165 636 4248 cepi
704 4162 1042 4229 consilium
1111 4163 1227 4229 illa
1292 4184 1452 4248 quae
1518 4165 1684 4229 mihi
1745 4166 2028 4230 maxime
2085 4166 2155 4230 vi
2212 4168 2495 4250 repertae

147 4263 412 4328 veritatis
472 4265 783 4332 fel-iissent
843 4270 1134 4333 animum
1194 4288 1273 4333 ex
1332 4270 1595 4334 caeteris
1638 4288 1967 4353 excerpere
2011 4275 2075 4332 et
2120 4289 2267 4334 cum
2312 4267 2493 4334 Mne-

149 4381 419 4449 mosynes
463 4369 802 4436 lectoribus
860 4375 1361 4448 communicare,
1423 4393 1548 4457 quo
1610 4372 1821 4455 plures
1884 4372 1962 4437 ad
2008 4376 2213 4456 ipsam
2260 4392 2493 4437 novam

1752 4475 1775 4504 ·
2211 4479 2241 4523 ⁸
