2934 5050
371 288 501 353 302
1179 304 1499 352 moriones
1547 305 1936 354 versuumn.

362 469 556 538 teolos
598 469 793 548 venit,
831 469 1096 557 perinde
1139 493 1215 538 ae
1251 471 1577 559 publicum
1619 472 2037 539 ministerium
2080 479 2286 560 ayens
2312 491 2569 538 summa
2606 490 2723 538 eim

363 574 616 642 licentio
661 576 960 661 correptis
1009 577 1271 645 navibus
1313 578 1383 643 in
1430 576 1718 644 Siciliam
1742 626 1759 643 .
1786 627 1805 646 .
1831 628 1848 643 .
1890 576 2256 665 penetravit.

457 678 853 747 Saturninus
922 680 1028 748 ille
1099 701 1292 748 naves
1360 681 1804 768 corripiendo,
1878 683 2062 768 quasi
2128 680 2463 764 publicum
2528 688 2725 766 ageret

366 787 838 864 ministerium,
889 807 1013 854 uon
1061 796 1193 854 tem
1244 788 1520 855 licenter
1563 787 1756 854 credo
1801 807 1993 873 quam
2044 784 2445 852 confidenter
2491 805 2564 852 se
2608 804 2726 872 ges-

365 893 480 960 sit.
575 892 1007 974 Quamobrem
1058 912 1174 979 pro
1219 893 1616 973 cundiceaeitia
1659 891 1908 958 scribas
1953 911 2192 976 quaeso
2236 890 2644 978 considentk.

461 1002 541 1075 7,
594 1002 669 1075 5,
717 1001 777 1063 2.
847 998 1189 1083 Postquam
1233 991 1567 1074 narravit,
1618 998 1687 1063 P.
1739 995 2074 1072 Nasicam,
2135 1015 2288 1062 cum
2349 992 2726 1061 aedilitatem

365 1100 660 1168 curulem
728 1110 1016 1189 peteret,
1077 1120 1475 1188 manumque
1518 1100 1859 1168 cuiusdam
1911 1103 2157 1167 rustico
2204 1118 2396 1187 opere
2443 1098 2726 1165 duratam

368 1207 927 1295 apprehendisset,
974 1207 1098 1274 ioci
1146 1207 1356 1292 gratia
1404 1203 1587 1273 illum
1638 1207 2074 1291 interrogasse
2120 1225 2203 1271 an
2254 1202 2563 1270 manibus
2602 1202 2727 1269 soli·

372 1320 480 1378 tus
513 1320 684 1379 esset
721 1310 1086 1389 ambulare,
1127 1311 1431 1398 deinceps
1465 1310 1645 1381 addit
1686 1310 1806 1377 hoc
1837 1308 2089 1377 dictum
2132 1309 2419 1396 Scipioni
2455 1306 2728 1396 repulne

367 1434 630 1483 causam
680 1414 996 1483 attulisse.
1069 1417 1234 1482 Tum
1284 1435 1437 1483 vero
1486 1415 1629 1481 finit
1676 1417 2115 1482 narrationem
2164 1414 2268 1480 his
2312 1412 2572 1481 verbis:
2616 1414 2728 1501 iqi-

367 1532 474 1587 tur
519 1522 738 1588 civitas
796 1531 1010 1587 nostra
1065 1521 1379 1588 nobilium
1436 1519 1732 1587 moenum
1775 1520 2029 1606 inqenia
2073 1520 2154 1587 ab
2197 1518 2533 1589 insolentia
2573 1538 2727 1586 revo-

365 1625 565 1694 cando
622 1647 882 1713 maqnos
927 1638 986 1693 et
1030 1626 1219 1691 utiles
1267 1627 1431 1692 cives
1481 1626 1670 1713 [βοέῃ
1736 1625 2228 1712 honoribusque,
2289 1645 2415 1690 non
2452 1621 2727 1710 pauenda

368 1752 474 1799 eos
516 1754 557 1801 a
599 1732 837 1799 securis
877 1733 1036 1819 peti,
1082 1730 1357 1803 debitum
1402 1733 1790 1799 auctoritatis
1827 1730 2073 1818 pondus
2116 1729 2362 1796 adiecit.

363 1874 368 1881 -
463 1837 678 1904 Nimis
715 1836 831 1902 diu
877 1835 984 1901 hic
1030 1835 1212 1903 locus
1260 1838 1545 1904 intactus
1591 1836 1854 1904 relictus
1900 1845 2023 1903 est.
2117 1835 2249 1901 Aut
2295 1833 2472 1901 enim
2523 1830 2723 1899 fallor.

372 1950 487 2009 aut
532 1940 828 2008 scurrilis
875 1941 1265 2028 petulantia,
1312 1962 1444 2029 quo
1483 1941 1807 2009 hominem
1858 1940 2006 2007 boni
2051 1937 2221 2025 frugi
2261 1937 2571 2013 laeserat,
2607 1934 2726 2002 Soi-

371 2047 549 2135 pioni
614 2045 907 2134 repulsae
968 2066 1165 2113 causa
1213 2045 1359 2115 fuit.
1454 2048 1578 2113 Pro
1624 2047 1860 2119 securis
1907 2046 2111 2132 igitur
2153 2045 2392 2111 scurris
2436 2042 2724 2126 corrigas.

458 2159 541 2229 7,
615 2156 693 2231 6,
768 2156 830 2218 4.
906 2151 971 2217 0.
1045 2151 1248 2218 Mario
1322 2152 1429 2219 Cn.
1478 2151 1752 2218 Carbone
1795 2150 2155 2217 consulibus
2190 2148 2364 2217 civili
2405 2148 2567 2215 bello
2599 2166 2725 2213 nnn

370 2256 445 2324 L.
493 2256 675 2322 Sulla
720 2256 1164 2323 dissidentibus
1187 2304 1204 2322 .
1237 2305 1253 2323 .
1288 2306 1304 2322 .
1369 2266 1621 2325 senatus
1662 2255 1940 2322 consulto
1982 2276 2179 2321 aurea
2221 2262 2411 2340 atque
2455 2260 2723 2340 προπίω

366 2361 743 2448 templorum
806 2370 1205 2441 ornamento,
1269 2382 1348 2428 ne
1392 2360 1702 2428 militibus
1747 2359 2054 2447 stipendia
2099 2359 2418 2437 deessent,
2483 2355 2722 2441 conflata

367 2476 512 2534 sunt
537 2515 553 2532 .
586 2512 603 2533 .
637 2513 653 2531 .
701 2463 841 2532 Non
866 2513 882 2532 .
912 2513 928 2531 .
957 2515 974 2536 .
1017 2475 1276 2552 patrum
1319 2466 1805 2554 conscriptorum
1850 2465 2163 2542 voluntas,
2210 2463 2321 2530 sed
2358 2461 2723 2530 numae

367 2571 749 2639 necessitatis
792 2571 1145 2642 truculenta
1192 2593 1414 2646 manus
1457 2571 1564 2638 illi
1606 2571 1883 2638 consulto
1927 2571 2149 2636 stilum
2185 2587 2369 2636 suum
2409 2564 2719 2655 impressit*

460 2676 694 2744 Stitum
737 2675 881 2742 Seto
925 2676 1292 2762 imprimere
1337 2695 1493 2742 num
1532 2683 1708 2743 recte
1748 2674 2005 2742 dicatur
2040 2693 2155 2761 pro
2193 2674 2412 2740 Sctum
2446 2671 2720 2743 mm.

366 2782 571 2850 donoc
638 2779 929 2867 exemplo
995 2780 1485 2867 comprobetur,
1555 2800 1679 2848 non
1753 2779 2051 2848 dubitare
2120 2798 2391 2866 nequeo.
2502 2773 2721 2844 stilum

369 2886 665 2955 mutilam
729 2904 947 2951 vocem
1010 2905 1152 2952 esse
1200 2887 1497 2972 suspicor
1557 2895 1622 2952 et
1682 2884 2128 2964 decurtatam,
2196 2883 2531 2951 Valerium
2591 2897 2721 2947 vero

369 2993 707 3078 scripsisse
742 2989 1055 3075 sigillum.
1150 2990 1449 3078 Siqillum
1495 2990 1855 3076 imprimere
1899 2990 2095 3060 alicui
2144 2989 2281 3067 rei,
2333 3008 2454 3075 pro
2490 2985 2722 3070 consig-

375 3116 531 3164 nare
577 3117 632 3163 s.
685 3094 1024 3180 obsignare
1059 3094 1344 3181 aliquid,
1385 3094 1627 3182 legitur
1662 3095 1834 3182 apud
1880 3095 2015 3164 Cic.
2066 3092 2265 3162 Acad.
2319 3099 2400 3170 2,
2454 3098 2576 3170 26,
2619 3094 2721 3162 86:

370 3200 546 3266 curt.
603 3205 681 3277 5,
732 3205 769 3264 7
819 3199 996 3288 (ιε),
1048 3205 1158 3266 14.

469 3310 546 3382 7,
593 3307 673 3382 8,
724 3308 784 3371 6.
833 3302 1172 3391 Pompeius
1227 3303 1508 3390 Beyinus
1536 3355 1552 3372 .
1585 3355 1600 3371 .
1629 3354 1645 3371 .
1710 3326 1853 3374 eum
1899 3314 2256 3371 testamento
2299 3304 2528 3388 [meris
2564 3319 2721 3391 pree»

367 3408 593 3475 teritus
655 3417 814 3476 esset
857 3420 916 3474 et
961 3409 1045 3475 ad
1106 3410 1563 3497 eoaryuendam
1623 3410 2014 3497 iniquitatem
2073 3410 2207 3475 eius
2269 3408 2450 3475 binas
2506 3404 2721 3474 tabutas

368 3523 874 3581 testamentorum
927 3534 1184 3581 suorum
1227 3515 1296 3581 in
1346 3515 1594 3582 comitio
1637 3515 1869 3581 incisas
1907 3514 2120 3581 habita
2155 3514 2487 3600 utriusque
2514 3508 2722 3579 ordinis

370 3620 655 3686 maxima
698 3619 1051 3707 frequentia
1096 3622 1415 3692 recitasset
1440 3668 1457 3686 .
1486 3668 1504 3687 .
1537 3669 1553 3685 .
1601 3621 1840 3690 cineres
1885 3620 2111 3707 [meris
2156 3618 2395 3706 quietes
2441 3639 2572 3686 esse
2597 3634 2720 3703 peu·

372 3744 483 3788 sus
527 3733 641 3789 est.

355 3909 361 3924 Ι
467 3829 589 3894 Pro
634 3827 847 3894 babitu
910 3826 1194 3894 adhibita
1257 3827 1686 3895 revocandum
1735 3837 1853 3895 est.
1949 3828 2201 3896 Etenim
2252 3835 2518 3916 propter
2559 3841 2724 3913 prae·

373 3931 610 4001 cedens
655 3955 754 3999 -as
795 3952 1074 4019 sequens
1128 3934 1234 3999 ad-
1275 3933 1462 4001 sacile
1515 3934 1783 4002 interire
1822 3935 2049 4019 potuit.
2126 3932 2412 4000 Verbum
2457 3930 2726 3999 adbibere

375 4037 665 4105 absolute
703 4046 1087 4125 usurpatum
1130 4058 1267 4106 esso
1303 4057 1420 4125 pro
1457 4041 1524 4103 in
1549 4038 1875 4108 consilium
1899 4038 2234 4115 adhibere,
2271 4038 2565 4124 pluribus
2588 4032 2724 4100 toci:
2848 4103 2849 4114 ¹

377 4141 633 4228 probari
683 4151 913 4229 potest.
1010 4141 1106 4210 cf.
1157 4144 1293 4228 ipse
1341 4142 1637 4210 Valerius
1684 4149 1763 4221 9,
1830 4149 1906 4221 5,
1968 4143 2044 4210 E.
2094 4147 2169 4210 2:
2217 4143 2520 4210 adhibitis
2562 4137 2723 4206 Asiae

367 4246 794 4333 principibus,-
848 4245 984 4313 Cic.
1037 4246 1216 4316 Fam.
1268 4251 1348 4323 4,
1396 4252 1476 4326 ’1,
1526 4254 1601 4324 6;
1656 4253 1775 4327 11,
1824 4254 1900 4325 ’1,
1958 4255 2027 4321 1:
2076 4245 2302 4315 deols.
2343 4253 2423 4323 3.
2474 4251 2589 4322 ΩΟ,
2625 4244 2715 4306 80.

467 4356 549 4430 8,
608 4357 723 4429 11,
775 4350 848 4416 Ε.
900 4357 963 4416 5.
1013 4349 1292 4428 Natura,
1341 4373 1527 4437 quem
1574 4353 1658 4419 ad
1707 4353 1962 4420 modum
2006 4374 2188 4440 saepe
2233 4373 2489 4420 numero
2530 4365 2717 4416 aemu-
