2934 5050
1044 272 1428 321 raicomoica
1476 271 1551 319 ετ
1596 272 1852 320 omncs.
2557 260 2634 320 41

248 440 591 508 Anecdotis
636 459 696 525 p.
752 444 921 519 109,
973 444 1091 518 25,
1138 450 1242 516 et;
1294 452 1364 508 ut
1413 442 1605 518 solet,
1654 439 2050 507 confidenter
2087 441 2345 519 Νήθειν.
2399 443 2643 530 inquit,

253 550 321 615 οὐ
383 548 566 627 μόνον
630 554 816 613 νεῖν.
914 545 1200 632 Ecquem
1264 555 1494 614 testem
1545 557 1611 613 et
1659 558 1991 615 auctorem
2043 546 2305 614 laudat?
2357 547 2641 615 Nullum.

259 654 669 720 Describitur
727 672 762 718 a
816 651 1069 719 Photio:
1133 656 1436 730 Νῆθειν
1484 656 1548 720 οὐ
1595 654 1770 733 μόνον
1819 662 1985 721 νεῖν
2032 656 2143 730 την
2189 651 2424 736 κρόκην.
2521 653 2644 720 No·

258 763 473 826 vimus
547 759 874 824 hominem
941 768 1004 824 et
1071 758 1350 825 hominis
1420 760 1744 826 inscitiam
1811 781 1886 827 ac
1951 762 2381 827 temeritatem
2431 761 2647 827 omnia

255 867 452 931 etiam
500 875 725 952 aperte
770 865 998 931 vitiosa
1062 866 1161 953 (ut
1208 867 1635 949 ἑγρηγόρησαν
1685 886 1798 953 pro
1845 867 2258 949 ἐγρηγόρεσαν
2307 866 2476 953 apud
2525 867 2644 932 Xe·

259 969 678 1060 nophontem)
728 969 962 1057 cupide
1009 973 1383 1058 arripientis
1436 983 1507 1039 ut
1554 973 1888 1039 Atticistas
1938 973 2105 1040 male
2156 982 2393 1041 ureret.
2460 972 2644 1038 Hunc

256 1077 472 1164 ipsum
534 1076 862 1142 hominem
921 1078 1217 1165 suspicor
1263 1098 1297 1144 a
1351 1078 1719 1167 Phrynicho
1766 1080 2073 1165 castigari
2124 1080 2232 1145 uhi
2281 1080 2344 1144 in
2400 1078 2644 1145 Praesa-

256 1184 432 1250 iione
502 1182 769 1249 scribit:
834 1186 898 1249 οὐ
958 1183 1248 1249 λανθοὶνει
1294 1183 1359 1250 δέ
1405 1210 1509 1260 σε,
1580 1182 1779 1266 ὥσπερ
1831 1185 1951 1251 οὐδ’
1996 1183 2159 1252 ἄλλο
2202 1211 2264 1252 τι
2311 1191 2428 1253 τῶν
2474 1185 2648 1252 κατὰ

259 1290 551 1356 παιδείαν
575 1339 593 1368 ,
659 1286 737 1363 ὥς
797 1312 955 1362 τινες
1018 1291 1558 1366 ἀποπλανηθέντες
1620 1297 1731 1365 τῆς
1795 1292 2073 1371 ἀρχαίας
2134 1300 2343 1372 Φωνῆς
2393 1293 2498 1358 καὶ
2544 1292 2645 1359 ἐπ’)

258 1397 371 1469 τὴν
431 1396 715 1473 ἀμαθίαν
774 1395 1290 1477 καταφεύγοντες
1351 1396 1651 1478 πορίζουσι
1695 1396 2018 1478 μάρτυρας
2071 1395 2223 1482 (leg.
2275 1397 2643 1485 μαρτυρίας)

258 1501 436 1573 τινας
500 1506 611 1568 τοῦ
670 1505 1047 1583 προειρῆσθαι
1112 1502 1228 1568 ὑπὸ
1275 1504 1392 1569 τῶν
1431 1503 1711 1584 ἀρχαίων
1755 1502 1948 1568 τάσδε
1999 1503 2120 1576 τὰς
2166 1502 2379 1582 Φωνοὶς
2401 1528 2417 1543 ·
2468 1507 2647 1581 ἡμεῖς

259 1609 327 1674 δὲ
374 1610 439 1674 οὖ
484 1610 632 1690 πρὸς
673 1609 760 1673 τὰ
800 1608 1267 1690 διημαρτημένα
1308 1610 1632 1692 ἀφορῶμεν
1653 1659 1672 1685 ,
1721 1609 1898 1675 ἀλλὰ
1938 1611 2081 1689 πρὸς
2121 1610 2206 1675 τοὶ
2249 1609 2648 1687 δοκιμώτατα

257 1719 382 1779 τῶν
420 1714 725 1794 ἀρχαίων.
822 1713 999 1794 Quae
1049 1715 1238 1781 verba
1289 1716 1737 1801 unusquisque
1786 1713 2229 1781 lubentissime
2275 1735 2389 1780 sua
2433 1713 2644 1781 faciet.

261 1818 430 1900 Quid
496 1832 714 1885 autem
782 1818 981 1885 facias
1037 1818 1295 1885 homine
1340 1821 1454 1907 qui
1501 1826 1819 1901 γρηγορεῖν
1872 1839 1983 1905 pro
2030 1820 2425 1902 ἐγρηγορέναι
2474 1819 2645 1908 apud

256 1924 749 2012 Xenophontem
816 1928 955 1991 sine
1022 1926 1175 1990 vitio
1221 1925 1341 2011 legi
1394 1924 1736 2011 opinetur?
1811 1924 1984 1990 idem
2037 1924 2222 1991 facile
2270 1925 2532 1992 inducet
2582 1929 2650 1993 in

256 2033 555 2097 animum
596 2034 790 2109 νήθειν
829 2051 943 2118 pro
981 2040 1104 2098 νεῖν
1139 2029 1311 2117 apud
1352 2031 1600 2097 Atticos
1640 2029 1840 2096 ruisse
1881 2032 1943 2096 in
1989 2050 2137 2097 usu.
2207 2030 2388 2112 Quod
2430 2040 2646 2098 autem

258 2136 513 2204 nulium
579 2146 810 2204 testem
882 2136 1222 2223 produxit,
1291 2156 1412 2202 non
1478 2137 1598 2222 ipsi
1666 2136 2167 2223 imputandum,
2231 2138 2341 2203 sed
2407 2138 2484 2203 iis
2539 2139 2651 2224 qui

252 2244 403 2310 eius
464 2242 702 2309 librum
778 2246 842 2308 in
904 2242 1070 2309 hanc
1116 2241 1343 2309 exilem
1399 2241 1779 2309 brevitatem
1834 2242 2135 2328 plurimis
2185 2244 2453 2310 resectis
2501 2263 2653 2309 con·

255 2358 626 2416 traxerunt.
727 2347 961 2415 Videor
1016 2349 1186 2414 euim
1240 2347 1397 2414 mihi
1448 2368 1573 2413 non
1629 2349 1879 2414 nescire
1926 2347 2081 2436 quid
2131 2348 2367 2414 alicubi
2416 2347 2649 2415 viderit

252 2463 324 2521 et
385 2455 608 2520 statim
676 2457 1029 2542 arripuerit
1079 2464 1150 2520 ut
1198 2455 1519 2521 Atticistis
1567 2454 1913 2535 obiiceret,
1983 2453 2063 2521 de
2110 2474 2237 2543 quo
2290 2456 2509 2520 statim
2561 2453 2653 2520 di·

256 2581 403 2627 cam
472 2570 811 2648 postquam
876 2560 1461 2628 Grammaticorum
1530 2560 1700 2627 iocos
1760 2558 2153 2640 exhibuero,
2220 2560 2328 2627 uhi
2389 2580 2535 2627 vera
2588 2568 2652 2626 et

254 2669 539 2753 genuina
590 2667 793 2733 forma
844 2666 1017 2733 salva
1067 2675 1131 2733 et
1175 2668 1519 2733 incolumis
1558 2668 1854 2733 evaserit.
1930 2666 2291 2756 Hesychius
2328 2673 2651 2733 Νῶνταε

252 2775 534 2849 vadona.
636 2772 900 2839 Photius
963 2774 1346 2852 Νώμενος
1409 2773 1437 2838 ὅ
1486 2772 1824 2852 νηθόμενος.
1922 2774 2241 2840 Disertius
2287 2774 2480 2839 etiam
2537 2773 2652 2839 He·

254 2879 571 2946 ‘rodianus
629 2879 799 2965 apud
865 2878 1081 2968 Etym.
1148 2889 1243 2946 M.
1305 2899 1364 2944 V.
1417 2882 1693 2956 ’'Evvn:
1765 2878 2109 2959 νώμενος
2172 2881 2248 2953 ὥς
2306 2879 2649 2958 κλώμενος,

257 2985 500 3071 quihus
550 2985 816 3071 Eupolis
860 2984 1107 3051 accedit

638 3100 717 3174 τῇ
764 3091 925 3171 χειρὶ
975 3098 1222 3158 νῶσαι
1265 3090 1773 3173 μαλθακωτοὶτην
1822 3089 2071 3173 κρόκην,

258 3206 332 3262 ιιι
383 3197 447 3262 in
502 3194 879 3262 melioribus
927 3196 1110 3264 libris
1155 3199 1470 3284 scriptum
1517 3207 1638 3264 est.
1734 3197 1959 3263 Restat
2013 3197 2091 3262 iis
2139 3197 2249 3283 qui
2299 3215 2334 3262 a
2380 3217 2482 3263 me
2525 3196 2651 3264 dis·

259 3305 553 3370 sentiunt
621 3321 823 3368 unum
892 3301 1320 3388 praesidium,
1384 3304 1562 3370 locus
1628 3303 1912 3370 Platonis
1979 3304 2042 3368 in
2093 3301 2357 3369 Polita‘co
2406 3325 2466 3390 p.
2518 3307 2648 3371 289

258 3406 339 3472 C:
399 3411 542 3481 τοὺς
590 3408 727 3487 περὶ
776 3411 845 3474 τὸ
893 3409 1156 3485 νήθειν
1196 3434 1267 3475 τε
1315 3409 1421 3475 καὶ
1468 3407 1739 3488 ξαίνειν,
1805 3428 1968 3496 quae
2018 3407 2207 3475 verba
2262 3409 2651 3496 respondent

262 3513 344 3578 iis
404 3533 573 3601 quae
642 3514 950 3597 leguntur
1011 3534 1206 3600 supra
1276 3536 1334 3601 p.
1402 3519 1536 3582 282
1603 3525 1681 3582 A.
1732 3515 1836 3581 καὶ
1901 3517 2022 3594 μὴν
2077 3512 2369 3590 ξαντικήν
2414 3539 2495 3594 γε
2539 3516 2646 3581 καὶ

261 3622 595 3695 νηςικῆν
637 3619 743 3685 καὶ
790 3617 1005 3686 πάντα
1050 3621 1135 3686 τοὶ
1183 3622 1316 3702 περὶ
1357 3623 1467 3698 τὴν
1509 3622 1747 3698 ποίησιν
1784 3629 1895 3698 τῆς
1936 3622 2208 3696 ἐσθῆτος.
2279 3621 2423 3697 Bis,
2473 3619 2648 3687 dixe-

264 3726 346 3790 rit
411 3726 686 3812 aliquiS,
751 3735 861 3791 tua
926 3727 1140 3812 opinio
1206 3724 1306 3792 his
1368 3726 1731 3803 refutatur,
1798 3745 2076 3813 namque
2126 3724 2303 3791 Plato
2347 3733 2413 3792 et
2459 3725 2647 3803 νήθειν

268 3840 536 3918 usurpat
559 3841 626 3897 et
652 3830 801 3897 inde
829 3841 1049 3898 natum
1077 3833 1317 3910 νηςική,
1346 3852 1490 3898 nam
1522 3832 1637 3899 tibi
1663 3834 1718 3898 si
1744 3831 2072 3898 credimus
2097 3832 2306 3907 νητική
2336 3831 2642 3918 appellari

266 3934 552 4002 debebat.
601 3935 890 4003 Concedo
913 3939 1121 4014 νηςική
1146 3958 1284 4004 esse
1309 3958 1344 4004 e
1366 3940 1555 4016 νήθειν
1585 3947 1835 4017 natum,
1863 3946 1926 4004 et
1953 3938 2007 4002 si
2037 3946 2208 4004 recte
2225 3936 2415 4004 habet
2432 3939 2641 4014 νηςικῆ

264 4037 339 4105 de
378 4041 555 4106 verbi
601 4045 791 4118 νήθειν
834 4061 955 4108 usu
995 4042 1235 4129 ambigi
1279 4064 1399 4110 non
1447 4064 1649 4131 posse.
1702 4043 1823 4109 Sed
1859 4041 2010 4129 quid
2039 4044 2095 4108 si
2120 4042 2637 4110 demonstratum

266 4143 497 4213 dedero
539 4167 574 4213 a
607 4146 865 4214 Platone
890 4150 1131 4225 νητικήν
1162 4169 1301 4215 esse
1325 4150 1666 4236 scriptum.
1718 4150 1838 4230 Qui
1868 4147 2147 4235 poteris?
2201 4150 2474 4234 inquies,
2532 4148 2642 4214 Fa·

268 4249 529 4318 cillime:
573 4253 923 4340 producam
953 4263 1179 4321 testem
1210 4254 1531 4321 idoneum.
1579 4255 1646 4321 lu
1679 4255 1883 4320 Photii
1912 4254 2142 4320 Lexico
2162 4254 2409 4339 glossae
2436 4253 2638 4319 Plato·

272 4357 451 4423 nicae
488 4379 682 4446 quam
728 4358 1044 4447 plurimae
1076 4359 1409 4438 feruntur,
1448 4380 1610 4446 quas
1653 4360 1757 4428 iile
1801 4360 1900 4448 (ut
1925 4357 2076 4425 alibi
2100 4357 2522 4444 ostendimus)
2556 4378 2635 4425 ex
