2934 5050
1203 298 1578 349 PLA'PONICA.
2453 282 2588 354 373
2604 323 2614 334 ·

202 469 535 536 buendum
589 467 864 537 Cornelii
907 471 1173 554 Nepotis
1215 472 1582 538 testimonio
1627 472 1695 533 in
1737 471 1875 534 vita
1919 491 2053 555 cap.
2100 470 2185 535 X.
2232 492 2421 536 annos
2463 472 2583 536 cir-

203 575 353 638 citer
420 575 843 662 quadraginta
901 582 1080 639 natus
1137 575 1292 638 diem
1353 575 1502 638 obiit
1559 596 1908 657 supremum.
2001 574 2344 640 Manifesto
2405 579 2579 642 enim

205 686 455 745 constat
489 680 890 746 Alcibiadem
928 683 1177 746 circiter
1211 680 1614 765 quadraqinta
1650 679 1909 765 quinque
1944 700 2137 745 annos
2173 685 2317 745 tum
2351 686 2580 745 natum

204 784 438 862 fuisse,
506 785 825 869 siquidem
884 790 1051 851 recte
1112 804 1273 849 anno
1333 782 1466 848 430
1519 783 2022 851 adolescentulus
2066 803 2376 849 annorum
2418 784 2581 851 XIX

202 889 320 954 illa
367 911 521 955 cum
566 888 824 956 Socrate
867 890 1273 956 confabulans
1315 889 1662 955 inducitur.

292 993 579 1060 Difficile
636 1005 733 1060 est
789 1001 1066 1061 statuere
1123 997 1289 1059 circa
1347 1013 1508 1078 quae
1555 998 1840 1078 tempora
1880 993 2325 1060 huiuscemodi
2368 993 2582 1060 Dialo-

201 1118 444 1185 80111111
510 1098 985 1166 Platonicorum
1047 1101 1441 1164 imitationes
1499 1100 1785 1182 primum
1850 1098 2216 1183 prodierint.
2323 1098 2583 1166 Mortuo

204 1203 456 1268 dudum
521 1204 788 1271 Platone
854 1213 1040 1270 natae
1116 1210 1267 1269 sunt
1334 1208 1399 1269 et
1462 1209 1679 1268 tamen
1747 1209 2104 1289 perveteres
2169 1225 2420 1270 necesse
2486 1212 2585 1271 331

206 1306 437 1385 fuisse,
506 1309 1014 1394 quandoquidem
1074 1327 1264 1374 nemo
1324 1304 1709 1374 criticorum
1756 1314 2046 1374 veterum
2090 1309 2290 1375 ullam
2341 1310 2584 1376 fraudis

205 1414 638 1497 suspicionem
681 1417 993 1500 concepit,
1041 1434 1121 1479 ne
1164 1413 1620 1497 Aristophanes
1642 1413 2034 1499 Byzantinus
2055 1414 2314 1499 quidem
2332 1461 2350 1492 ,
2389 1436 2583 1500 quem

207 1519 275 1581 in
344 1517 713 1605 digerendis
779 1519 1067 1585 Platonis
1131 1518 1423 1605 Dialogis
1481 1538 1738 1602 operam
1799 1521 2084 1604 posuisse
2144 1522 2505 1605 accepimus
2549 1541 2589 1587 a

209 1620 500 1709 Diogene
544 1623 797 1690 Laertio
840 1623 954 1688 HL
1003 1623 1112 1689 61.

301 1725 648 1807 Quantivis
713 1730 906 1812 pretii
964 1734 1061 1795 est
1119 1732 1186 1793 in
1247 1729 1410 1795 hanc
1451 1750 1593 1794 rem
1638 1731 2081 1799 testimonium
2127 1728 2358 1797 Galeni
2401 1730 2591 1799 Tom.

211 1829 351 1896 XV.
398 1853 552 1919 pag.
583 1832 732 1898 105.
779 1832 998 1897 Kiihn.
1048 1834 1183 1912 πρὶν
1230 1834 1357 1915 γάρ
1403 1834 1544 1906 τοὺς
1592 1835 1654 1898 ἐν
1698 1833 2137 1918 Ἀλεξανδρείᾳ
2183 1859 2254 1900 τε
2291 1837 2398 1900 καὶ
2440 1847 2589 1916 Περ·

211 1935 402 2017 γάμῳ
451 1936 737 2015 γενέσθαι
784 1937 1072 2013 βασιλεῖς
1119 1938 1222 2002 ἐπὶ
1271 1940 1483 2012 κτήσει
1523 1944 1812 2004 παλαιῶν
1849 1941 2118 2017 βιβλίων
2158 1941 2586 2021 Φιλοτιμηθέν-

212 2064 329 2113 τας
387 2040 624 2108 οὐδέπω
687 2042 920 2120 ψευδῶς
979 2041 1418 2121 ἐπεγέγραπτο
1465 2044 1911 2124 σύγγραμμα·
1974 2045 2333 2122 λαμβάνειν
2376 2043 2435 2110 δ’
2484 2048 2586 2126 aip-

212 2143 494 2224 ξαμέναν
553 2147 763 2225 μισθὸν
819 2154 937 2211 τῶν
982 2146 1345 2227 κομιζόντων
1393 2151 1603 2219 αὐτοῖς
1652 2149 2057 2229 σύγγραμμα
2104 2155 2378 2216 παλαιοῦ
2427 2151 2587 2224 τινὸς

214 2250 420 2330 ἀνδρὸς
495 2248 679 2325 οὕτως
747 2252 855 2325 ἤδη
924 2252 1138 2316 πολλὰ
1199 2252 1431 2331 ψευδῶς
1503 2251 1958 2332 ἐπιγράφοντες
2027 2254 2325 2336 ἐκόμιζον.
2419 2254 2588 2336 Quid

213 2358 420 2443 igitur
463 2359 772 2422 meruisse
830 2363 1132 2441 putemus
1175 2359 1232 2421 31
1276 2359 1421 2442 quis
1462 2377 1707 2423 novum
1749 2357 2039 2425 Platonis
2079 2358 2429 2447 Dialogum
2474 2365 2587 2427 aut

215 2459 663 2529 Demosthenis
706 2463 1055 2529 orationem
1098 2481 1331 2527 novam
1377 2459 1741 2528 attulisset?

302 2567 510 2653 Saepe
545 2574 763 2634 tamen
795 2570 1068 2633 miratus
1104 2587 1250 2631 sum
1286 2566 1747 2635 Alexandrinos
1780 2566 2085 2648 Criticos,
2134 2573 2246 2655 qui
2278 2573 2348 2635 in
2384 2573 2589 2656 poetis

215 2678 349 2738 tam
393 2678 662 2739 acutum
706 2673 1078 2750 cernebant,
1128 2676 1265 2736 tam
1312 2672 1571 2738 hebetes
1616 2680 1682 2738 et
1715 2672 1974 2739 obtusos
2008 2695 2141 2740 esse
2178 2677 2597 2759 potissimum>

216 2779 282 2841 111
324 2762 755 2844 Demosthene
800 2783 866 2842 et
909 2776 1176 2842 Platone
1193 2824 1210 2854 ,
1276 2781 1351 2841 ut
1401 2777 1581 2841 1111113
1624 2775 1952 2842 Orationes
1968 2823 1987 2855 ‚
2047 2777 2242 2843 huius
2284 2777 2591 2865 Dialogus

213 2882 553 2948 manifesto
595 2883 840 2967 spurios
884 2887 949 2947 et
995 2887 1132 2946 tam
1174 2880 1506 2966 splendida
1547 2882 1809 2946 nomina
1852 2884 2229 2947 mentientes
2271 2884 2406 2961 sine
2450 2881 2588 2948 11113

213 2989 567 3072 suspicione
611 2989 680 3051 in
724 2987 1012 3052 ordinem
1057 2989 1441 3072 reciperent,
1490 2985 1860 3049 Alcibiadem
1909 2986 2235 3050 Secundum
2251 3032 2270 3063 ,
2318 2988 2587 3071 Himer-

214 3092 377 3155 ehum
395 3139 413 3170 ‚
486 3094 837 3156 Ante-rastas
860 3138 876 3167 ,
953 3091 1231 3171 Theaqem
1255 3137 1273 3167 ,
1342 3089 1635 3173 Hippiam
1698 3095 2008 3176 ubrumque
2029 3136 2048 3168 ,
2127 3090 2582 3176 Clitopbontem,

218 3196 482 3261 Minoem
502 3244 519 3274 ,
569 3199 637 3261 in
682 3197 911 3281 quibus
958 3196 1254 3261 omnibus
1297 3194 1469 3259 fraus
1514 3192 1815 3280 perpluit.

303 3302 494 3367 Nunc
551 3301 724 3369 locos
785 3301 1093 3386 quosdam
1152 3302 1221 3364 in
1279 3299 1594 3365 Alcibiade
1636 3298 1806 3365 male
1850 3299 2101 3366 habitos
2145 3303 2215 3365 in
2257 3303 2587 3389 integ-rum

217 3409 548 3472 restituere
593 3406 980 3471 conabimur.

302 3617 603 3681 Alcibiad.
665 3638 810 3704 pag.
863 3615 1011 3681 104.
1047 3636 1109 3682 Α.
1159 3616 1390 3688 οὐδενὸς
1454 3617 1584 3698 φὺς
1642 3616 1960 3697 ἀνθρώπων
2023 3616 2222 3693 ἐνδεὴς
2285 3614 2440 3683 εἶναι
2495 3621 2584 3692 εἷς

218 3721 410 3786 οὐδέν·
462 3722 544 3786 τά
594 3732 748 3787 ΓΛΡ
799 3720 1158 3801 ὑπάρχοντά
1207 3744 1296 3786 σοι
1319 3722 1592 3799 μεγάλα
1631 3718 1784 3787 εἶναι
1832 3719 1976 3804 [ὥς-ε
2019 3723 2274 3800 μηδενὸς
2318 3723 2582 3811 δεῖσθαι]

218 3825 339 3890 oin-b
402 3830 507 3891 τοῦ
569 3825 854 3902 σώματος
918 3825 1242 3904 ἀρξάμενα
1304 3833 1692 3892 τελευτῶντα
1752 3828 1839 3899 εἰς
1888 3829 1998 3902 τὴν
2041 3828 2282 3908 ψυχήν.
2377 3827 2587 3896 Verba

219 3925 329 3996 ὤςε
374 3930 627 4008 μηδενὸς
679 3932 908 3997 δεῖσθαι
957 3936 1022 3997 31
1066 3934 1278 4016 11131113
1315 3931 1642 3998 abundant
1675 3937 1820 4016 post
1856 3929 1983 4013 γάρ
2020 3937 2084 3997 31
2120 3938 2289 3998 31013
2326 3935 2584 4001 001111111-

221 4035 424 4117 genda
508 4035 775 4101 moleste
864 4037 1259 4124 disiungunt.
1374 4035 1616 4102 Melius
1682 4039 1879 4102 etiam
1946 4038 2179 4103 senties
2244 4040 2311 4103 in
2372 4045 2582 4107 rectae

223 4142 520 4205 orationis
581 4139 818 4206 forma:
882 4141 1111 4213 οὐδενὸς
1161 4142 1477 4221 ἀνθρώπων
1524 4140 1722 4215 ἐνδεής
1769 4143 1896 4219 εἰμι
1945 4144 2031 4214 εἰς
2078 4140 2277 4207 οὐδέν·
2322 4141 2411 4207 τὰ
2456 4144 2585 4225 γάρ

225 4239 588 4325 ὑπάρχοντά
648 4268 751 4321 μοι
811 4245 1079 4324 μεγάλα
1140 4247 1262 4314 ε’ςὶν
1324 4247 1450 4311 άπὸ
1509 4251 1618 4310 τοῦ
1671 4250 1956 4324 σώματος
2004 4244 2329 4326 ἀρξάμενα
2371 4262 2589 4314 τελευ-

227 4353 422 4414 τῶντα
486 4351 569 4422 εἷς
633 4350 741 4422 τὴν
798 4351 1036 4431 ψυχήν.
1132 4350 1340 4431 Quam
1384 4352 1637 4416 fatuum
1682 4358 1845 4417 esset
1888 4353 1991 4418 his
2036 4355 2427 4438 interponere
2472 4352 2587 4424 ὅτε
