2934 5050
1250 305 1595 353 nomos.
2485 285 2614 351 199

224 469 377 541 tum
426 473 681 562 postea?
749 475 972 541 Nonne
1016 475 1290 561 pendent
1336 476 1647 542 librorum
1694 479 2042 562 scripturae
2089 476 2167 539 ab
2216 476 2617 561 opinionibus

225 579 868 648 Grammaticorum?
932 580 1007 646 In
1051 583 1519 668 antiquissimis
1562 580 1853 647 Platonis
1900 586 1966 647 et
2010 579 2324 647 Herodoti
2368 577 2617 648 Codici-

223 688 352 752 bus
401 690 486 761 εἶς
536 688 770 760 κάλλος
814 685 1275 769 γεγραμμένοις
1322 687 1539 773 ubique
1584 686 1905 753 adverbiis
1951 689 2018 752 in
2068 684 2259 768 -τέρω
2298 691 2363 752 et
2401 686 2614 752 -τοὶτω

218 794 674 879 importunum
720 791 754 858 I
797 792 1092 859 additum
1135 792 1433 859 videmus
1450 839 1468 871 ‚
1517 798 1594 857 ut
1645 791 1965 859 ἄνωτοὶτωι
1981 843 1999 868 ,
2063 791 2374 862 {menime
2394 843 2409 870 ,
2472 816 2612 872 πορ·

114 956 119 959 .
220 897 504 977 ρωτάτωι
527 949 544 976 ,
594 897 958 965 κατωτάτωι
1006 900 1152 964 sim.
1247 896 1375 964 Sed
1417 918 1517 963 res
1564 900 1762 964 etiam
1812 898 2071 986 longius
2113 899 2455 987 repetenda
2497 904 2613 964 est.

219 1003 542 1070 Plurimis
587 1009 652 1071 et
695 1004 1098 1093 gravissimis
1141 1003 1398 1069 indiciis
1444 1005 1601 1069 satis
1647 1008 1895 1071 constat
1930 1007 2001 1069 in
2036 1006 2310 1071 vetustis
2347 1003 2616 1071 Homeri

212 1109 409 1175 ‘libris
424 1158 443 1188 ‚
486 1111 718 1197 quibus
756 1108 985 1177 Critici
1021 1109 1439 1176 Alexandrini
1474 1110 1822 1175 utebantur
1837 1157 1855 1188 ,
1898 1109 1968 1174 τὸ
2001 1107 2617 1191 παραγεγραμμένον

221 1215 380 1280 ἰῶτα
428 1215 560 1281 fere
604 1216 968 1300 adeor-‘ptum
1010 1238 1132 1280 m
1158 1216 1372 1302 fuisse
1385 1263 1403 1293 ,
1455 1220 1522 1280 et
1566 1215 1646 1281 de
1690 1217 1998 1302 cuiusque
2042 1212 2268 1282 Critici
2300 1217 2616 1282 sententia

220 1323 511 1387 centenis
554 1320 714 1387 locis
755 1323 1155 1408 pronuntiari
1197 1321 1496 1388 videmus
1542 1325 1768 1386 utrum
1813 1321 1923 1387 σὺν
1970 1322 2055 1402 τῷ
2104 1331 2132 1386 1
2151 1370 2170 1400 ‚
2218 1321 2391 1399 μετὰ
2434 1324 2542 1386 τοῦ
2586 1330 2611 1384 1

218 1427 636 1493 scribendum
684 1429 785 1493 sit
841 1448 923 1493 an
983 1425 1175 1508 χωρὶς
1236 1431 1345 1493 τοῦ
1393 1437 1421 1492 1
1440 1477 1459 1503 ,
1533 1425 1679 1492 ἄνευ
1742 1432 1850 1493 τοῦ
1912 1439 1962 1494 1.
2057 1427 2356 1495 Indicabo
2408 1448 2614 1494 unum

216 1530 442 1598 locum
505 1537 584 1598 ut
627 1531 922 1600 lacunam
965 1530 1319 1620 suppleam.
1368 1533 1449 1598 ad
1495 1531 1679 1599 Diad.
1731 1542 1826 1600 Ω..
1879 1531 1942 1599 8.
1993 1556 2070 1600 ex
2115 1534 2482 1601 Aristarcho
2526 1533 2614 1599 af-

219 1637 461 1704 fertur:
530 1635 653 1706 ἔςιν
716 1634 814 1704 οὖν
862 1637 1062 1705 διττὸν
1106 1638 1179 1704 τὸ
1241 1641 1409 1720 ῥῆμα
1460 1638 1757 1726 (ΠΕΙΡΩ
1804 1644 1870 1705 et
1914 1637 2183 1726 ΠΕΡΩ)
2233 1639 2338 1705 καὶ
2387 1641 2455 1705 τὸ
2503 1640 2616 1718 μὲν

219 1743 331 1810 σὺν
393 1745 483 1825 τῷ
533 1753 561 1808 1
608 1744 1214 1826 περισπασθήσεται,
1276 1746 1412 1810 imo
1473 1763 1659 1811 vero:
1723 1744 1834 1811 σὺν
1888 1747 1975 1827 τῷ
2020 1755 2048 1811 1
2097 1744 2574 1828 (βαρυνθήο-εται
2593 1795 2611 1818 ,

220 1849 291 1913 τὸ
337 1850 403 1915 δὲ
454 1847 603 1915 ἄνευ
650 1855 757 1916 τοῦ
795 1857 853 1933 1)
892 1849 1480 1933 περισπασθήσεται.
1544 1849 1764 1917 Multa
1805 1853 2013 1939 igitur
2047 1849 2218 1937 apud
2254 1849 2613 1917 Homerum

219 1954 540 2022 vocabula
595 1976 670 2022 ea
733 1956 811 2023 de
871 1976 1062 2023 causa
1103 1955 1294 2023 hodie
1336 1957 1743 2042 primitivam
1789 1956 2064 2023 formam
2110 1957 2463 2023 amiserunt
2506 1976 2613 2021 ne-

220 2060 437 2149 glecto
496 2067 564 2128 et
624 2065 860 2129 omisso
918 2062 1271 2130 necessario
1328 2063 1502 2128 ἲῶτα.
1597 2061 1777 2128 Dabo
1835 2083 2037 2149 pauca
2095 2061 2174 2128 de
2216 2061 2448 2128 multis
2461 2111 2480 2141 ,
2544 2066 2613 2127 in

220 2168 457 2252 quibus
520 2167 887 2234 Bekkerum
941 2189 1147 2235 errare
1207 2166 1413 2235 video.
1507 2165 1607 2233 Ex
1664 2168 1836 2249 Τρώς
1882 2166 2194 2234 formatur
2237 2168 2441 2248 Τρωΐη
2465 2218 2482 2246 ,
2533 2189 2612 2233 ex

222 2271 383 2350 δμώς
458 2274 654 2353 δμωΐη
678 2325 694 2347 ,
764 2295 927 2361 quae
984 2277 1054 2341 in
1113 2275 1290 2357 Τρφῆ
1352 2278 1420 2340 et
1479 2272 1650 2355 δμωῆ
1711 2274 2188 2340 contrahuntur.
2281 2274 2612 2342 Bekkerus

222 2378 462 2466 ubique
522 2379 735 2460 Τρωαί
796 2380 973 2446 dedit
1035 2384 1101 2445 et
1147 2377 1368 2458 δμωαί.
1414 2378 1549 2445 vid.
1597 2378 1915 2445 Mnemos.
1966 2377 2163 2447 1873.
2210 2400 2360 2468 pag.
2412 2378 2500 2446 54
2546 2386 2612 2446 et

226 2481 329 2550 56.
427 2484 867 2552 Admonuerat
925 2486 1331 2553 Aristarchus
1388 2485 1470 2552 ad
1530 2484 1757 2573 Odyss.
1805 2493 1887 2551 T.
1939 2485 2091 2553 121.
2150 2486 2453 2567 δμωιῶν
2499 2486 2607 2554 σὺν

224 2593 303 2672 τῷ
350 2592 513 2658 ἰῶτα
574 2593 676 2657 καὶ
744 2590 1233 2672 περισπωμένως.
1295 2589 1552 2667 θηλυκόν
1599 2590 1728 2671 ,adp
1775 2592 1921 2661 ἐςιν.
1974 2591 2162 2666 οὕτως
2209 2594 2602 2675 ’Λρίςαρχος.

223 2716 408 2765 nemo
465 2699 729 2786 praebet
786 2719 1027 2765 aurem.
1076 2698 1285 2779 Πρώην
1332 2703 1432 2765 est
1472 2696 1655 2764 Hiad.
1709 2706 1787 2762 0.
1839 2695 1972 2763 470
2016 2703 2082 2763 et
2149 2697 2324 2764 alibi.
2398 2697 2606 2764 analo-

223 2803 332 2889 gia
374 2810 441 2870 et
484 2804 894 2871 Aristarchus
939 2802 1137 2886 πρῴην
1184 2805 1377 2871 scribi
1420 2804 1665 2869 iubent.
1744 2803 1919 2878 Θωην
1963 2802 2246 2891 legimus
2289 2801 2472 2869 Iliad.
2519 2812 2603 2869 N.

227 2904 375 2974 669.
423 2913 493 2974 et
539 2908 766 2998 Odyss.
815 2921 880 2975 Β.
935 2909 1066 2976 192
1110 2911 1277 2977 ratio
1325 2913 1389 2976 et
1426 2929 1582 2976 usus
1616 2909 1764 2991 θῳῆν
1800 2908 2142 2995 postulant.
2191 2908 2609 2976 Archilochus

226 3014 389 3098 apud
434 3015 660 3103 Etym.
709 3024 800 3081 M.
848 3036 995 3104 pag.
1047 3014 1172 3095 26,
1226 3014 1333 3082 19.

995 3123 1073 3193 ὦς
1120 3119 1197 3187 ἄν
1238 3144 1310 3187 σε
1356 3121 1496 3195 oet„
1545 3120 1756 3200 λάβοι.

313 3225 499 3293 Diad.
552 3245 612 3292 Α.
665 3225 792 3293 129
837 3226 1051 3293 rident
1093 3225 1456 3294 Homerum
1493 3224 1710 3292 Zoilus
1746 3231 1812 3291 et
1850 3223 2247 3314 Chrysippus
2290 3228 2605 3296 dicentem

231 3330 285 3395 εἴ
323 3334 390 3399 κέ
438 3335 577 3399 ποθι
605 3333 760 3405 Ζεὺς
802 3341 1019 3397 Auel
1072 3332 1252 3398 πόλιν
1296 3332 1519 3414 Τροίην
1564 3331 1998 3410 ἐξαλαπάξαι.
2091 3330 2430 3400 Soloecum
2476 3355 2609 3400 esse

230 3440 599 3523 opinantur.
647 3439 717 3504 τὸ
763 3438 890 3519 γαρ
938 3437 1161 3517 δῶσι,
1210 3438 1409 3520 Φασὶ,
1460 3439 1881 3513 πληθυντικόν.
1952 3440 2356 3506 Aristarchus
2392 3439 2610 3506 docuit

231 3544 619 3633 singularem
665 3565 800 3610 esse
844 3546 1234 3611 coniunctivi
1275 3553 1544 3611 ΔΩΙΟῙ.
1609 3543 2031 3630 Perspicuum
2070 3550 2166 3611 est
2203 3543 2351 3612 illos
2391 3554 2606 3612 Asscl

230 3646 476 3737 legisse.
546 3650 677 3717 Ubi
722 3656 818 3717 est
864 3646 1036 3746 ἦσαν.
1086 3648 1268 3716 Iliad.
1320 3660 1403 3716 A.
1460 3648 1566 3715 33.
1615 3651 2021 3718 Aristarchus
2063 3650 2359 3718 emendat
2402 3651 2606 3729 ibant,

236 3750 405 3834 ἦσαν.

319 3859 500 3927 Iliad.
552 3870 627 3926 Σ.
678 3859 830 3927 40¹7.
878 3860 1149 3928 Bekker.
1200 3860 1478 3943 ζωάγρια
1525 3864 1726 3928 τίνειν.
1776 3862 1885 3928 sed
1930 3863 2098 3940 μετα
2146 3861 2217 3926 τὸ
2260 3871 2285 3925 1
2331 3862 2608 3944 ζῳάγρια

239 3965 266 4028 ὁ
311 3966 680 4050 ’Λρίςαρχος
740 3987 966 4054 nempe
1030 3966 1175 4049 ζῷον
1221 3966 1543 4036 Graecum
1593 3975 1689 4033 est
1733 3975 1798 4034 et
1843 3966 2016 4047 ζῳός,
2066 3988 2191 4032 non
2235 3972 2336 4046 (ut
2380 3966 2606 4055 vulgo)

242 4069 376 4150 ζῶον
421 4080 486 4140 et
530 4070 693 4153 ζωός.
790 4073 888 4139 Ex
933 4071 1263 4141 Simonide
1316 4075 1610 4142 affertur:

823 4174 935 4245 οἷον
981 4179 1108 4246 τόδ’
1157 4181 1301 4257 ἡμῖν
1348 4181 1537 4258 θηρίον
1583 4180 1982 4259 παρέπτατο,

822 4289 891 4350 τὸ
938 4287 1123 4366 ζωΐων
1172 4287 1421 4355 κακιςον
1470 4287 1726 4360 ἔκτηται
1772 4285 1928 4362 βίον.
