2934 5050
330 299 460 367 422
1176 319 1576 366 comnenus
1636 318 1870 369 tauns.

425 487 568 554 Vsa.
618 491 750 555 5250
798 505 896 573 sq.-
943 486 1104 553 Dido
1151 505 1418 573 prorsus
1463 486 1738 556 ridicule
1785 486 1867 554 ad
1916 503 2234 553 sororem:

604 593 740 659 Non
794 592 978 657 licuit
1031 591 1296 657 thalami
1343 601 1673 678 expertem
1724 595 1865 658 sine
1909 592 2184 656 crimine
2230 591 2427 657 vitam

608 698 849 783 Degere
897 717 1056 762 nont
1104 717 1326 772 renna,
1371 717 1545 763 raus
1586 719 1696 763 nee
1744 708 2006 781 tangere
2053 698 2277 762 curas!

427 803 728 869 Virorum
782 801 1116 866 doctorum
1165 803 1557 867 coniecturis
1605 803 1869 869 accedat
1923 801 2077 866 haec
2127 821 2302 866 mea:

609 903 743 972 Non
797 908 978 972 licuit
1027 907 1293 972 thalami
1341 916 1668 991 expertem
1723 909 1862 973 sine
1909 907 2184 972 crimine
2233 908 2429 971 vitam

609 1012 881 1096 degere,
929 1032 1302 1077 nonTlrttnAS
1347 1031 1458 1075 nec
1504 1032 1675 1077 uus
1723 1023 1987 1097 tangere
2035 1013 2259 1076 curasl

283 1125 534 1204 ‘quam
606 1118 960 1182 orationem
1027 1136 1216 1182 nemo
1277 1118 1683 1202 aptissimam
1745 1137 1887 1183 esse
1949 1114 2244 1200 negabit,
2298 1117 2667 1199 posteaquam

338 1222 528 1288 modo
577 1241 665 1286 νε.
717 1226 843 1287 547
899 1221 1000 1287 his
1047 1221 1376 1287 atrocibus
1424 1223 1640 1288 verbis
1686 1243 1757 1288 se
1804 1223 2004 1307 ipsam
2053 1219 2566 1305 compellaverat:

529 1327 722 1404 Quin,
772 1346 1047 1405 nonnas,
1095 1337 1166 1391 ut
1211 1327 1435 1392 merita
1479 1347 1576 1403 es,
1624 1329 1922 1412 ferroque
1965 1335 2172 1390 averte
2216 1323 2505 1390 dolorem.

435 1431 757 1498 Vocabulo
805 1451 962 1497 usus
1010 1439 1110 1497 est
1155 1440 1372 1496 noster
1412 1431 1536 1506 Vl,
1587 1436 1740 1496 279.

1088 1534 1220 1600 Lib.
1278 1535 1356 1612 V,
1407 1556 1534 1601 vSS.
1607 1540 1738 1601 822
1787 1553 1967 1621 sqq.:

613 1639 780 1706 Tum
829 1641 1045 1706 variae
1090 1641 1402 1707 comitum
1449 1640 1685 1715 facieS‚
1736 1639 2020 1704 inmania
2068 1647 2247 1714 cete,

614 1755 678 1811 et
724 1765 934 1810 samon
985 1743 1211 1811 Glauci
1259 1744 1498 1810 chorus
1543 1727 1867 1829 Inousque
1916 1742 2257 1809 Palaemon

617 1851 1041 1935 Tritonesque
1087 1851 1200 1915 citi
1252 1848 1609 1934 Phorcique
1655 1849 1977 1914 exereitus
2025 1850 2270 1921 omnis;

615 1973 807 2019 meva
850 1974 1076 2018 ‘renem-
1123 1953 1345 2018 Thetis
1394 1963 1458 2018 et
1507 1954 1717 2020 Melite
1759 1954 2219 2039 Panopaeaque
2265 1954 2448 2037 virgo

615 2058 854 2124 Nesaee
903 2058 1181 2143 Spioque
1231 2057 1585 2143 Thaliaque
1635 2057 2143 2146 Cymodoceque.

435 2164 631 2230 Recte
688 2162 1078 2228 Ribbeckius
1126 2162 1374 2246 Proleg.
1428 2183 1488 2248 p.
1540 2168 1660 2229 80:
1713 2161 1881 2229 »Nec
1930 2171 2136 2249 potest
2189 2163 2442 2247 integra
2488 2157 2681 2225 haberi

343 2270 661 2335 sententia
704 2272 1060 2333 822—824
1112 2286 1451 2333 versuum:
1507 2266 1686 2333 deest
1730 2278 1794 2333 et
1843 2265 2136 2344 verbum,
2187 2264 2357 2352 quod
2407 2285 2443 2331 e
2485 2261 2689 2329 vicinis

342 2373 628 2459 suppleri
692 2373 914 2456 nequit
974 2382 1038 2438 et
1098 2373 1309 2437 dextri
1372 2373 1590 2437 lateris
1638 2371 2058 2456 significatio,
2118 2372 2224 2436 cui
2275 2372 2449 2436 laeva
2494 2386 2687 2433 meum

343 2498 380 2543 a
438 2475 735 2543 muliebri
798 2475 993 2542 choro
1038 2478 1745 2564 occupataopponitur
1791 2497 1884 2542 vs.
1935 2477 2139 2542 825.”
2216 2475 2497 2542 Verbum
2542 2465 2688 2558 quod

344 2582 522 2649 deest
587 2582 941 2668 repperisse
995 2581 1198 2648 videri
1251 2591 1456 2668 potest
1503 2590 1619 2648 aut
1669 2582 1934 2648 Bothius
1981 2582 2092 2667 qui
2145 2600 2258 2666 pro
2306 2599 2562 2646 contrua
2601 2594 2689 2638 co-

341 2707 591 2764 mum,
653 2696 766 2752 aut
827 2685 1342 2773 PeerlkampiuS,
1404 2689 1515 2771 qui
1584 2706 1696 2773 pro
1751 2704 1961 2752 seston
2008 2704 2301 2761 sacunun
2349 2680 2689 2750 coniecerit.

346 2792 547 2859 Alteri
600 2811 747 2857 vero
793 2791 1196 2857 incommodo
1244 2794 1458 2857 nescio
1505 2812 1587 2857 an
1637 2792 1965 2858 subveniri
2018 2792 2214 2877 possit
2262 2786 2608 2856 scribendo:

695 2878 704 2895 j
792 2915 1017 2961 tanus
1064 2916 1217 2961 ΝΛΜ·
1263 2896 1486 2962 Thetis
1531 2905 1596 2963 et
1643 2897 1852 2963 Melite
1899 2914 2039 2982 sqq.

341 3000 478 3066 scil.
526 3002 865 3087 qaudentes
911 3002 1107 3066 maris
1151 3002 1605 3087 tranquillitate
1650 3024 1723 3068 ac
1770 3011 2128 3087 tempestate
2175 3018 2415 3066 serena.

1280 3105 1403 3185 vl,
1458 3111 1587 3172 442
1633 3123 1774 3192 sqq.

528 3209 677 3286 Hic,
725 3231 883 3296 quos
937 3211 1141 3276 durus
1188 3231 1369 3277 amor
1413 3211 1659 3277 crudeli
1707 3210 1853 3277 tabe
1903 3209 2196 3297 peredit,

526 3317 757 3380 secreti
807 3314 1017 3381 celant
1063 3315 1257 3381 ealles
1299 3325 1363 3381 et
1409 3325 1661 3404 myrtea
1708 3317 1956 3381 circum

522 3418 681 3485 silva
732 3420 924 3504 legin
969 3441 1164 3486 curae
1211 3440 1337 3485 non
1377 3421 1519 3505 ipsa
1567 3421 1634 3485 in
1685 3428 1889 3486 morte
1941 3418 2340 3504 relinquunt.

527 3524 638 3589 llis
688 3524 1038 3590 Phaedram
1093 3522 1486 3612 Procrinque
1533 3523 1689 3590 locis
1740 3532 2181 3609 maestamque
2236 3520 2579 3611 Eriphylen

523 3629 803 3695 crudelis
855 3631 985 3695 nati
1038 3638 1506 3695 monstrantem
1563 3629 1825 3695 vulnera
1877 3630 2089 3695 cernit

523 3734 962 3821 Euadnenque
1011 3744 1073 3801 et
1125 3732 1525 3820 Pasiphaen3
1582 3734 1682 3799 his
1729 3734 2073 3801 Laodamia

525 3840 577 3904 it
625 3860 838 3906 comes
889 3843 982 3926 [et
1025 3841 1274 3905 iuvenis
1322 3838 1680 3924 quondam,
1734 3856 1904 3905 nune
1954 3839 2227 3915 semina,
2278 3837 2564 3905 Caeneus

523 3958 753 4009 rursus
799 3945 866 4008 in
919 3955 1194 4011 veterem
1246 3943 1375 4009 sato
1423 3943 1709 4010 revoluta
1761 3945 2090 4029 liguram}

434 4044 600 4126 Quid
664 4047 950 4114 Caeneus
1013 4050 1132 4114 sibi
1201 4048 1356 4115 velit
1403 4050 1574 4114 inter
1622 4050 1925 4115 mulieres
1968 4046 2204 4114 infelici
2255 4064 2474 4113 amore
2510 4038 2685 4132 perdi·

346 4159 479 4227 tas,
543 4150 889 4237 Forbigero
949 4154 1157 4219 minus
1218 4153 1504 4232 clarum,
1574 4155 1731 4219 mihi
1783 4174 2046 4240 prorsus
2090 4150 2422 4218 obscurum
2467 4158 2592 4222 est.
2632 4152 2688 4210 et

345 4254 442 4320 vel
504 4252 666 4320 banc
731 4275 926 4322 uuam
990 4260 1304 4324 rationem
1365 4258 1661 4326 sufficere
1723 4256 2038 4335 arbitror,
2105 4264 2178 4323 ut
2225 4256 2421 4323 verba
2471 4252 2686 4321 inclusa

345 4356 424 4423 ad
497 4377 752 4425 versum
830 4361 1274 4445 imperfectum
1347 4364 1771 4450 supplendum
1838 4363 1918 4429 ab
1982 4362 2440 4449 interpolatore
2497 4355 2684 4426 addita
