2934 5050
1114 305 1174 351 ια
1235 304 1633 353 namonoauu.
2431 288 2556 351 155

198 494 252 561 p.
301 478 455 540 291.
501 478 543 540 4
589 481 652 540 et
698 471 847 539 alibi
895 473 1205 548 πελέσεινς
1277 472 1388 539 sed
1435 473 1734 557 graviora
1783 474 1939 540 vitia
1985 481 2139 540 sunt
2184 472 2251 538 in
2301 470 2561 537 aoristis

194 587 494 655 σιωπῆσαι
550 598 609 666 p.
656 583 812 646 570.
874 583 998 656 25,
1049 600 1110 666 p.
1163 583 1314 645 275.
1368 582 1492 653 56,
1559 598 1617 664 p.
1667 582 1820 645 500.
1873 583 1958 646 22
2005 588 2071 644 et
2120 599 2181 664 p.
2235 582 2390 643 409.
2440 582 2560 649 50;

194 684 612 766 μετημφίασα
677 705 736 771 p.
785 688 938 752 258.
986 689 1071 750 50
1117 693 1180 750 et
1221 684 1413 762 alibi,
1464 684 1784 759 ὅλισθῐᾶσαι
1846 705 1903 771 p.
1958 689 2109 750 272.
2162 689 2248 751 40
2294 693 2359 749 et
2407 686 2557 748 519.

199 799 262 868 1,
308 808 704 876 quamquam
754 799 928 856 recte
974 790 1335 873 κατολίσθῃς
1379 810 1436 875 p.
1485 794 1634 856 548.
1687 793 1812 865 46,
1862 793 2072 872 ῥεῦσαι
2120 811 2180 876 p.
2227 793 2380 855 275.
2431 791 2559 866 28,

194 914 581 981 quamquam
629 898 836 975 ῥυῆναι
890 915 950 981 p.
1002 901 1161 962 555.
1210 899 1280 971 6,
1328 891 1619 975 εὕρασθαι
1667 915 1728 980 p.
1780 899 1934 962 288.
1997 900 2083 961 46
2123 904 2189 961 et
2236 898 2389 960 599.
2441 898 2565 971 27,

193 1001 469 1082 κερδῆσαι
516 1021 579 1086 p.
620 1004 772 1066 294.
826 1003 910 1065 57
954 1008 1019 1064 et
1066 997 1253 1076 alibi,
1300 998 1643 1080 διορυγῆναι
1708 1021 1770 1086 p.
1822 1005 1975 1067 576.
2025 1006 2151 1080 25,
2201 999 2564 1072 καθεσθῆναι

196 1125 251 1191 p.
292 1089 444 1174 284.
499 1109 624 1183 50⁴,
685 1107 1091 1186 amoqum
1161 1126 1221 1189 ρ.
1267 1109 1420 1170 248.
1473 1108 1552 1183 s,
1613 1106 1998 1185 aza-ovatum.
2051 1127 2109 1193 ρ.
2151 1111 2303 1172 248.
2356 1109 2438 1169 55
2503 1112 2567 1168 et

195 1213 340 1276 251.
393 1215 479 1278 28
510 1259 530 1289 ,
580 1211 853 1282 ἕπιπτὰς
913 1230 972 1294 p.
1019 1215 1174 1277 257.
1227 1214 1309 1275 45
1359 1218 1425 1274 et
1473 1213 1623 1282 291.
1675 1216 1803 1289 51,
1854 1231 1981 1297 quo
2026 1230 2147 1276 non
2194 1207 2399 1274 mullo
2437 1226 2569 1273 me-

197 1312 312 1380 lius
357 1325 460 1382 est
509 1334 815 1401 praesens
859 1313 1196 1393 ἵπτασθαι,
1245 1314 1413 1400 quod
1462 1314 1684 1380 itidem
1742 1315 1836 1380 bis
1901 1316 2229 1382 invenitur
2298 1334 2359 1400 p.
2413 1316 2566 1379 297.

201 1425 279 1486 40
317 1430 383 1487 et
434 1426 596 1489 405.
649 1424 710 1485 7.
806 1418 1121 1486 Omnibus
1170 1428 1386 1485 autem
1445 1420 1590 1485 istis
1640 1420 1825 1506 longe
1873 1422 2054 1507 peius
2104 1420 2266 1486 foret
2313 1418 2569 1484 συντεύ-

200 1523 453 1607 ξασθαι,
504 1527 562 1593 si
612 1526 979 1612 scripsisset
1029 1523 1406 1592 Heliodorus
1470 1524 1640 1611 quod
1686 1524 1926 1611 legitur
1983 1547 2041 1612 p.
2079 1529 2237 1593 255.
2290 1529 2372 1590 24
2421 1527 2570 1591 ὄνει-

203 1631 434 1714 δίζοντα
503 1632 619 1707 τῆν
707 1630 914 1697 ἄδικον
1007 1630 1340 1710 ἐπιβουλὴν
1403 1629 1783 1711 αἰσχύνομαι
1853 1655 1938 1697 συ
1955 1632 2440 1714 ντεύξασθαι
2503 1640 2568 1695 el

208 1756 261 1823 p.
324 1742 479 1805 565.
556 1743 639 1804 10
706 1738 1249 1816 ἐντεύξασθαι
1319 1739 1621 1815 αλλήλοις
1692 1736 2185 1816 ἀπεγνωκότας,
2259 1735 2369 1802 sed
2447 1733 2569 1801 nisi

207 1844 445 1929 egregie
496 1841 724 1921 fallor,
773 1842 1255 1908 rescribendum
1301 1851 1399 1908 est
1442 1841 2013 1922 συντεύξεσθαι
2066 1851 2131 1909 et
2179 1839 2576 1915 ἑντεύξεσ·

208 1948 346 2028 θαι,
393 1947 573 2036 quod
622 1946 719 2014 vel
766 1947 859 2013 sic
908 1966 1032 2013 non
1072 1948 1312 2035 optime
1359 1946 1607 2013 dictum
1652 1948 1800 2014 erit.
1895 1947 2104 2013 Minus
2145 1946 2331 2013 facile
2374 1965 2571 2012 excu-

209 2054 445 2121 sabitur
495 2051 916 2129 HeliodoruS,
977 2053 1031 2118 si
1095 2053 1354 2138 quidem
1408 2073 1468 2139 p.
1521 2057 1675 2119 256.
1717 2057 1803 2120 49
1857 2055 2330 2134 ἐγκαταλεῖψαι
2378 2070 2579 2117 ausus

211 2168 294 2225 est
356 2159 611 2233 dicere;
677 2157 976 2223 δύσασθαι
1049 2166 1263 2225 tamen
1329 2159 1499 2246 apud
1557 2180 1705 2227 eum
1769 2179 1893 2226 non
1953 2161 2323 2240 invenitur,
2396 2177 2580 2235 nam,

213 2265 364 2350 quod
430 2264 654 2332 editur
711 2270 774 2350 p.
819 2267 973 2331 299.
1017 2269 1078 2330 4.
1140 2266 1251 2340 τὴν
1292 2265 1573 2333 ὑπόνοιαν
1636 2265 2203 2333 ἀποδύσασθαι
2266 2262 2579 2331 σπεύδων·

214 2368 590 2456 quantillum
641 2378 779 2435 erat
830 2388 1137 2456 reponere
1184 2372 1787 2438 ἀπολύσασθαι.

290 2476 453 2544 Hira
498 2483 600 2543 est
667 2473 1028 2555 Heliodori,
1092 2475 1285 2542 sicuti
1335 2477 1676 2564 apparuit,
1744 2477 1809 2544 in
1875 2476 2188 2564 eligendis
2234 2476 2581 2543 verborum

219 2578 430 2649 formis
501 2582 967 2659 inconstantia;
1016 2582 1107 2648 sic
1157 2602 1489 2670 perperam
1541 2585 1720 2670 ponit
1764 2584 2280 2667 διαχειρισδμενος
2344 2584 2580 2669 μ252.

223 2689 321 2761 46;
370 2706 520 2752 mox
582 2705 644 2770 p.
690 2688 840 2751 244.
894 2689 969 2751 41
1024 2696 1202 2774 recte
1252 2687 1441 2755 habet
1489 2688 1920 2772 χαριούμενος;
1984 2690 2211 2755 scribit
2255 2685 2580 2754 interdum

224 2801 380 2858 recte
425 2788 740 2856 ἐπεδείκνυ
787 2800 851 2857 et
898 2790 1169 2872 similia,
1221 2814 1278 2859 v.
1302 2814 1360 2860 c.
1410 2799 1570 2861 265.
1621 2800 1741 2873 58,
1792 2798 1945 2862 295.
2014 2801 2133 2873 15,
2186 2798 2336 2860 550.
2389 2796 2473 2858 57
2522 2797 2588 2858 et

225 2898 361 2963 405.
416 2900 528 2970 14;
579 2904 795 2962 tamen
846 2897 1103 2963 invenio
1148 2899 1368 2967 οὶνίςων
1416 2920 1472 2986 p.
1505 2906 1656 2968 294.
1694 2905 1776 2966 42
1820 2908 1884 2967 et
1923 2901 2151 2978 ὤμνυεν
2194 2920 2254 2986 p.
2284 2901 2439 2964 247.
2475 2900 2587 2972 52;

223 3001 504 3076 ἡλωκέναι
564 2999 754 3079 habet
814 3010 877 3067 et
938 3003 1305 3077 ἐαλωκέναι;
1372 3015 1547 3071 recte
1596 3005 1833 3092 legitur
1879 3008 2187 3087 ἠνώχλουν
2238 3024 2299 3090 p.
2343 3007 2496 3069 519.
2548 3007 2585 3068 4

225 3114 281 3170 et
321 3112 471 3174 552.
523 3112 600 3172 51
618 3156 646 3199 ,
694 3107 1024 3187 ἠνειχόμην
1073 3130 1131 3195 p.
1179 3115 1330 3176 550.
1382 3116 1504 3186 55,
1554 3111 1663 3176 sed
1715 3110 1901 3176 hodie
1940 3109 2110 3196 apud
2156 3128 2301 3175 eum
2354 3106 2596 3193 legitur

228 3211 421 3292 ὤθουν,
468 3230 826 3298 numquam
877 3214 1118 3292 ἐώθουν,
1165 3235 1227 3281 v.
1272 3236 1330 3282 c.
1374 3220 1525 3281 251.
1578 3221 1660 3295 5,
1712 3220 1864 3282 257.
1915 3219 2043 3293 27,
2088 3220 2244 3280 254.
2290 3218 2409 3292 47,
2439 3216 2593 3279 556.

232 3320 333 3393 54;
376 3318 699 3404 genuinae
745 3328 809 3385 et
837 3317 1089 3386 Atticae
1135 3320 1378 3387 formae
1412 3330 1565 3387 sunt
1602 3322 1947 3403 διαδρᾶναι,
1984 3320 2385 3401 διαδράντων,
2433 3316 2595 3385 ἀπέ-

233 3419 479 3502 δρασαν,
532 3442 699 3508 quae
746 3425 979 3510 passim
1030 3424 1375 3511 leguntur,
1418 3436 1519 3493 ter
1566 3435 1781 3492 tamen
1835 3427 2059 3492 vitiose
2106 3425 2443 3506 διαδρασας
2484 3442 2597 3509 pro

234 3526 459 3612 διαδρὰς
524 3549 590 3616 p.
636 3532 792 3595 255.
839 3535 955 3604 16,
1002 3530 1343 3613 διαδρασειε
1404 3551 1521 3618 pro
1584 3532 1859 3613 διαδραίη
1910 3552 1970 3618 p.
2012 3536 2167 3598 550.
2217 3533 2304 3596 56
2348 3538 2413 3595 et
2460 3529 2596 3593 δια·

237 3631 500 3715 δράσασα
549 3654 669 3721 pro
714 3634 1017 3716 διαδρᾶσα
1064 3657 1124 3723 p.
1165 3641 1316 3704 569.
1363 3642 1423 3706 2.

316 3740 572 3807 Praeter
613 3759 724 3806 eas
765 3740 1041 3819 formzm,
1091 3763 1252 3829 quas
1290 3761 1488 3829 supra
1525 3745 1817 3810 recensui
1860 3741 2020 3809 aliae
2055 3740 2297 3807 multae
2332 3739 2600 3806 vitiosae

241 3855 412 3926 sunt,
474 3866 640 3934 quas
704 3867 826 3913 non
892 3867 1113 3913 omnes
1174 3846 1502 3922 indicabo.
1556 3847 1663 3913 sed
1717 3868 1907 3935 quam
1954 3848 2329 3914 brevissime
2378 3851 2601 3931 potero

242 3970 557 4039 excerpam
606 3973 678 4018 ea
729 3971 895 4039 quae
944 3953 1264 4039 imprimis
1323 3951 1628 4019 videntur
1692 3951 2043 4044 luculenta.
2143 3950 2600 4039 Imperfectum

245 4058 400 4123 verbi
446 4059 714 4141 ἔρχομαι
759 4077 945 4145 saepe
991 4057 1159 4144 apud
1223 4058 1632 4124 Heliodorum
1683 4066 1779 4123 est
1826 4057 2138 4140 ἠρχόμην,
2188 4056 2598 4142 participium

244 4161 591 4244 ἐρχόμενος,
642 4163 935 4229 futurum
985 4163 1358 4242 ἐλεύσομαι,
1403 4163 1571 4230 unde
1614 4166 2044 4250 consequitur
2078 4158 2206 4239 εἶμι
2247 4159 2603 4248 praesentis

247 4285 369 4334 esse
414 4269 725 4355 temporis
773 4287 894 4334 non
944 4266 1148 4334 futuri
1200 4289 1258 4354 p.
1305 4273 1458 4336 265.
1514 4273 1596 4334 24
1625 4318 1643 4345 ,
1690 4289 1746 4353 p.
1776 4273 1928 4334 540.
1979 4272 2064 4334 59
2108 4275 2172 4331 et
2223 4286 2284 4351 p.
2315 4270 2465 4332 550.
2495 4268 2602 4330 40.

240 4368 659 4459 ‚Imperativus
708 4373 881 4440 verbi
946 4370 1098 4440 εἶναι
1146 4371 1244 4440 bis
1290 4371 1390 4440 ἔσο
1435 4381 1538 4441 est
1581 4393 1848 4461 prorsus
1894 4371 2167 4439 barbare
2212 4390 2273 4455 p.
2314 4373 2465 4436 550.
2518 4374 2594 4434 21
