2934 5050
1113 301 1173 346 ιιι
1223 302 1620 349 ιιιιιοοοιιιιιι.
2415 284 2537 347 341

212 474 407 550 patum
433 465 845 533 commutandi
867 465 1431 552 significationem:
1461 469 1557 535 sic
1588 465 1915 533 Chariclen
1949 462 2207 531 iubetur
2247 462 2544 531 morbum

207 569 592 641 matrimonio
634 580 1058 641 commutare.
1153 573 1366 658 Longe
1411 572 1604 639 aliter
1647 572 1918 652 τρέπειν,
1964 589 2026 635 v.
2068 588 2126 634 c.
2176 568 2347 655 apud
2395 570 2547 636 Dio-

207 690 334 741 nem
381 674 657 741 XXXIX.
727 679 812 742 48
851 677 961 751 τὴν
1008 676 1220 743 αἰτίαν
1266 678 1328 750 ἐς
1374 679 1620 757 ὀλίγους
1666 675 2006 758 τρέποντες.
2104 672 2410 741 Ceterum
2459 671 2546 741 cf.

204 775 405 847 Elmsl.
449 778 528 846 ad
576 779 732 847 Eur.
763 779 947 857 Med.
998 785 1153 847 974.

281 882 475 951 Verbo
511 882 829 969 indicasse
863 885 1023 952 satis
1060 893 1159 951 est
1199 905 1258 971 p.
1304 891 1458 953 291.
1485 889 1568 964 8,
1616 884 1727 950 ubi
1771 886 2088 951 ἀπολιπὼν
2129 884 2195 949 in
2244 901 2550 970 praesens

197 996 431 1075 tempus
484 990 774 1055 converti
832 988 1050 1064 debet:
1114 987 1226 1056 sed
1290 1011 1436 1057 mox
1505 1010 1597 1057 vs.
1640 995 1726 1057 50
1788 988 2153 1077 corruptela
2212 997 2312 1056 est
2357 988 2550 1075 paulo

196 1092 450 1178 gravior.
540 1092 779 1160 Narrat
838 1092 1141 1165 Galasiris
1204 1112 1274 1161 se
1331 1092 1703 1163 Charicleae
1767 1096 2045 1161 suasisse
2094 1101 2167 1160 ut
2210 1091 2550 1161 simularet

196 1195 536 1269 Alcamenis
570 1217 894 1278 amorem,
926 1197 1100 1264 illam
1143 1208 1359 1267 autem
1398 1198 1850 1265 mirabundam
1892 1201 2358 1283 interrogasse,
2390 1195 2550 1284 quid

197 1318 366 1369 senex
402 1310 762 1387 spectaret,
810 1322 959 1369 cum
1006 1313 1135 1371 tam
1175 1303 1429 1372 odiosae
1472 1305 1567 1372 rei
1597 1314 1824 1372 auctor
1861 1311 2054 1372 esset.
2129 1303 2293 1368 Tum
2337 1302 2552 1389 pergit

196 1405 308 1477 sio:
366 1407 586 1475 Γνῶσει
629 1415 757 1480 τοῖς
798 1405 1027 1490 ἔργοις,
1075 1407 1265 1493 ἔφην,
1315 1405 1458 1498 (ὅτι)
1507 1410 1649 1477 τινὰ
1696 1407 2228 1492 προαγορευόμενα
2274 1407 2389 1487 μὲν
2432 1430 2549 1488 γυ·

194 1507 365 1588 νιιξὶν
405 1508 531 1583 ἔςιν
591 1508 696 1578 ὅτε
754 1512 858 1577 καὶ
907 1511 1071 1581 ὄκνον
1131 1515 1413 1592 ἤνεγκεν,
1462 1514 1914 1594 ἐπιτελούμενα
1961 1512 2017 1581 δ’
2069 1514 2140 1578 ἐκ
2183 1516 2293 1579 τοῦ
2340 1535 2551 1594 παρα-

193 1621 393 1696 χρῆμα
432 1617 908 1700 θαρραλεώτερον
954 1618 1172 1695 ἠνύσθη
1220 1617 1547 1692 πολλάκις.
1629 1617 1804 1685 Nihil
1853 1620 1921 1685 in
1970 1617 2072 1683 his
2110 1616 2553 1695 desideratur,

199 1728 511 1808 postquam
574 1721 819 1788 inserui
883 1722 1401 1809 coniunctionem
1448 1722 1578 1802 ὅτι,
1626 1742 1792 1810 quae
1847 1724 1912 1789 in
1961 1720 2301 1790 Codieibus
2347 1719 2549 1789 deest.

199 1823 417 1893 Notum
465 1825 920 1913 compendium
968 1845 1095 1913 quo
1145 1823 1239 1893 ὅτι
1288 1846 1326 1892 a
1363 1826 1648 1895 librariis
1695 1826 1893 1895 scribi
1931 1826 2120 1905 solet,
2168 1825 2322 1893 fecit
2364 1833 2437 1895 ut
2473 1844 2551 1893 ea

197 1930 496 2015 particula
542 1929 873 1999 interdum
939 1949 1205 2017 prorsus
1249 1951 1300 1999 e·
1334 1940 1516 2001 textu
1562 1940 1996 2001 evanesceret.
2058 1930 2277 2017 ›Apud
2323 1929 2549 1997 Chari-

199 2040 391 2105 tonem
459 2056 523 2123 p.
564 2039 674 2104 87.
734 2042 773 2103 ὅ
836 2034 1250 2103 scribendum
1310 2045 1447 2105 est:
1528 2038 1970 2119 ἀπάγγειλον,
2040 2033 2220 2116 εἷπε,
2290 2037 2559 2115 βασιλεῖ

197 2134 324 2226 (ὅτι)
385 2138 766 2222 Μιθριδάτης
831 2140 912 2229 (ὅ)
981 2141 1083 2214 σὸς
1158 2143 1364 2216 δοῦλος
1426 2144 1701 2224 πάρες-ιν.
1796 2143 1870 2208 ln
1941 2141 2208 2208 lanciani
2271 2140 2549 2207 Deorum

195 2239 454 2330 Dialogis
500 2249 612 2312 20.
667 2251 748 2311 15
813 2244 1120 2331 legerim:
1187 2247 1382 2322 ε’κείνη
1445 2251 1573 2329 γὰρ
1632 2249 1703 2324 33,
1763 2250 1813 2313 εἰ
1876 2246 1981 2311 καὶ
2026 2245 2206 2326 μόνον
2256 2244 2551 2314 θεάσαιτό

195 2371 291 2428 σε,
338 2345 453 2437 (εὖ)
503 2345 627 2418 οἷδ’
678 2350 800 2428 ἐγὼ
848 2346 996 2438 (ὅτι)
1045 2348 1261 2416 πάντα
1305 2354 1709 2419 ἀπολιποῦσα
1753 2350 1978 2433 ἕψεται
2026 2352 2131 2417 καὶ
2194 2353 2548 2429 συνοικήσει.

197 2448 269 2519 Et
307 2452 454 2520 alibi
500 2453 726 2521 eodem
776 2453 987 2522 modo.

270 2557 536 2627 ”tustra
585 2561 1047 2646 quaesiverunt
1095 2560 1374 2629 editores
1417 2563 1576 2649 quid
1625 2563 1852 2631 lateret
1899 2561 2019 2630 sub
2064 2561 2370 2629 Codicum
2410 2580 2549 2628 om-

209 2683 353 2730 ,tum
397 2665 723 2752 scriptura
773 2685 835 2752 p.
882 2669 1041 2732 291.
1089 2671 1165 2731 41
1221 2668 1407 2749 ἐχρῆν
1452 2693 1523 2735 σε
1570 2666 1602 2733 ἕ
1617 2693 1710 2734 πε
1729 2671 1899 2734 σθαι
1950 2668 2055 2734 καὶ
2103 2668 2343 2749 χαίρειν
2388 2668 2551 2733 ἀπο-

193 2767 330 2834 mm
386 2794 457 2837 τε
523 2772 863 2852 χαριςήρια
922 2779 1048 2844 τοῖς
1103 2773 1278 2843 θεοῖς.
1377 2771 1787 2858 Hirschigius
1849 2771 1929 2838 de
1999 2790 2117 2837 sua
2172 2781 2246 2837 ut
2292 2769 2550 2837 videtur

195 2871 544 2959 conjectura
593 2875 660 2941 in
710 2882 957 2941 textum
1003 2875 1223 2942 intulit
1263 2876 1542 2955 ἥδεσθαι·
1596 2895 1718 2941 non
1771 2875 2013 2961 negabo
2061 2883 2161 2941 sat
2197 2874 2358 2942 bene
2396 2894 2549 2941 con-

194 2979 391 3045 venire
434 2979 685 3057 ἥδεσθαι
730 2987 795 3046 ct
841 2978 1049 3046 editor
1096 2979 1364 3048 sortasse
1405 2982 1473 3046 in
1520 2982 1737 3047 auimo
1778 2979 2049 3050 habebat
2092 2979 2371 3068 lepidum
2412 2998 2548 3047 ver·

193 3081 448 3151 siculum
496 3104 577 3151 ex
628 3083 1074 3170 Aristophanis
1116 3085 1276 3151 Pace

668 3193 748 3263 ὦς
797 3188 1017 3268 ἥδομαι
1065 3189 1170 3256 καὶ
1218 3190 1525 3270 χαίρομαι
1573 3193 2041 3273 κεύφραίνομαι.

196 3287 413 3360 Verum
478 3292 635 3359 illud
699 3292 914 3371 obest,
980 3314 1105 3359 uon
1160 3313 1469 3380 apparere
1531 3294 1847 3380 quomodo
1893 3294 2134 3373 ἥδεσθαι
2185 3297 2250 3362 in
2293 3294 2546 3363 ἕπεσθαι

191 3399 497 3484 corrumpi
545 3399 849 3484 potuerit.
949 3397 1231 3465 Facilius
1279 3396 1346 3463 id
1393 3397 1641 3465 ostendi
1693 3401 1929 3486 poterit
1975 3401 2042 3468 in
2092 3401 2286 3467 verbo
2331 3400 2548 3484 σοι-ἐν·

191 3495 483 3581 aevom,
531 3522 714 3590 quae·
747 3501 907 3568 mihi
957 3522 1107 3569 vera
1155 3501 1343 3570 lectio
1390 3503 1671 3570 videtur.

269 3602 426 3672 Leve
468 3615 567 3673 est
615 3607 938 3691 corrigere
981 3627 1057 3693 p.
1104 3612 1258 3674 294.
1323 3612 1447 3685 20,
1497 3608 1605 3673 ubi
1656 3628 1987 3694 perperam
2038 3609 2254 3676 editur
2299 3613 2547 3690 σοφο-

189 3703 593 3793 βερῶτεροι
641 3711 834 3777 δοκεῖν
878 3712 1320 3796 προειληφότες
1368 3732 1486 3799 pro
1523 3712 2094 3796 φοβερώτατοι.
2191 3713 2300 3780 Sic
2350 3731 2548 3800 supra

191 3828 428 3899 quoque
470 3836 534 3904 p.
564 3821 718 3882 275.
770 3821 854 3883 45
902 3817 1669 3895 πολυκινητότατόν
1714 3842 1774 3884 τι
1822 3820 1926 3886 καὶ
1974 3817 2345 3902 θερμότατον
2390 3820 2547 3885 scri·

192 3917 414 3998 pterim
460 3940 575 4006 pro
631 3921 929 3987 πολυκί
944 3922 1120 3997 νητό
1136 3947 1165 3988 ν
1218 3931 1285 3989 et
1331 3922 1542 3989 ubivis
1586 3941 1822 4008 magua
1870 3922 2096 3990 talium
2146 3921 2544 4010 corruptela·

195 4037 327 4085 rum
378 4034 619 4110 prostat
666 4026 868 4112 copia.

273 4124 576 4198 Peccator
623 4130 688 4196 in
750 4132 1077 4219 syntaxim
1134 4153 1199 4218 p.
1242 4136 1396 4201 295.
1446 4137 1486 4199 2
1544 4135 1611 4199 οὗ
1671 4132 1953 4216 πρότερόν·
1997 4159 2067 4200 σε
2113 4133 2367 4213 μεθίημι
2409 4132 2549 4215 πρὶν

194 4223 270 4301 3⁸5
312 4252 409 4306 μοι
452 4235 523 4299 τὸ
566 4236 860 4319 ἀσφαλὲς
908 4236 1410 4316 ἐμπεδωθείη.
1508 4238 1680 4303 Fieri
1728 4257 1882 4305 sane
1922 4246 2169 4325 potest,
2223 4247 2294 4304 ut
2339 4236 2545 4305 Helio·

195 4328 330 4400 dori
363 4335 559 4424 ipsius
595 4359 782 4409 error
819 4342 948 4420 sit,
995 4342 1108 4411 sed
1147 4342 1315 4412 malo
1348 4352 1565 4412 tamen
1603 4342 1867 4413 credere
1908 4364 2055 4413 eum
2091 4352 2272 4412 recte
2295 4341 2551 4411 dedisse
