2934 5050
1117 1171 1681 1262 VARIA.

1208 1476 1603 1515 ——0000—

301 1746 717 1815 CATULLUS
766 1750 1054 1816 carmine
1110 1751 1195 1817 xt
1245 1753 1490 1820 amicos
1538 1759 1680 1838 post
1726 1750 1848 1816 alia
1894 1730 2047 1815 n’on
2096 1749 2306 1815 bona
2352 1749 2590 1833 dicta

227 1849 366 1919 haec
412 1853 664 1941 puellae
712 1853 963 1921 deferre
1013 1856 1221 1924 iubet:

483 1981 634 2027 nec
684 1982 946 2028 meum
995 1973 1452 2049 respectet
1501 1972 1589 2030 ut
1634 1971 1829 2029 ante
1876 1981 2282 2039 amorem,

481 2068 630 2152 qui
675 2066 930 2133 illins
979 2068 1225 2155 culpa
1270 2070 1597 2137 cecidit
1646 2067 1879 2135 velut
1931 2068 2164 2155 prati

483 2171 779 2239 ultimi
829 2172 1033 2251 flos,
1082 2185 1707 2262 praetereunte
1755 2184 2205 2262 postquam

760 2287 1047 2346 tactus
1096 2292 1386 2349 aratro
1434 2290 1583 2348 est.

304 2381 610 2469 Displicet
661 2382 838 2450 floris
885 2388 1121 2452 succisi
1171 2396 1234 2453 et
1286 2388 1746 2454 marcescentis
1798 2389 2009 2471 imago
2052 2384 2132 2450 ad
2174 2384 2587 2469 languentem

230 2496 325 2552 aut
379 2492 744 2557 extinctum
797 2512 1083 2559 amorem
1134 2491 1357 2561 relata.
1458 2492 1660 2561 Habet
1707 2513 1779 2560 ea
1829 2512 2019 2559 sunm
2064 2491 2273 2558 locum
2317 2511 2390 2556 ac
2433 2489 2591 2557 solet

230 2592 506 2663 adbiberi
578 2597 640 2661 in
703 2598 1051 2664 miserabili
1103 2601 1353 2667 iuvenis
1404 2602 1749 2666 immature
1795 2609 1992 2684 atque
2041 2600 2102 2663 in
2154 2600 2384 2664 aetatis
2435 2594 2591 2661 flore

230 2700 457 2789 abrepti
529 2705 1161 2772 commemoratione.
1264 2706 1344 2773 Et
1410 2726 1561 2771 vero
1625 2704 1705 2770 ad
1754 2725 1895 2771 eam
1945 2725 2078 2770 rem
2141 2701 2588 2769 illustrandam

229 2805 371 2873 nibil
450 2808 852 2875 luculentius
913 2809 1132 2877 afferri
1192 2821 1400 2898 potest
1459 2821 1571 2877 aut
1617 2809 1786 2898 quod
1832 2812 2037 2895 magis
2078 2812 2162 2875 sit
2204 2810 2590 2896 appositum.

230 2908 516 2980 Sedenim
598 2913 778 2981 floris
861 2926 924 2982 et
990 2917 1242 2983 iuvenis
1302 2917 1697 2995 similitudo,
1789 2937 1952 3003 quae
2031 2916 2095 2980 in
2170 2935 2241 2980 ea
2313 2915 2594 2999 imagine

230 3020 505 3085 animum
561 3020 855 3107 percellit
901 3030 967 3088 et
1017 3031 1263 3102 movet,
1313 3044 1435 3088 non
1485 3024 1548 3088 in
1589 3044 1664 3088 eo
1706 3023 1910 3109 posita
1944 3029 2079 3098 est,
2116 3020 2282 3106 quod
2323 3028 2596 3106 uterque

230 3127 496 3191 moritur
566 3138 631 3192 et
703 3127 963 3193 interit:
1040 3148 1185 3194 nam
1260 3128 1417 3214 quid
1490 3149 1614 3194 non
1684 3129 1961 3194 moritur
2021 3136 2084 3193 et
2147 3147 2269 3192 non
2315 3126 2591 3191 interit?

233 3247 439 3296 verum
513 3232 577 3298 in
641 3252 714 3298 eo
773 3234 941 3319 quod
995 3245 1268 3320 uterque
1319 3236 1383 3300 in
1436 3237 1686 3324 primae
1733 3234 1965 3300 aetatis
2014 3235 2225 3321 specie
2274 3243 2338 3298 et
2389 3231 2598 3297 suavi-

198 3340 352 3405 .tate
409 3339 765 3404 immatura
830 3350 1038 3406 morte
1087 3342 1276 3427 perit.
1376 3340 1556 3421 Quod
1608 3340 1796 3426 longe
1844 3360 2029 3407 secus
2085 3351 2220 3418 est,
2272 3341 2326 3404 si
2376 3336 2597 3404 eadem

237 3439 432 3529 imago
469 3442 554 3510 ad
594 3445 950 3511 extinctum
995 3467 1280 3512 amorem
1327 3446 1784 3512 illustrandum
1830 3446 2236 3520 conferatur3
2284 3444 2394 3530 qui
2440 3441 2598 3508 nibil

239 3565 371 3614 cnm
435 3550 592 3617 llore
649 3570 687 3617 a
751 3552 954 3640 stirpe
1002 3552 1233 3619 deiecti
1285 3573 1634 3619 commune
1685 3551 1912 3628 babet,
1962 3564 2074 3617 aut
2122 3549 2294 3637 quod
2346 3569 2463 3636 par
2513 3548 2601 3614 sit

241 3659 298 3716 et
354 3655 594 3734 simile,
661 3658 785 3722 nisi
838 3658 1005 3745 qnod
1073 3659 1298 3725 interit
1364 3669 1675 3746 uterque,
1743 3661 1914 3724 sicut
1985 3658 2313 3724 intereunt
2385 3665 2600 3722 cetera

244 3775 460 3827 omma.

324 3863 590 3955 Scripsit
653 3867 812 3935 baec
880 3870 1210 3949 Catullus,
1282 3870 1336 3935 si
1404 3870 1709 3936 audimus
1776 3870 1886 3956 qui
1953 3868 2461 3955 prudentissime
2525 3866 2605 3932 de

247 3969 371 4036 eius
429 3982 636 4040 aetate
700 3983 1034 4055 statuunt,
1109 3997 1232 4041 non
1301 3975 1505 4042 multo
1567 3985 1715 4042 ante
1768 3977 1933 4041 vitae
1987 3976 2218 4053 tinem,
2276 3994 2424 4039 cnm
2478 3973 2606 4037 iam

249 4077 450 4144 morbo
506 4080 835 4146 laborabat
896 4090 960 4147 et
1012 4091 1280 4148 mortem
1334 4081 1786 4169 prospiciebat.
1885 4082 2039 4147 Eam
2090 4081 2381 4169 corporis
2434 4098 2607 4143 men·

252 4180 443 4268 tisque
501 4186 935 4253 conditionem
1001 4208 1261 4254 carmen
1312 4192 1661 4274 exprimet,
1726 4187 1779 4252 si
1830 4187 2019 4252 verbo
2070 4208 2262 4253 unam
2317 4185 2607 4251 litteram

251 4281 566 4358 demseris:
617 4293 760 4380 qni
814 4292 1070 4359 illius
1116 4293 1372 4382 culpa
1411 4304 1651 4360 cecidi
1701 4292 2233 4361 velut—sloS.
