2934 5050
901 282 988 329 An
1033 281 1492 332 marnomeuu
1539 281 1929 328 mmmm.
2471 262 2604 329 329

291 555 610 621 Absurde
670 554 1073 621 DAMAGETAS
1131 554 1557 620 Homericum
1618 555 1943 639 epitheton
2002 555 2188 618 maris
2241 559 2306 618 et
2349 555 2607 618 aetherio

185 660 608 739 ἀτρύγετον,
660 662 841 725 0111110
885 662 1050 724 ratio
1096 680 1248 724 eum
1291 654 1617 745 fugiebat,
1677 659 1755 724 ad
1803 666 2023 740 noctem
2070 657 2416 723 transtulit.
2464 660 2603 738 Ὀρ-

185 766 459 846 φνοιίην
502 763 610 830 vel
653 764 997 844 ἀμβροσίην
1044 763 1313 828 scribere
1353 764 1676 829 debuerat.
1748 762 1821 827 In
1861 764 1980 827 1100
2020 767 2399 850 argumento
2431 761 2605 828 lectu

187 873 374 933 sunt
423 868 803 955 dignissima
846 888 1006 953 quae
1049 866 1208 932 olim
1250 867 1604 951 disputavit
1649 864 1939 934 Cobetus,
1968 871 2038 932 in
2075 865 2393 952 praeclara
2435 885 2604 931 com-

188 975 623 1039 mentatione
668 974 742 1036 de
783 973 1053 1037 oratione
1099 972 1418 1055 wtifioiali
1467 973 1699 1036 Graeca
1743 995 1783 1035 a
1816 972 2103 1055 populari
2146 971 2568 1052 distinquenda
2583 1016 2601 1047 ,

194 1077 409 1143 edita
462 1076 927 1142 Amstelodami
986 1097 1086 1161 ap.
1146 1075 1282 1140 1011.
1345 1074 1739 1141 Muellerum
1807 1097 1864 1141 a.
1936 1072 2130 1141 1852.
2212 1072 2309 1141 Cf.
2359 1094 2605 1160 quoque

199 1179 679 1258 ἀμαιμακέτου
728 1179 946 1261 κρατός
995 1180 1101 1245 VI.
1154 1178 1319 1256 115,
1370 1177 1431 1244 6.
1910 1207 1917 1228 ·

308 1287 381 1350 A
424 1286 631 1369 capite
645 1332 666 1362 ‚
710 1285 878 1369 quod
924 1287 1201 1350 continet
1244 1281 1564 1350 Gamonn
1609 1282 1919 1371 Theologi
1957 1287 2443 1370 epigrammata,
2465 1304 2533 1348 m
2542 1305 2605 1349 a·

205 1410 350 1455 nus
416 1390 719 1454 abstineo.
804 1386 1004 1455 Cuius
1057 1390 1336 1453 hominis
1379 1391 1608 1473 pietati
1653 1394 1719 1453 et
1760 1391 2086 1454 sanctitati
2127 1386 2294 1452 nihil
2339 1388 2572 1474 derogo
2588 1436 2605 1466 ,

208 1495 338 1561 sed
388 1497 487 1559 ita
530 1495 843 1578 pessimus
888 1498 984 1557 est
1027 1495 1320 1559 omnium
1364 1499 1585 1578 poeta,
1631 1499 1708 1558 ut
1732 1496 1875 1559 'otio
1912 1499 1977 1558 et
2013 1512 2158 1558 meo
2195 1495 2260 1557 et
2297 1491 2610 1558 lectorum

209 1601 420 1665 abuti
482 1598 647 1663 mihi
704 1596 953 1663 viderer
967 1644 985 1674 ,
1048 1599 1107 1662 si
1171 1598 1406 1664 menda
1462 1597 1869 1663 librariorum
1931 1600 1988 1662 si
2049 1618 2211 1682 quae
2269 1599 2488 1663 insunt
2532 1599 2612 1663 ab

210 1706 443 1790 ipsius
501 1701 773 1768 maculis
832 1721 1027 1786 quam
1085 1701 1385 1786 plurimis
1440 1722 1727 1787 separare
1785 1707 1850 1767 et
1899 1701 2292 1787 distinguere
2338 1722 2611 1768 conarer.

214 1806 378 1872 Hoc
443 1811 660 1871 tamen
719 1804 828 1872 vel
870 1805 1022 1870 huic
1079 1806 1381 1872 debemus
1397 1854 1415 1884 ,
1463 1812 1541 1871 ut
1583 1827 1663 1872 ne
1708 1808 2083 1871 coniecturis
2128 1808 2360 1871 nostris
2401 1809 2616 1891 peiora

216 1911 580 1977 reddamus
641 1931 798 1996 quae
853 1912 990 1995 ipse
1047 1913 1317 1996 scripsit.
1405 1909 1589 1992 Quod
1650 1912 1974 1976 commisit
2032 1909 2303 1996 Dilthey
2362 1913 2432 1975 in
2486 1915 2615 1995 epi-

223 2021 605 2102 grammate
651 2011 738 2080 97
758 2061 776 2091 ,
824 2015 939 2079 ubi
985 2035 1186 2099 quum
1230 2015 1568 2102 theologus
1613 2020 1779 2079 recte
1826 2019 1890 2078 et
1937 2014 2153 2079 ordine
2198 2016 2593 2099 scripsisset:

429 2118 490 2185 εἴ
530 2143 670 2184 τινα
714 2117 1027 2199 δένδρον
1073 2117 1318 2193 ἔθηκε
1363 2119 1508 2197 γόος
1557 2118 1660 2184 καὶ
1709 2118 1767 2184 εἴ
1807 2142 1945 2184 τινα
1991 2117 2214 2199 πέτρην
2259 2120 2386 2184 κτὲ.

228 2224 582 2290 substituit
595 2270 613 2300 ,
661 2226 718 2288 si
762 2222 879 2287 Dis
920 2226 1247 2308 musisque
1288 2223 1538 2310 placet:

791 2326 849 2392 εἴ
891 2351 1030 2392 ‘revoc
1079 2327 1348 2409 δένδρη
1399 2329 1660 2411 ἐφῆκε
1707 2328 1848 2407 γόος
1897 2330 2026 2393 κτὲ.

233 2432 415 2516 quod
475 2432 629 2516 quid
686 2433 812 2497 sibi
869 2432 1065 2510 velit,
1129 2435 1265 2518 ipse
1323 2433 1577 2499 viderit.
1649 2434 1888 2501 Verum
1946 2438 2101 2502 satis
2160 2441 2225 2502 et
2271 2436 2347 2501 de
2394 2436 2514 2502 1100
2558 2441 2623 2502 et

235 2537 318 2603 de
365 2537 686 2626 theologO.
763 2537 1183 2606 Transeamus
1228 2539 1309 2604 ad

1252 2745 1461 2834 Caput
1504 2748 1618 2813 IX.

337 2944 563 3032 Epigr.
615 2944 720 3011 15.

792 3050 959 3114 Αὐτὸ
1004 3048 1073 3112 τὸ
1122 3051 1240 3128 πῦρ
1292 3046 1631 3113 καύσειν
1678 3047 2008 3131 διζήμενος.

338 3153 466 3220 Pro
512 3154 781 3219 absurdo
824 3154 1067 3219 Futuro
1111 3157 1451 3237 reponatur
1498 3156 1611 3219 aut
1657 3155 1924 3218 καίειν
1970 3157 2083 3220 aut
2129 3161 2451 3223 κοιῦσοιι.

337 3258 562 3345 Epigr.
611 3257 721 3324 20.

611 3368 843 3439 πῶλος,
893 3364 920 3428 ὃ
968 3361 1104 3443 πρὶν
1149 3370 1397 3437 πτηνοῖς
1443 3360 1552 3427 ἶσα
1602 3365 1839 3443 δραμὼν
1885 3362 2129 3442 ἀνέμοις

523 3473 622 3533 νῦν
668 3465 769 3532 ὅτε
813 3465 1096 3548 γηραιός,
1146 3466 1505 3548 γυροδρόμον
1552 3466 1707 3543 ἦνίδε
1756 3466 1972 3547 πέτρον

610 3571 846 3649 δινεύω,
895 3570 1131 3651 ςεφέων
1180 3570 1413 3654 ὕβρις
1442 3621 1459 3650 ,
1509 3571 1934 3649 ἐλαυνόμενος.

248 3677 612 3764 Ambigunt
649 3677 917 3754 eruditi,
966 3682 1186 3743 utrum
1223 3680 1318 3742 ita
1354 3678 1758 3743 scribendum
1795 3681 1882 3742 sit
1899 3725 1916 3755 ‚
1967 3698 2047 3742 011
2082 3679 2440 3763 recipienda
2477 3678 2621 3745 Pla-

249 3781 458 3847 nudea
499 3780 690 3847 lectio
736 3779 907 3860 ὕβριν
924 3828 942 3858 ,
992 3802 1185 3866 quam
1232 3787 1493 3847 tuentur
1530 3783 1655 3847 duo
1692 3781 1841 3847 libri
1880 3781 2282 3847 Parisienses.
2346 3784 2436 3847 At
2471 3805 2621 3868 quo-

250 3886 426 3951 niam
470 3888 605 3971 ipse
651 3906 884 3971 equus,
948 3886 1106 3950 olim
1151 3907 1333 3972 saepe
1378 3888 1586 3951 victor
1603 3932 1619 3962 ,
1677 3887 1805 3950 dici
1850 3906 1973 3950 non
2019 3889 2232 3970 potuit
2275 3910 2621 3952 coronarum

252 3989 576 4068 iynominia
592 4037 609 4068 ,
673 3991 783 4056 sed
842 3990 995 4055 haec
1053 3991 1361 4056 vocabula
1407 3992 1729 4055 continent
1774 3993 2233 4075 oppositionem
2280 3993 2620 4058 verborum

255 4093 466 4175 πέτρον
528 4094 731 4161 δινεύω
773 4132 858 4143 —-·
899 4096 1295 4173 ἐλαυνόμενος
1360 4095 1595 4178 absque
1659 4097 1832 4159 omni
1898 4098 2319 4161 controversia
2363 4098 2621 4163 iubente

259 4206 424 4265 certa
479 4200 623 4286 lege
678 4204 1129 4286 grammatica,
1193 4200 1627 4284 recipiendum
1684 4200 1889 4264 fuerat
1942 4198 2122 4278 ὕβρι
2143 4225 2190 4264 ν.
2261 4201 2485 4267 Editor
2527 4205 2621 4267 ni-

260 4306 461 4368 mium
509 4304 789 4369 tribuens
844 4306 1044 4369 codici
1091 4304 1382 4369 Palatino
1429 4324 1551 4368 non
1597 4325 1736 4368 raro
1782 4304 1951 4369 male
1996 4309 2235 4388 sprevit
2282 4309 2622 4390 scripturas
