2934 5050
352 311 483 377 244
1137 329 1464 378 Luciusne
1511 329 1584 376 ιτ
1632 328 1938 378 nucinas.

447 502 546 569 Ita
593 500 710 576 M.;
748 500 977 587 optimi
1024 499 1206 568 codd.
1256 500 1313 566 si
1355 499 1455 578 im·
1505 508 1770 589 propter
1817 498 2007 566 Bern.
2060 504 2126 564 et
2162 498 2324 565 Gen.
2364 496 2694 587 praebentes

354 629 422 676 se
465 608 536 673 in
585 605 756 696 (add.
807 605 980 673 Harl.
1031 627 1067 673 a
1110 626 1209 693 pr.
1261 626 1350 672 m.
1402 627 1467 672 se
1512 605 1916 695 imper-iculo,
1961 623 2130 671 corr.
2179 604 2237 671 si
2274 603 2452 693 imp.)
2491 604 2569 672 Μ.
2603 602 2699 678 seiz

357 713 470 782 sed
521 713 696 781 nulla
744 711 1034 780 addenda
1084 721 1183 779 est
1227 712 1487 791 littera,
1538 713 1757 781 scrib.:
1931 722 1943 728 “

815 820 1005 886 cuius
1053 816 1194 885 sine
1240 818 1482 905 periclo
1531 818 1763 886 feceris
1812 816 2197 905 periculum.

359 974 364 979 -
454 927 548 994 lb.
590 931 711 993 50:
754 924 1100 993 »Chremes
1140 928 1206 991 in
1249 924 1571 1002 medium,
1613 926 1676 991 in
1716 943 2047 991 summum
2073 910 2252 990 eirad
2276 922 2711 991 Demaenetus”

364 1053 592 1100 novam
644 1032 928 1099 continet
978 1030 1251 1099 formam
1303 1030 1481 1098 verbi
1528 1031 1662 1110 ire,
1705 1049 1871 1117 quae
1916 1028 2188 1096 fortasse
2235 1048 2471 1116 magno
2517 1027 2713 1116 plausu

364 1139 723 1227 excipietur
779 1136 859 1204 ab
906 1135 1272 1203 istiusmodi
1325 1137 1825 1203 »inventorum”
1875 1134 2292 1202 amatoribuS.
2389 1135 2512 1203 Sed
2556 1132 2713 1201 codd.

364 1245 461 1311 ire
505 1245 588 1311 ad
633 1245 1028 1321 demenelus,
1081 1244 1146 1308 in
1197 1262 1324 1329 quo
1375 1242 1789 1329 transpositis
1834 1249 2091 1308 tantum
2142 1240 2384 1308 litteris
2422 1261 2579 1329 opus
2610 1246 2713 1307 est:

368 1351 551 1416 ierat.
652 1349 1074 1417 contractum
1126 1346 1392 1436 plqperf.
1441 1349 1603 1414 iram
1656 1368 1781 1414 non
1834 1357 1991 1435 puto
2037 1348 2389 1415 exstitisse.

462 1454 658 1521 Paulo
707 1464 847 1541 post
891 1458 1012 1520 36:
1061 1455 1233 1540 agite
1281 1454 1454 1541 agite
1500 1452 1668 1520 furei
1713 1452 2045 1525 mendacei
2090 1454 2559 1540 argutamini.”
2632 1452 2720 1520 Ni-

285 1628 291 1633 ,
371 1560 464 1627 bil
528 1558 782 1627 facilius
845 1559 1139 1626 videatur
1194 1579 1388 1646 quam
1452 1579 1531 1625 ex
1596 1558 1909 1626 librorum
1977 1559 2591 1627 lectionemendaei
2630 1565 2723 1627 aut

370 1666 647 1733 mendati
669 1716 685 1744 ,
738 1684 887 1732 cum
933 1674 1243 1753 sequatur
1281 1688 1359 1741 a.
1404 1664 1685 1732 efficere:
1730 1664 2107 1732 »mendacia
2148 1665 2609 1750 argutamini’'‚
2642 1683 2723 1729 ea·

371 1771 515 1840 dem
563 1793 712 1840 cum
763 1771 1036 1861 synisesi
1080 1790 1207 1857 qua
1259 1768 1585 1837 »dominia
1621 1771 1889 1858 atque'',
1933 1771 2114 1840 XIII.
2168 1775 2283 1848 14,
2326 1771 2392 1839 ia
2429 1793 2468 1836 a
2509 1778 2577 1837 ut
2610 1768 2723 1837 effi·

373 1882 552 1947 ciant
617 1897 808 1945 unam
878 1876 1209 1966 syllabam.
1307 1877 1430 1944 Sed
1497 1888 1758 1965 propter
1821 1877 2214 1944 Beruensem
2261 1896 2387 1942 non
2438 1878 2724 1964 optimum

372 1985 612 2053 librum
662 1984 773 2070 qui
826 2003 936 2069 pro
982 1986 1192 2071 sures,
1242 1982 1409 2068 quod
1460 1985 1523 2049 in
1570 1984 1838 2070 reliquis
1884 1981 2182 2049 omnibus
2220 1992 2361 2061 est,
2403 1984 2541 2071 suri
2575 2000 2725 2070 prae·

375 2091 523 2169 bet,
589 2098 919 2177 receptum
984 2097 1081 2155 est
1143 2089 1313 2176 [ιιι-εἰ
1368 2089 1689 2155 mendaces·
1750 2088 1921 2175 quod
1982 2087 2300 2175 quomodo
2346 2089 2432 2156 M.
2485 2089 2729 2175 explicet

374 2195 675 2263 videatur
736 2194 906 2282 apud
965 2194 1201 2281 ipsum.
1301 2193 1671 2260 »Mendacia
1727 2195 2068 2280 argutari”
2115 2195 2315 2260 etiam
2366 2196 2508 2262 sine
2556 2196 2729 2260 inter·

378 2313 561 2389 prete
622 2302 780 2367 satis
844 2303 1259 2388 perspicuum
1322 2311 1446 2367 est.
1545 2299 1729 2367 Nulla
1793 2298 1913 2365 hoc
1961 2299 2100 2366 loco
2144 2310 2286 2366 erat
2328 2320 2525 2368 causa
2572 2320 2730 2386 repo-

379 2405 573 2474 nendi
638 2407 716 2473 ei.
811 2405 939 2472 Nec
999 2426 1058 2472 v.
1133 2410 1259 2473 109
1321 2405 1504 2494 »quei
1564 2416 1621 2471 et
1669 2414 1933 2493 poscent
1983 2407 2201 2472 minus
2245 2415 2312 2473 et
2365 2406 2733 2494 praebebunt

379 2513 611 2580 rectiu’
662 2511 932 2591 multo'’‚
983 2511 1088 2579 ubi
1139 2512 1403 2601 propius
1457 2511 1538 2579 ad
1576 2510 1774 2578 libros
1815 2511 2065 2580 accedit
2105 2520 2171 2579 et
2208 2513 2532 2580 sententia
2573 2530 2731 2600 prae·

378 2628 508 2686 stat
569 2620 679 2707 qui
725 2629 782 2684 et
827 2629 906 2685 te.
1002 2618 1176 2685 Libri
1226 2620 1464 2706 quiete,
1513 2620 1752 2685 omissa
1797 2638 1924 2685 una
1974 2629 2019 2685 t.
2114 2617 2207 2685 lb.
2266 2625 2392 2686 1115
2444 2618 2735 2686 »nosti-eis

376 2727 626 2793 animos
687 2724 1034 2791 adtendere
1096 2724 1332 2792 dictis”
1391 2724 1560 2812 quod
1628 2724 1775 2790 libri
1839 2724 2074 2791 habent
2134 2735 2377 2793 nostros
2440 2745 2564 2792 non
2610 2741 2737 2789 con-

382 2833 541 2899 tinet
592 2832 936 2918 vestigium
981 2829 1359 2917 diphthongi
1405 2830 1519 2897 sed
1561 2831 1788 2897 vitiose
1827 2841 2069 2897 nostros
2105 2833 2287 2899 exitu
2330 2831 2733 2899 assimilatum
2842 2819 2848 2884 l

378 2953 477 3005 est
540 2939 835 3026 proximo
897 2936 1219 3004 vocabulo.
1314 2935 1648 3002 Ablativus
1694 2937 1946 3003 virtulei
1996 2937 2253 3004 xxvn.
2309 2943 2396 3005 49
2448 2963 2590 2997 νυ
2622 2936 2735 3024 pri-

380 3063 558 3110 mum
607 3062 734 3131 qua
782 3042 1049 3109 virtutei
1098 3043 1475 3109 servitutem
1526 3042 1919 3109 excluserit”
1966 3044 2213 3111 incerto
2253 3046 2492 3112 nititur
2532 3042 2733 3111 funda·

382 3155 603 3216 mento
645 3148 850 3214 ‘unius
908 3150 1134 3226 Bern.,
1185 3148 1252 3213 in
1302 3166 1429 3233 quo
1476 3149 1804 3228 virtutem,
1856 3169 2010 3236 ergo
2064 3168 2180 3235 pro
2229 3152 2518 3219 »virtute
2560 3148 2732 3217 servi·

382 3254 634 3321 tutem”
704 3254 784 3342 (si
851 3252 1012 3321 haec
1072 3273 1222 3321 vera
1287 3252 1503 3342 lectio)
1571 3255 1922 3321 »virtutem
1988 3255 2348 3323 servitute'’
2409 3259 2733 3344 scriptum,

381 3358 756 3427 confusione
801 3359 1010 3426 solita.
1107 3359 1232 3426 Nec
1282 3358 1460 3425 locus
1509 3378 1585 3426 ex
1635 3359 1717 3425 M.
1767 3360 2215 3428 emendatione
2263 3365 2564 3431 convenit
2606 3378 2731 3429 cum

379 3466 568 3535 Nonii
611 3466 1068 3553 explicatione:
1118 3465 1492 3545 excludere,
1543 3465 1813 3532 liberare
1863 3466 2178 3556 (revocare
2228 3467 2327 3557 B.)

476 3572 588 3642 His
646 3571 917 3658 aliisque
979 3569 1058 3637 de
1105 3590 1373 3638 numero
1421 3569 1807 3638 substractis
1856 3572 2171 3659 quaedam
2224 3582 2482 3641 tantum
2529 3573 2733 3658 exigua

382 3678 656 3764 vestigia
719 3676 1098 3765 diphthongi
1164 3685 1535 3764 supersunt.
1630 3676 1846 3743 Veluti
1914 3678 2143 3747 XXVI.
2219 3684 2305 3745 32
2376 3680 2625 3768 quidum·
2680 3677 2733 3741 in

383 3783 537 3870 quid
582 3784 649 3849 πί
694 3795 752 3849 ec
798 3782 990 3861 abiit,
1038 3783 1207 3870 quod
1254 3803 1332 3850 ex
1380 3781 1623 3850 unciali
1671 3784 1994 3870 scriptura
2038 3784 2103 3849 in
2156 3804 2285 3871 qua
2331 3796 2357 3851 t
2397 3795 2465 3852 et
2505 3788 2531 3852 i
2572 3780 2732 3851 facile

381 3887 871 3956 confunduntur
915 3889 1221 3975 explicari
1270 3897 1522 3976 potest3
1594 3887 2003 3977 eundemque
2046 3910 2331 3958 errorem
2382 3891 2577 3959 babes
2619 3891 2727 3956 inc.

385 4000 468 4061 77
517 3993 813 4080 quidnei?
877 4006 1083 4061 scruta
1130 3996 1413 4082 quidem,
1472 3992 1656 4061 codd.
1704 3995 1926 4081 quidni
1971 4005 2068 4077 el,
2115 4016 2289 4064 nunc
2337 4018 2376 4064 a
2422 3998 2504 4064 Μ.
2554 4001 2727 4063 muta·

381 4109 545 4167 tum.
643 4099 780 4165 Huc
849 4099 1090 4167 reseras
1159 4102 1342 4167 velite
1410 4121 1484 4167 ex
1545 4101 1780 4179 veitae,
1855 4101 2086 4168 XXVI.
2157 4107 2281 4180 79;
2354 4103 2576 4171 XXVI.
2630 4101 2728 4164 26:

384 4206 640 4272 »animo
687 4205 797 4291 qui
847 4208 1181 4291 aegrotat”
1230 4206 1379 4273 libri
1428 4228 1582 4294 que,
1637 4206 1808 4292 quod
1856 4206 2108 4275 librarii
2157 4223 2282 4276 non
2331 4209 2644 4278 dedissent
2681 4201 2727 4268 si

380 4311 490 4398 qui
529 4309 959 4385 invenissent;
1004 4330 1080 4376 ex
1130 4312 1272 4397 quei
1322 4303 1489 4377 male
1536 4309 1859 4377 intellecto
1906 4312 2117 4381 fecere
2163 4336 2302 4402 que.
2377 4317 2501 4382 Pro
2542 4310 2727 4380 simitu

381 4415 577 4485 XXX.
643 4420 721 4482 17
782 4415 850 4481 in
899 4415 1079 4483 Leid.
1135 4415 1489 4484 secundum
1547 4417 1626 4484 Μ.
1674 4426 1775 4484 est
1820 4418 2084 4497 simeln,
2134 4419 2307 4489 unde
2350 4422 2595 4491 simoilu
2630 4432 2722 4482 su-
