2934 5050
357 293 438 354 27
445 294 484 353 8
1149 309 1456 356 Lucrinum
1510 307 1585 353 n
1630 307 1937 353 mucianus.

359 474 414 539 si
457 472 528 539 id
573 472 912 553 malum-ic,-
963 494 1112 541 nam
1161 478 1251 553 is,
1316 477 1428 561 qui
1476 473 1748 561 spondet
1792 471 1932 540 sore
1978 478 2055 538 ut
2101 468 2436 538 maleficus
2485 467 2551 532 in
2594 482 2709 531 ma·

362 579 489 644 lam
541 598 800 644 crucem
849 579 1069 658 abeat,
1118 600 1242 647 non
1292 577 1671 646 dubitanter
1713 577 1903 645 debet
1949 576 2150 663 loqui.

570 688 676 750 16.
715 683 1034 751 Concedat
1074 684 1320 750 homini
1360 684 1420 749 id
1463 682 1634 770 quod
1672 681 1855 758 velit,
1898 680 2214 755 deleniat,

554 796 930 874 corrumpat
967 808 1262 874 prorsum
1315 808 1389 854 ac
1439 807 1671 853 nervos
1716 790 1931 853 omnis
1976 785 2194 871 eligat.
2239 767 2256 779 ’

453 892 652 959 Usum
717 891 894 958 verbi
961 894 1192 979 οἰέῃσι-ε
1237 892 1317 958 ab
1364 895 1503 978 agri
1570 890 1826 957 cultura
1880 890 1986 979 (=
2030 887 2423 977 expurgare)
2466 884 2546 953 ad
2594 902 2715 949 ner·

368 1017 478 1063 vos
526 995 824 1064 translati
873 996 1159 1064 illustrat
1217 996 1428 1063 Madv.
1480 995 1558 1063 ad
1609 994 1744 1061 Liv.
1796 995 1933 1062 Vll.
1984 999 2111 1073 59,
2171 991 2446 1060 Emend.
2493 991 2619 1056 Liv.
2662 1008 2713 1074 p.

374 1109 522 1168 155.
593 1100 723 1168 Nec
770 1100 1031 1178 dubito,
1078 1104 1235 1187 quin
1287 1100 1665 1169 vocabulum
1714 1119 1789 1166 ex
1839 1099 2140 1165 omnibus
2186 1117 2390 1185 paene
2428 1094 2605 1163 codd.
2648 1092 2717 1157 sit

366 1204 840 1272 restituendum
891 1204 1180 1271 Ciceroni
1232 1206 1462 1272 Tusco.
1513 1204 1601 1271 111
1649 1202 1769 1270 sub
1820 1203 1862 1270 i.

551 1316 654 1375 25.
706 1308 808 1375 Nil
860 1329 1052 1394 parvo
1100 1310 1253 1376 huic
1303 1310 1505 1396 pensi.
1556 1308 1716 1374 haut
1763 1308 2014 1374 litteras
2055 1307 2287 1374 doceas
2328 1305 2561 1371 lutum.

372 1415 617 1480 Parvus
664 1413 1064 1481 substantive
1110 1416 1390 1501 positum
1440 1415 1707 1503 (diesem
1749 1413 2056 1489 Kleinen,
2108 1412 2336 1500 puero)
2374 1430 2498 1478 non
2536 1415 2717 1497 potest

369 1521 553 1603 iungi
603 1538 754 1585 cum
805 1521 1202 1605 pronomine.
1253 1519 1343 1586 Cl.
1393 1521 1448 1584 si
1496 1521 1659 1585 tanti
1699 1518 2170 1604 Naegelsbach,
2222 1518 2361 1583 Lat.
2407 1514 2629 1582 Stilist.
2664 1532 2716 1598 p.

373 1629 481 1689 82.
531 1622 747 1689 Libri:
799 1623 973 1688 nihil
1009 1626 1191 1710 parvi
1237 1645 1312 1690 ac
1351 1646 1416 1711 p.
1464 1625 1561 1688 uli
1605 1623 1813 1688 littera
1860 1623 1921 1688 d.
1973 1623 2019 1688 l.
2090 1623 2261 1689 Nihil
2303 1622 2488 1708 parvi
2536 1618 2718 1685 facero

376 1729 445 1818 (i.
500 1749 555 1795 e.
605 1728 765 1794 nibil
816 1727 1177 1817 neglegere)
1227 1738 1291 1795 et
1341 1728 1729 1814 nibil-pensi
1777 1726 1990 1794 facere
2041 1728 2111 1815 (i.
2161 1748 2215 1793 e.
2267 1726 2484 1801 omnia
2530 1721 2719 1808 negle-

373 1835 549 1923 gere)
598 1842 891 1921 pugnant
932 1835 1103 1899 inter
1140 1854 1228 1900 se.
1298 1834 1526 1920 Itaque
1564 1832 1789 1898 ordine
1828 1832 2170 1898 verborum
2217 1839 2470 1897 mutato
2506 1828 2718 1896 scribo:

734 1939 918 2024 parvi
967 1939 1042 2003 ac
1089 1938 1180 2004 nil
1229 1940 1410 2026 pensi
1461 1948 1534 2004 ut
1583 1935 1834 2004 litteras
1881 1936 2113 2004 doceas
2159 1936 2397 2004 lutum.

466 2043 691 2111 Sermo
738 2052 837 2125 est
884 2043 963 2109 de
1010 2042 1307 2122 bomine,
1371 2045 1483 2130 qui
1531 2042 1939 2127 disciplinam
2009 2044 2187 2129 parvi
2233 2062 2311 2108 ac
2360 2039 2543 2107 nihili
2584 2055 2722 2124 peu·

375 2147 514 2229 dit,
580 2151 648 2214 in
695 2168 822 2235 quo
884 2146 1235 2214 erudiendo
1296 2167 1500 2234 aeque
1559 2166 1816 2234 operam
1881 2146 2156 2233 perdaS,
2222 2167 2296 2213 ac
2356 2146 2413 2212 si
2461 2144 2719 2230 stipitem

381 2254 632 2321 doceas.

652 2362 758 2424 29.
815 2386 1189 2411 υυυυυυυ
1243 2357 1396 2425 binc
1441 2377 1478 2423 a
1528 2377 1632 2424 me
1680 2355 1856 2422 ilicet

811 2466 1225 2530 anu’russum
1275 2462 1355 2529 ad
1403 2462 1756 2529 armillum.

465 2566 702 2635 Notum
767 2568 1178 2656 proverbium
1239 2577 1339 2634 est
1400 2566 1479 2634 de
1543 2570 1662 2645 iis,
1733 2568 1843 2652 qui
1892 2565 1972 2632 ad
2022 2566 2365 2651 antiquum
2416 2562 2720 2649 ingenium

373 2673 666 2741 redeunt.
763 2673 885 2740 Sed
949 2675 1230 2759 priorem
1294 2691 1553 2738 versum
1614 2692 1737 2737 non
1790 2671 2110 2756 intellego.
2208 2669 2424 2735 Libri:
2478 2670 2613 2734 hino
2649 2662 2722 2729 od

371 2802 471 2846 me
518 2780 664 2845 hinc
712 2780 875 2845 licet.
975 2776 1368 2844 Palmerius:
1439 2777 1524 2842 ad
1567 2796 1669 2842 me
1718 2776 1863 2842 hinc
1908 2776 2108 2852 ilicet,
2177 2795 2211 2840 a
2264 2775 2393 2860 qu‘o
2450 2770 2721 2841 receden-

369 2885 522 2950 dum
592 2904 715 2950 non
782 2891 945 2950 erat.
1045 2882 1270 2949 Verbis
1328 2902 1442 2968 per
1487 2902 1558 2947 se
1603 2880 1854 2957 dubiis,
1903 2881 2224 2948 sententia
2272 2889 2490 2946 tamen
2530 2891 2717 2944 neces·

374 2991 546 3057 saria
595 2985 893 3076 suppleo':

854 3119 1059 3145 ν-υ-
1115 3090 1264 3157 hinc
1314 3090 1393 3157 ad
1446 3111 1548 3157 me
1595 3088 1745 3157 hinc
1792 3112 2005 3157 omnes
2052 3089 2262 3156 ilicet:

843 3197 1265 3263 anu’rt'irsum
1317 3195 1396 3261 ad
1444 3194 1797 3262 armillum.

464 3299 838 3368 Occlamant
899 3302 1159 3388 quidam
1222 3303 1318 3379 ei,
1381 3303 1492 3386 qui
1553 3300 1708 3367 baec
1772 3309 2030 3378 narrat,
2097 3319 2304 3367 »anus
2358 3315 2609 3367 rursum
2650 3290 2716 3360 ad

375 3405 774 3476 armillum'’.
849 3407 1119 3473 Bassum
1166 3407 1230 3472 in
1282 3406 1457 3473 Leid.
1507 3414 1560 3472 1.
1604 3415 1736 3483 est,
1785 3415 2151 3474 correctum
2197 3405 2437 3493 (prima
2477 3397 2715 3483 manui)

370 3512 436 3577 in
487 3533 765 3578 mersum.
865 3512 931 3580 Si
981 3512 1300 3577 correctio
1341 3519 1441 3578 est
1490 3530 1719 3577 manus
1767 3513 2188 3589 recentioris,
2236 3518 2416 3578 certe
2463 3505 2718 3576 scriben-

374 3616 527 3682 dum
599 3638 871 3684 russum.
969 3616 1244 3701 Vulgata
1307 3616 1495 3682 lectio
1556 3625 1654 3682 est
1717 3618 1780 3682 in
1844 3616 2145 3682 omnibus
2210 3614 2520 3701 reliquiS,
2585 3626 2720 3698 quos

375 3723 559 3800 novi,
627 3721 831 3787 libris.
927 3721 1016 3788 De
1077 3743 1297 3787 rusum
1357 3729 1421 3787 et
1478 3742 1728 3786 russum
1775 3719 1857 3786 cl'.
1908 3720 2174 3789 Lacbm.
2240 3718 2325 3785 ad
2390 3721 2580 3788 Lucr.
2624 3714 2715 3782 lll.

383 3832 502 3904 44,
553 3826 824 3893 Ritscbl.
876 3824 1146 3912 Opuscc.
1195 3826 1252 3892 ΙΙ
1298 3847 1358 3913 p.
1409 3831 1577 3901 544,
1626 3825 1929 3892 Ribbeck.
1982 3827 2044 3891 in
2096 3824 2387 3913 prolegg.
2441 3825 2625 3909 Vei-g.
2670 3837 2717 3903 p·
2848 3859 2849 3902 ;

380 3936 508 3996 444
557 3940 622 3998 et
674 3937 820 3998 445.

653 4041 758 4102 41.
810 4038 1168 4103 Praetreito
1212 4036 1427 4122 tepido
1473 4035 1832 4121 glutinator
1877 4036 2151 4121 glutino.

467 4140 674 4224 Legas
724 4148 795 4206 ut
842 4150 941 4207 est
990 4143 1052 4206 in
1103 4141 1288 4207 libris
1331 4143 1698 4226 praeterito,
1745 4142 2202 4228 imperativum
2253 4161 2291 4206 a
2338 4139 2531 4206 verbo
2572 4128 2715 4223 quod
2848 4207 2849 4210 ,

375 4252 473 4310 est
509 4255 890 4330 praeterere,
955 4245 1122 4332 quod
1183 4245 1406 4313 lexicis
1464 4244 1851 4312 addendum.
1946 4245 2225 4332 Aucupii
2292 4252 2615 4333 praecepta
2658 4239 2713 4302 in

377 4350 574 4416 satira
623 4350 857 4417 merito
899 4352 1046 4435 quis
1093 4351 1403 4429 iniretur,
1456 4349 1568 4419 sed
1614 4350 1784 4420 haud
1822 4353 1956 4420 scio
1992 4372 2072 4419 an
2103 4349 2260 4418 haec
2285 4351 2526 4422 obceno
2544 4359 2709 4416 sensu
