2934 5050
1220 304 1572 355 somnum.
2449 289 2577 357 165

229 495 379 560 equo
437 474 722 540 Troiano.
815 471 1270 559 Neoptolemus
1324 473 1655 562 pugnandi
1710 473 1937 539 avidus
1993 476 2286 559 precibus
2343 477 2577 566 fatigat

227 576 549 667 Ulyssem,
609 585 687 644 ut
742 598 876 644 sese
938 580 1196 643 emittat
1253 578 1418 644 foras
1438 627 1455 656 ,
1521 577 1551 642 ὃ
1597 575 1661 643 δέ
1714 600 1799 656 με
1841 576 2028 656 μάλα
2072 578 2261 644 πόλλ’
2307 580 2575 647 ἱκέτευεν

227 684 470 749 ἱππόθεν
514 680 821 761 ἐξέμεναι.
889 682 964 746 In
1009 684 1191 747 cuius
1233 684 1439 770 igitur
1481 702 1678 748 manu
1723 687 1857 747 erat
1895 686 2009 747 aut
2045 683 2328 751 clausam
2365 692 2577 751 tenere

225 789 478 853 ianuam
521 793 635 853 aut
677 787 1000 853 recludere
1013 834 1032 864 ,
1092 805 1283 871 penes
1343 807 1494 852 eum
1538 793 1674 853 erat
1716 807 1971 852 summa
2012 790 2269 873 imperii
2313 794 2379 854 et
2423 793 2578 855 soci·

225 912 405 959 orum
448 895 586 958 vita
629 898 694 958 et
736 892 925 958 salus.
995 889 1120 957 Sed
1163 890 1391 957 molles
1436 897 1501 957 et
1546 890 1875 957 delicatuli
1911 890 2107 958 aulici
2142 893 2304 959 hanc
2343 896 2579 961 incom-

226 1003 356 1063 tam
420 997 903 1084 simplicitatem
967 1016 1093 1063 non
1159 998 1511 1081 capiebant.
1611 996 1785 1063 Audi
1850 994 2125 1063 alterum
2192 999 2581 1084 exemplum.

225 1100 446 1189 Odyss.
494 1102 581 1167 H.
628 1101 782 1167 225.

1216 1204 1420 1271 ἰδόντα
1464 1229 1550 1283 με
1594 1205 1700 1270 καὶ
1745 1205 1913 1271 λίποι
1960 1207 2105 1272 αἰών

491 1320 703 1386 κτῆσιν
751 1312 903 1389 ἑμὺν
946 1309 1156 1387 δμῶας
1204 1334 1274 1375 τε
1323 1309 1429 1376 καὶ
1477 1310 1780 1391 ὑψερεφὲς
1827 1311 2004 1390 μέγα
2050 1312 2249 1390 δῶμα.
2585 1350 2590 1355 -

309 1416 691 1505 Indignatur
747 1415 1218 1500 Aristophanes.
1314 1412 1525 1495 Quid?
1584 1413 1901 1481 Haeccine
1944 1419 2351 1502 potissimum
2398 1417 2587 1506 Ulys-

227 1540 358 1586 sem
385 1523 605 1587 videre
646 1526 934 1606 expetere
974 1524 1120 1586 ante
1159 1521 1375 1587 omnia
1412 1519 1627 1613 κτῆσίν
1663 1543 1733 1584 τε
1760 1518 1969 1597 δμῶάς
1995 1517 2103 1586 ‘tel
2142 1541 2269 1587 non
2290 1525 2587 1607 patriam,

228 1644 346 1691 non
388 1629 672 1691 uxorem!
714 1625 886 1691 Audi
928 1627 1181 1709 ipsum:
1221 1627 1661 1690 ’ἊΜΕΙΝΟΝ
1703 1619 1853 1690 *AN
1889 1622 2045 1690 ἨΝ

893 1728 1141 1810 πατρίδ’
1192 1728 1345 1808 ἐμὴν
1388 1725 1625 1809 ἄλοχόν
1668 1752 1761 1794 τε.
1791 1728 1841 1816 ¹)

228 1835 438 1919 κομιδῇ
497 1834 627 1917 γὰρ
687 1833 1090 1916 σμικρολόγος
1147 1834 1449 1913 Φαίνεται
1512 1831 1873 1913 προτασσων
1934 1840 2053 1900 τῶν
2104 1837 2432 1917 Φιλτοὶτων
2481 1839 2591 1913 τὴν

230 1946 458 2016 κτῆσιν,
520 1942 598 2012 ὥς
646 1938 821 2019 παρὰ
867 1937 1195 2019 Μενάνδρῳ
1243 1939 1570 2018 Σμικρίνης
1615 1938 1677 2002 ἐν
1723 1938 2205 2020 Ἐπιτρέπουσιν.
2298 1940 2399 2007 Ex
2442 1962 2594 2009 suae

232 2047 452 2109 aetatis
495 2043 760 2109 modulo
804 2045 1050 2109 animos
1094 2063 1167 2111 ac
1210 2046 1457 2108 mentes
1500 2048 1619 2107 τῶν
1664 2045 1859 2122 ἡρώων
1902 2045 2174 2109 metitur
2216 2050 2283 2110 et
2322 2045 2489 2111 nihil
2534 2048 2596 2112 ei

231 2151 528 2214 interesse
571 2148 828 2214 videtur
871 2146 1297 2213 Smicrinesne
1340 2146 1641 2232 loquatur
1683 2167 1763 2211 an
1808 2146 2010 2213 heros.
2080 2146 2596 2215 Ptolemaeorum

230 2273 411 2318 nemo
467 2272 785 2337 umquam
842 2254 935 2317 ita
987 2252 1286 2317 dixisset:
1352 2251 1535 2316 credo
1549 2298 1568 2328 ‚
1631 2250 1741 2317 sed
1801 2252 1956 2336 quid
2000 2251 2079 2317 ad
2122 2250 2482 2318 Homerum
2528 2253 2598 2319 id

233 2354 498 2423 attinet?
543 2356 830 2423 Eandem
874 2378 952 2422 ex
997 2361 1186 2422 cantu
1234 2376 1421 2422 avem
1463 2376 1762 2442 agnosces
1809 2354 2035 2443 Odyss.
2083 2368 2150 2422 Β.
2204 2354 2357 2421 133.

292 2500 297 2505 -
683 2461 870 2526 κακὸν
918 2460 981 2527 δέ
1025 2484 1108 2539 με
1154 2458 1340 2527 πόλλ’
1386 2461 1695 2527 ἀποτίνειν
1740 2461 1998 2544 Ἰκαρίῳ.
2361 2446 2367 2451 ’

234 2564 504 2651 simplex
547 2566 778 2631 horum
823 2566 1163 2632 verborum
1206 2567 1520 2632 sententia
1561 2553 1973 2651 Aristophani
2016 2567 2296 2631 indecora
2334 2575 2400 2633 et
2435 2571 2599 2635 into-

232 2669 484 2737 leranda
537 2671 679 2738 visa
735 2676 864 2736 est:
928 2671 979 2735 εί
1042 2669 1176 2750 περὶ
1221 2669 1567 2752 χρημάτων
1612 2670 1798 2748 ἔλεγε
1842 2669 2243 2752 σμικρολόγος
2288 2669 2366 2736 ἂν
2413 2672 2596 2753 ἐφαί-

234 2797 382 2840 νετο.
472 2774 697 2859 Itaque
753 2794 834 2839 ne
892 2774 961 2840 id
1018 2772 1197 2839 fieret
1253 2779 1654 2841 commentus
1712 2779 1808 2839 est
1860 2775 2313 2860 Aristophanes
2358 2776 2437 2842 de
2480 2796 2597 2842 suo

234 2877 578 2944 mirificum
623 2878 941 2963 quoddam
983 2883 1049 2944 et
1091 2881 1496 2963 perineptum
1544 2877 1915 2958 ὑπέρβασον,
1974 2879 2051 2944 de
2099 2898 2226 2963 quo
2267 2878 2433 2944 infra
2476 2882 2600 2945 erit

234 2982 475 3049 dicendi
516 2981 714 3048 locus.
784 2982 972 3048 Nunc
1019 2981 1324 3048 Zenodoti
1364 2987 1699 3066 peccatum
1743 3002 1821 3047 ex
1861 2983 2084 3048 eodem
2121 2981 2294 3048 fonte
2329 2982 2599 3048 ductum

230 3087 659 3173 inspiciamus.
752 3085 934 3152 Iliad.
982 3095 1050 3152 Γ.
1104 3086 1255 3152 422.

498 3190 852 3273 ἀμφίπολοι
901 3192 1015 3270 μὲν
1059 3190 1282 3257 ἔπειτα
1327 3191 1468 3263 θοῶς
1514 3190 1615 3256 ἐπὶ
1665 3189 1824 3272 ἔργα
1867 3190 2168 3274 τράποντο
2188 3242 2206 3267 ,

500 3298 538 3371 ἦ
586 3293 639 3360 δ’
686 3297 771 3369 είς
819 3294 1118 3377 ὑψόροφον
1165 3295 1447 3374 θάλαμον
1493 3295 1588 3361 κίε
1635 3295 1738 3361 δῖα
1783 3302 2102 3376 γυναικῶν.

500 3410 579 3483 τῇ
628 3400 683 3465 δ’
729 3398 852 3481 ἄρα
898 3399 1106 3480 δίφρον
1151 3402 1378 3465 ἑλοῦσα
1420 3402 1837 3482 Φιλομμειδὺς
1885 3401 2218 3483 Ἀφροδίτη

500 3505 663 3570 ἀντί’
712 3504 1134 3586 ’Λλεξάνδροιο
1180 3506 1290 3571 θεοὶ
1337 3504 1637 3581 κατέθηκε
1685 3504 1960 3586 Φέρουσα
1979 3527 1994 3543 ·

497 3606 640 3673 ἔνθα
684 3607 884 3690 κάθιζ’
933 3607 1146 3684 Ἑλένη
1194 3609 1368 3689 κούρη
1418 3608 1566 3683 Διὸς
1613 3608 1920 3689 αἰγιόχοιο

496 3714 641 3780 ὄσσε
686 3713 880 3780 πάλιν
926 3714 1229 3790 κλίνασα,
1279 3713 1457 3780 πόσιν
1505 3714 1557 3779 δ’
1604 3715 1878 3791 ἠνίπαπε
1913 3713 2103 3795 μύθῳ.

235 3819 309 3882 ad
351 3819 508 3885 haec
565 3821 958 3885 Aristonicus
1014 3822 1325 3906 excerpsit
1379 3840 1456 3885 ex
1501 3821 1853 3887 Aristarchi
1898 3821 2405 3886 commentariis:
2468 3819 2594 3885 ἀπὸ

307 4040 355 4101 1)
391 4037 580 4088 Sumsit
612 4037 725 4085 haec
756 4034 1098 4099 Aristophane·
1130 4050 1187 4084 ex
1224 4035 1368 4085 niul.
1402 4035 1460 4085 Ε.
1498 4036 1613 4084 213.

556 4115 795 4184 πατρίδ’
826 4115 962 4180 ἐμὴν
993 4113 1197 4180 ἄλοχόν
1231 4131 1294 4163 τε
1331 4115 1427 4164 καὶ
1462 4113 1733 4182 ὑψερεφὲς
1777 4113 1925 4180 μέγα
1961 4114 2138 4175 dina.

242 4202 309 4246 ut
339 4203 497 4248 autem
530 4198 812 4249 versiculus:

638 4282 827 4344 κτῆσιν
857 4277 992 4343 δμὴν
1026 4277 1210 4338 &uide
1242 4295 1305 4329 τε
1345 4279 1436 4328 καὶ
1474 4275 1743 4346 ὑψερεφές
1772 4277 1916 4344 μίγα
1952 4278 2127 4340 δῶμα.

245 4358 293 4407 in
324 4363 522 4426 utroque
554 4363 760 4412 carmine
798 4359 1062 4420 κυκλιιιῦς.
1098 4362 1193 4412 vid.
1232 4363 1372 4413 Iliad.
1409 4363 1475 4413 Τ.
1510 4362 1624 4413 333.
1662 4361 1833 4427 Odyss.
1866 4360 1944 4413 H.
1981 4363 2077 4412 225
2111 4366 2159 4410 et
2193 4362 2254 4411 T.
2282 4362 2396 4410 ⁶26.
