2934 5050
1227 310 1654 362 rnuornmm.
2510 289 2640 356 295

247 481 642 570 intelligeret
680 483 836 568 quid
875 489 1038 548 esset
1081 484 1416 560 γίγνεσθαί
1473 507 1586 547 τινι
1636 485 1734 548 ἐπὶ
1787 483 2082 566 τιμωρίᾳ,
2132 481 2547 560 παράδειγμα
2570 483 2639 546 in

247 591 598 653 orationem
658 589 901 655 intulit.
950 588 1367 671 παράδειγμα
1425 589 1527 654 ἐπὶ
1581 590 1842 673 τιμωρίᾳ
1900 590 2035 655 sine
2080 593 2445 674 temporum
2492 607 2633 652 oon-

244 694 495 759 fusione
540 695 669 759 diei
711 715 837 761 non
879 700 1088 781 potest
1104 743 1121 772 ,
1169 697 1320 782 quia
1362 696 1657 762 homines
1700 702 1839 760 ante
1880 695 2237 779 euppbioium
2284 693 2386 758 ἐπὶ
2434 713 2627 769 τιμω·

245 801 345 884 ρίᾳ
387 805 570 880 sunt,
615 802 909 887 embicio
953 803 1077 867 iam
1120 802 1324 889 affecti
1369 800 1782 883 παράδειγμα
1828 799 2008 866 fiunt.

333 904 412 972 V.
463 905 571 972 91.
634 906 905 986 Malim,
969 911 1037 974 οὐ
1096 910 1222 989 γὰρ
1283 909 1336 973 οἱ
1400 904 1702 988 ἄρχοντες
1749 904 1956 973 ἄλλων
2003 909 2083 972 ὦ.
2143 908 2246 971 καὶ
2296 918 2380 973 Λ.
2432 904 2625 972 οὕτω

245 1012 420 1078 δεινοὶ
467 1020 596 1087 τοῖς
645 1015 982 1088 νικηθεῖσιν.

331 1118 408 1183 V.
462 1119 571 1186 96.
622 1126 928 1186 Σκοποῦσι
976 1120 1028 1185 δ’
1074 1120 1240 1199 ὑμῶν
1287 1118 1474 1192 οὕτως
1523 1123 1575 1184 οἱ
1626 1121 1873 1195 ὑπήκοοι
1914 1120 1983 1185 τὸ
2025 1120 2181 1192 εἰκός
2210 1159 2317 1183 --.
2364 1119 2433 1183 τὸ
2476 1118 2629 1189 εἰκός

244 1228 297 1290 81
342 1227 594 1292 abesset
641 1247 830 1294 nemo
876 1226 1278 1294 desideraret.
1348 1227 1476 1292 Pro
1519 1227 1920 1292 similitudine
1958 1229 2158 1313 accipi
2198 1231 2445 1313 oportet
2459 1273 2475 1301 ‚
2522 1225 2630 1290 sed

241 1334 366 1418 ipsi
413 1334 583 1399 inter
628 1354 695 1399 se
740 1338 805 1399 et
829 1334 1317 1399 Atheniensium
1362 1336 1635 1400 colonias
1670 1332 1922 1399 nullam
1959 1353 2093 1398 esse
2135 1331 2629 1398 similitudinem

244 1439 654 1504 contendunt.

334 1543 410 1610 V.
461 1542 570 1611 9¹7.
618 1543 828 1617 ἄλλως
875 1568 945 1609 τε
991 1546 1098 1610 καὶ
1147 1550 1432 1620 νησιῶται
1483 1545 1899 1627 ναυκρατόρων
1946 1547 2050 1611 καὶ
2092 1545 2462 1626 ὦσθενέςεροι
2502 1546 2627 1610 ἑτέ·

242 1675 351 1730 ρων
412 1650 583 1722 ὄντες
648 1653 698 1715 εἰ
760 1653 850 1729 μὴ
912 1650 1338 1732 περιγένοισθε.
1423 1650 1662 1719 Misere
1709 1658 2042 1739 corruptus
2084 1651 2263 1717 loeus
2306 1657 2631 1738 perspecto

244 1757 396 1843 quid
460 1757 592 1823 dici
638 1763 924 1844 oporteat
968 1761 1124 1825 satis
1169 1764 1341 1825 certo
1387 1761 1743 1848 corrigetur
1756 1807 1773 1838 ,
1838 1758 2074 1831 ἄλλως
2097 1783 2169 1823 τε
2217 1759 2324 1825 καὶ
2373 1757 2634 1836 ναυκρά-

242 1885 405 1943 τορες
428 1913 446 1938 ,
502 1864 611 1928 οὐκ
657 1864 1027 1946 ἀσθενέστεροι
1078 1864 1288 1945 ἑτέρων
1334 1862 1521 1939 ὄντες.
1596 1864 1704 1932 Sic
1750 1865 2013 1931 demum
2062 1864 2227 1937 ὄντες
2266 1885 2305 1930 a
2344 1871 2627 1939 νησιῶται

241 1989 361 2035 303
423 1969 807 2036 distrahitur
821 2019 838 2049 ,
900 1991 1104 2057 neque
1161 1970 1576 2053 ναυκρατόρων
1621 1973 1717 2037 ibi
1765 1971 2001 2037 dicitur
2046 1972 2160 2037 ubi
2206 1991 2394 2037 nemo
2439 1992 2628 2036 sanus

240 2075 592 2162 quidquam
648 2083 897 2162 praeter
967 2079 1134 2156 ἡμῶν
1202 2077 1469 2143 dixisset
1526 2082 1592 2143 et
1656 2080 1764 2144 via
1817 2082 2067 2163 reperta
2127 2083 2224 2143 est
2285 2097 2411 2162 qua
2469 2075 2587 2141 1113
2606 2127 2624 2150 ,

241 2182 611 2262 &coevis-epm
663 2181 871 2264 ἐτέρων
919 2206 997 2251 ex
1041 2184 1318 2251 tenebris
1362 2187 1430 2248 in
1474 2185 1687 2250 lucem
1733 2189 2084 2273 emergant.

327 2288 403 2353 V.
473 2287 580 2354 99.
643 2284 763 2355 ὅσοι
828 2291 1159 2371 ammom!
1220 2313 1336 2355 που
1383 2288 1551 2361 ὄντες
1597 2292 1680 2370 τῷ
1730 2291 2012 2371 ἐλευθέρῳ
2061 2292 2297 2365 πολλὴν
2342 2290 2451 2362 τὴν
2500 2286 2628 2351 διοι-

241 2393 543 2471 μέλλησιν
606 2404 716 2471 τῆς
781 2397 925 2476 πρὸς
989 2395 1150 2474 ὑμᾶς
1217 2402 1514 2477 <banania
1579 2397 1951 2472 ποιήσονται.
2022 2398 2130 2477 Τῷ
2194 2393 2475 2476 ἐλευθέρῳ
2520 2395 2627 2461 vel

240 2500 409 2567 idem
458 2508 557 2567 est
600 2502 767 2587 quod
813 2501 914 2568 διὰ
962 2503 1031 2568 τὸ
1080 2501 1382 2584 ἐλεύθερον
1400 2553 1418 2577 .
1468 2502 1576 2570 vel
1623 2502 1880 2571 dativus
1924 2510 2020 2571 est
2060 2503 2228 2592 quod
2263 2508 2493 2570 vocant
2532 2505 2625 2566 in-

240 2609 601 2673 strumenti.
651 2607 774 2675 8οᾶ
812 2614 1116 2675 neutrum
1151 2610 1257 2675 hie
1294 2612 1621 2687 convenit3
1670 2630 1823 2675 nam
1845 2610 2108 2677 libertas
2131 2631 2254 2676 303
2277 2616 2373 2674 est
2395 2629 2582 2674 031183
2600 2656 2617 2686 ,

242 2731 348 2778 cur
390 2713 736 2781 3033111138
777 2717 1069 2782 civitates
1109 2736 1147 2782 3
1184 2716 1353 2782 bello
1392 2715 1884 2781 Atheniensium
1917 2717 2339 2783 abstinuerint
2354 2761 2371 2793 ,
2418 2735 2620 2799 neque

241 2817 397 2885 hane
462 2821 913 2886 abstinentiam
974 2822 1326 2887 faeih’orem
1387 2824 1468 2886 iis
1529 2821 1849 2887 reddebat.
1923 2819 2146 2886 Sermo
2185 2826 2283 2886 est
2329 2820 2408 2886 de
2450 2819 2583 2885 iJJis
2602 2868 2618 2896 ,

242 2921 358 2990 ὅσοι
403 2931 509 2991 νῦν
554 2927 899 3009 μηδετέροις
948 2926 1435 3010 ξυμμαχοῢσιν,
1485 2929 1598 3013 qui
1644 2930 1842 2993 etiam
1889 2928 1938 2991 οἱ
1988 2926 2276 3007 ἐλεύθεροι
2318 2925 2447 2992 (1101
2484 2945 2622 3012 Ρο8-

242 3036 404 3097 sunt.
479 3030 617 3097 Hos
661 3034 730 3098 13
776 3034 901 3100 (1110
946 3054 1179 3122 genera
1225 3033 1558 3112 dividunt;
1608 3029 1730 3099 ὅσοι
1774 3032 2106 3114 ἦπειρῶτοιί
2145 3055 2261 3097 που
2297 3031 2465 3105 ὄντες
2501 3037 2619 3095 τῶν

244 3136 593 3219 ἐλευθέρων,
657 3146 722 3205 et
783 3147 1108 3217 νησιῶται,
1177 3144 1319 3205 tum
1379 3141 1619 3205 iterum
1678 3136 1974 3214 νησιώταις
2036 3142 2103 3202 13
2166 3138 2503 3220 οὶνάρκτους
2559 3144 2623 3203 et

242 3244 405 3327 ἀρχῇ
457 3243 996 3326 παροξυνομένους.

328 3348 402 3415 V.
459 3350 609 3417 102.
659 3350 747 3418 ἔτι
790 3352 896 3417 καὶ
938 3360 1115 3428 effluat
1156 3351 1333 3425 ἐλπὶς
1372 3352 1563 3431 ὀρθῶς.
1615 3348 1969 3420 Graecitati
2004 3352 2291 3417 eonsules
2318 3350 2615 3439 legendo,

246 3452 329 3519 ἔτι
393 3457 512 3523 κᾶν
571 3467 748 3534 esium
813 3459 990 3532 ἐλπὶς
1055 3459 1273 3539 ὀρθοῖς,
1338 3460 1462 3523 3181
1511 3458 1747 3537 eredis,
1795 3458 1822 3521 ὅ
1871 3455 2054 3530 ἵππος
2105 3459 2274 3537 ὀρθῶς
2314 3452 2413 3530 οὖς
2462 3456 2621 3531 ἵςησι

249 3564 450 3646 ,feni
479 3564 712 3648 posse?

329 3667 402 3733 V.
467 3667 617 3735 103.
683 3670 859 3743 ἐλπὶς
923 3671 985 3735 δὲ
1050 3671 1294 3751 κινδύνῳ
1343 3669 1724 3750 παραμύθιον
1771 3667 1943 3736 οὖσα.
2021 3669 2161 3737 Imo
2208 3668 2470 3735 κινδύνου
2519 3669 2625 3734 vel

246 3773 549 3841 κινδύνων.
598 3796 752 3842 mox
805 3777 874 3842 in
921 3785 1046 3849 τοῖς
1094 3778 1148 3842 δ’
1197 3778 1255 3850 ἐς
1304 3773 1480 3841 ἅπαν
1527 3775 1597 3840 τὸ
1647 3774 1924 3857 ὑπάρχον
1974 3778 2465 3857 ὦναρριπτοῦσοι,
2516 3774 2621 3840 δαί·

248 3903 427 3955 πανος
476 3883 602 3964 γὰρ
652 3884 871 3963 Φύσει,
920 3882 1208 3949 nonnihil
1244 3882 1489 3947 haereo.
1561 3879 1989 3962 ’Λνοιρριπτεῖν
2026 3882 2295 3948 verbum
2335 3884 2619 3947 activum

247 4005 371 4050 esse
431 3994 705 4065 eonstat;
769 3990 836 4053 si
887 3991 1091 4076 igitur
1153 3989 1589 4054 accusativum
1648 3987 1931 4076 intelligi
1978 3989 2334 4075 putandum
2383 3993 2479 4052 est
2502 4035 2518 4063 ‚
2568 3991 2622 4051 is

247 4111 362 4155 non
423 4100 630 4179 potest
684 4116 816 4160 esse
862 4093 1026 4159 311118
1073 4116 1264 4180 quam
1314 4094 1560 4158 ἐλπίδα.
1634 4094 1730 4157 Ex
1774 4096 1875 4159 his
1923 4100 2289 4180 sequeretur
2332 4094 2623 4158 homines

246 4216 362 4261 non
408 4202 476 4265 τὸ
528 4200 806 4282 ὑπάρχον
855 4201 912 4272 ἐς
963 4203 1071 4275 την
1115 4201 1342 4266 ἐλπίδος
1390 4202 1814 4279 ἀναρριπτεῖν,
1866 4201 1975 4265 sed
2020 4202 2129 4273 τὴν
2178 4200 2405 4263 ἐλπίδος
2448 4200 2506 4269 ἐς
2552 4201 2620 4264 τὸ

250 4299 556 4383 ὑπάρχον,
613 4306 783 4391 quod
827 4309 883 4372 si
928 4305 1066 4372 fieri
1109 4309 1310 4392 possit
1355 4327 1482 4373 non
1527 4305 1713 4371 video
1759 4326 1885 4389 quo
1931 4308 2068 4370 iure
2113 4303 2384 4378 δάπανος
2432 4306 2620 4381 Φύσει

248 4406 481 4475 dicatur
499 4460 516 4489 ,
565 4415 799 4499 quippe
844 4434 1003 4498 quae
1050 4434 1174 4477 non
1208 4414 1430 4495 perdat
1477 4411 1585 4476 sed
1620 4419 1849 4493 pereat.
1925 4410 2236 4477 Tantasne
2284 4412 2501 4476 turbas
2548 4433 2626 4475 ex
