2934 5050
1232 306 1574 355 nomnch.
2461 293 2590 361 349

204 477 280 539 in
332 479 700 539 contextum
750 493 882 538 esse
927 481 1269 558 receptum.
1359 478 1431 541 In
1480 477 1703 565 Odyss.
1758 487 1829 540 Τ.
1883 475 2032 541 364.
2085 478 2592 566 Theoclymenus

211 579 301 644 ad
350 598 570 664 procos
614 581 706 643 ita
751 578 939 643 dicit:

486 682 845 762 Εὐρύμαχ’,
895 683 963 747 οὔ
1007 684 1072 747 τί
1116 685 1175 746 σ·’
1224 682 1438 763 ἄνωγα
1489 688 1620 765 ἐμοὶ
1670 694 1969 764 πομπῆας
2020 686 2289 766 ὀπάζειν.

488 786 608 853 εἶσί
653 810 757 864 μοι
805 787 1121 868 ὀφθαλμοί
1163 813 1233 853 τε
1280 791 1385 854 καὶ
1433 792 1632 857 οὔατα
1682 792 1785 858 καὶ
1831 793 2010 865 πόδες
2058 792 2297 874 ἄμφω,

489 890 623 975 [καὶ
674 889 798 964 νόος
849 893 908 956 ἒν
952 894 1195 969 effosam
1242 897 1622 974 τετυγμένος
1669 897 1833 963 οὐδὲν
1881 898 2146 982 &reensi-5]

485 1006 689 1062 TOIC
735 994 929 1075 ἔξειμι
978 997 1219 1081 θύραζε.

299 1100 443 1181 Quo
487 1101 755 1167 refertur
795 1110 917 1174 τοῖς
967 1106 1034 1167 in
1078 1112 1205 1178 τοῖς
1248 1103 1488 1183 eguus?
1534 1106 1637 1172 Ad
1676 1109 1970 1172 omniane
2007 1128 2168 1192 quae
2200 1109 2586 1192 praecedunt

195 1227 286 1271 an
335 1206 418 1271 ad
465 1205 642 1279 πόδες
692 1204 933 1288 buoso?
1000 1207 1145 1273 Non
1182 1215 1312 1287 est,
1361 1211 1580 1288 credo,
1631 1212 1825 1277 dubia
1854 1218 1927 1280 et
1965 1233 2191 1297 anceps
2215 1215 2407 1297 optio.
2456 1211 2582 1279 Sed

190 1315 256 1376 si
321 1313 403 1376 ad
462 1310 642 1386 πόδες
704 1311 903 1396 ἄμφω
963 1314 1261 1393 refertur,
1325 1316 1503 1381 nullo
1563 1317 1754 1382 modo
1806 1319 2040 1383 servari
2086 1319 2323 1403 poterit
2366 1319 2580 1403 inepte

190 1420 617 1502 interpositus
659 1417 1044 1483 versiculus:

481 1521 586 1585 καὶ
638 1521 758 1597 νόος
808 1525 867 1588 ἕν
916 1525 1160 1599 ςήθεο-σι
1208 1524 1582 1603 τετυγμένος
1631 1526 1794 1591 οὐδὲν
1843 1529 2095 1601 ἀεεικής.

1292 1836 1503 1909 XIII.

1015 2073 1398 2122 ARISTARGHI
1442 2073 1743 2123 BRRORBS.

284 2267 693 2333 Aristarchus
709 2311 727 2342 ,
792 2266 973 2331 cuius
1030 2283 1384 2351 numquam
1429 2289 1510 2332 ne
1552 2268 1825 2332 minima
1867 2265 2126 2352 quidem
2171 2268 2445 2352 suspicio
2490 2268 2568 2334 de

186 2375 434 2437 amissa
477 2374 737 2456 antiqua
780 2373 1144 2436 consonanti
1187 2369 1375 2436 litera
1420 2395 1448 2438 ι·
1490 2374 1558 2436 in
1604 2371 1993 2436 carminibus
2028 2368 2390 2438 Homericis
2435 2374 2565 2437 ani-

186 2497 383 2542 mum
441 2476 640 2542 subiit
653 2523 669 2553 ,
733 2475 1058 2542 interdum
1116 2494 1193 2540 ex
1252 2475 1446 2540 huius
1490 2478 1584 2542 rei
1627 2478 2024 2564 ignoratione
2069 2482 2181 2542 aut
2225 2479 2293 2542 in
2339 2479 2566 2542 consti-

188 2582 432 2647 tuenda
490 2581 759 2647 lectione
811 2585 924 2645 aut
965 2582 1033 2644 in
1079 2580 1438 2666 indaganda
1482 2584 1795 2647 sententia
1839 2586 2059 2668 poetae
2104 2584 2390 2669 graviter
2432 2580 2568 2666 Iap-

187 2707 303 2750 sus
365 2690 460 2751 est
520 2690 584 2751 et
641 2689 710 2750 in
767 2685 1137 2751 manifestos
1197 2705 1431 2751 errores
1494 2707 1560 2751 se
1624 2686 1856 2751 induit.
1928 2685 2003 2751 In
2048 2684 2231 2751 mad.
2280 2695 2356 2749 Θ.
2407 2684 2562 2750 526.

189 2811 399 2876 quum
446 2794 607 2856 esset
651 2793 721 2855 in
765 2789 949 2854 libris
994 2790 1321 2855 omnibus:

557 2894 827 2973 ἔλπομαι
875 2893 1208 2976 εὐχόμενος
1256 2896 1363 2959 Διί
1407 2897 1466 2959 τ’
1509 2891 1790 2958 ἄλλοισίν
1836 2917 1905 2958 τε
1955 2894 2167 2958 θεοῖσιν

556 2997 823 3076 ἐξελάαν
872 2999 1098 3063 ἐνθένδε
1144 2999 1331 3070 κύνας
1377 2984 1940 3080 κηρεσσιφορήτους.

281 3104 649 3169 Aristarcho
684 3102 929 3188 placuit
967 3104 1043 3169 de
1082 3123 1196 3168 suo
1232 3124 1531 3190 reponere
1575 3112 1886 3181 ΕΤΧομαι
1914 3101 2343 3181 ἘΛΠόμενος.
2391 3105 2564 3169 Audi

183 3211 658 3274 Aristonicum:
710 3210 744 3283 ἦ
793 3210 980 3283 διπλῆ
1033 3208 1515 3296 (περιεςιγμὲνη)
1566 3202 1655 3272 ὅτι
1701 3205 2023 3281 Ζηνόδοτος
2065 3205 2298 3290 γράφει
2338 3206 2563 3274 ἔλπο·

185 3337 342 3391 μαι
409 3316 489 3378 εὖ
505 3312 606 3393 χό
621 3336 888 3391 μενος.
948 3316 1013 3378 οὐ
1061 3311 1229 3379 κατὰ
1279 3315 1380 3378 τὸν
1425 3316 1697 3393 Ἕκτορα
1746 3312 1807 3377 δὲ
1852 3315 1955 3379 τὸν
2001 3310 2187 3385 οὕτως
2234 3313 2564 3394 ἐπηρμένον

182 3418 429 3496 λέγειν·
492 3416 795 3497 ἐλπίζω
861 3418 1314 3499 εὐχόμενος
1375 3427 1501 3491 τοῖς
1550 3420 1737 3490 θεοῖς·
1804 3418 2064 3489 ἐπιεικὲς
2112 3415 2271 3498 γάρ·
2321 3420 2563 3483 τούναν-

183 3524 313 3589 τίον
378 3522 506 3603 γὰρ
552 3523 762 3588 οἰκεῖον
809 3522 1172 3601 εὔχομαι
1220 3522 1708 3600 ἐλπόμενος,
1769 3530 2107 3605 καυχῶμαι
2155 3523 2563 3589 &memma-

184 3652 365 3708 μενος
416 3628 532 3693 ὑπὸ
580 3633 686 3693 τοῦ
738 3627 882 3699 Διὸς
932 3626 1036 3691 καὶ
1085 3634 1200 3691 τῶν
1246 3624 1455 3693 ἄλλων
1504 3629 1663 3692 θεῶν.
1734 3627 2151 3713 Perspicuum
2198 3635 2294 3694 est
2339 3631 2408 3692 in
2445 3628 2564 3694 tali

181 3755 253 3800 re
303 3733 626 3808 Ζηνόδοτος
672 3731 909 3815 γράφει
956 3730 1312 3819 significare
1354 3732 1517 3798 hanc
1565 3753 1698 3797 esse
1736 3733 2073 3819 vulgatam
2109 3732 2415 3799 librorum
2457 3754 2564 3801 ve·

184 3847 401 3905 terum
461 3840 874 3923 scripturam,
945 3857 1139 3923 quam
1197 3838 1604 3902 Aristarchus
1667 3840 1779 3902 aut
1847 3859 1925 3903 ex
1996 3837 2140 3902 aliis
2209 3838 2392 3904 libris
2452 3845 2565 3903 aut

185 3946 385 4010 etiam
447 3965 526 4008 ex
584 3945 844 4030 ingenio
905 3945 972 4005 in
1036 3941 1230 4006 aliam
1291 3944 1659 4007 mutaverit.
1748 3944 1836 4006 At
1895 3963 2062 4007 nunc
2108 3943 2366 4028 quidem
2412 3963 2562 4007 eum

181 4051 349 4114 ratio
411 4048 603 4135 fugit.
690 4047 860 4126 Quid
921 4050 1006 4111 sit
1063 4045 1359 4111 Hectoris
1418 4049 1676 4133 ingenio
1742 4049 1954 4132 magis
2014 4047 2563 4112 accommodatum

184 4151 453 4237 (οἰκεῖον)
521 4150 765 4236 liquido
828 4149 1074 4216 definiri
1135 4171 1258 4215 non
1318 4155 1561 4236 potest:
1627 4172 1816 4215 suum
1878 4153 2142 4237 quisque
2202 4154 2270 4215 in
2324 4152 2562 4218 talibus

184 4277 444 4322 sensum
508 4259 827 4341 sequitur,
891 4278 1094 4341 neque
1153 4260 1337 4321 acuto
1382 4255 1631 4321 homini
1675 4276 1983 4340 umquam
2030 4255 2279 4322 deficiet
2324 4260 2523 4323 oratio
2541 4304 2558 4334 ,

184 4362 379 4427 donec
445 4381 592 4424 eum
657 4362 993 4446 redarguat
1054 4365 1295 4427 acutior
1357 4361 1533 4425 alter.
1610 4360 1793 4426 Nihil
1860 4363 1947 4425 sic
2016 4361 2376 4445 proficitur:
2454 4363 2563 4427 sed
