<?xml version="1.0" encoding="UTF-8"?>
<!DOCTYPE html PUBLIC "-//W3C//DTD XHTML 1.0 Transitional//EN"
    "http://www.w3.org/TR/xhtml1/DTD/xhtml1-transitional.dtd">
<html xmlns="http://www.w3.org/1999/xhtml" xml:lang="en" lang="en">
 <head>
  <title>
</title>
<meta http-equiv="Content-Type" content="text/html;charset=utf-8" />
  <meta name='ocr-system' content='tesseract 3.04.00' />
  <meta name='ocr-capabilities' content='ocr_page ocr_carea ocr_par ocr_line ocrx_word'/>
</head>
<body>
  <div class='ocr_page' id='page_1' title='image "./mnemosynebiblio09servgoog/mnemosynebiblio09servgoog_0462.png"; bbox 0 0 2934 5050; ppageno 0'>
   <div class='ocr_carea' id='block_1_1' title="bbox 408 276 1941 344">
    <p class='ocr_par' dir='ltr' id='par_1_1' title="bbox 408 276 1941 344">
     <span class='ocr_line' id='line_1_1' title="bbox 408 276 1941 344; baseline 0.004 -6"><span class='ocrx_word' id='word_1_1' title='bbox 408 276 538 339; x_wconf 74' lang='lat'><strong>406</strong></span> <span class='ocrx_word' id='word_1_2' title='bbox 1260 295 1660 344; x_wconf 54' lang='lat' dir='ltr'><strong>communes</strong></span> <span class='ocrx_word' id='word_1_3' title='bbox 1711 298 1941 344; x_wconf 69' lang='grc' dir='ltr'><strong>ιΑτιπΛ.</strong></span> 
     </span>
    </p>
   </div>
   <div class='ocr_carea' id='block_1_2' title="bbox 408 459 2747 659">
    <p class='ocr_par' dir='ltr' id='par_1_2' title="bbox 408 459 2747 659">
     <span class='ocr_line' id='line_1_2' title="bbox 411 459 2747 553; baseline 0.002 -29"><span class='ocrx_word' id='word_1_4' title='bbox 411 460 493 524; x_wconf 90' lang='lat' dir='ltr'><strong>iis</strong></span> <span class='ocrx_word' id='word_1_5' title='bbox 538 477 704 545; x_wconf 89' lang='lat' dir='ltr'><strong>quae</strong></span> <span class='ocrx_word' id='word_1_6' title='bbox 764 468 950 545; x_wconf 86' lang='lat' dir='ltr'><strong>poeta</strong></span> <span class='ocrx_word' id='word_1_7' title='bbox 1016 459 1310 540; x_wconf 78' lang='lat' dir='ltr'>dixerat,</span> <span class='ocrx_word' id='word_1_8' title='bbox 1375 463 1601 530; x_wconf 79' lang='lat' dir='ltr'><strong>Decios</strong></span> <span class='ocrx_word' id='word_1_9' title='bbox 1663 465 1964 550; x_wconf 77' lang='lat' dir='ltr'><strong>quamvis</strong></span> <span class='ocrx_word' id='word_1_10' title='bbox 2021 464 2263 552; x_wconf 83' lang='lat' dir='ltr'><strong>plebeio</strong></span> <span class='ocrx_word' id='word_1_11' title='bbox 2327 487 2553 553; x_wconf 81' lang='lat' dir='ltr'>genere</span> <span class='ocrx_word' id='word_1_12' title='bbox 2599 472 2747 530; x_wconf 75' lang='lat' dir='ltr'><strong>natos</strong></span> 
     </span>
     <span class='ocr_line' id='line_1_3' title="bbox 408 562 2744 659; baseline 0.002 -30"><span class='ocrx_word' id='word_1_13' title='bbox 408 570 591 630; x_wconf 84' lang='lat' dir='ltr'><strong>tanta</strong></span> <span class='ocrx_word' id='word_1_14' title='bbox 637 562 841 631; x_wconf 75' lang='lat' dir='ltr'><strong>fuisse</strong></span> <span class='ocrx_word' id='word_1_15' title='bbox 887 569 1326 652; x_wconf 76' lang='lat' dir='ltr'><strong>praestantia,</strong></span> <span class='ocrx_word' id='word_1_16' title='bbox 1380 576 1449 634; x_wconf 91' lang='lat' dir='ltr'><strong>ut</strong></span> <span class='ocrx_word' id='word_1_17' title='bbox 1497 567 1599 634; x_wconf 88' lang='lat' dir='ltr'><strong>dis</strong></span> <span class='ocrx_word' id='word_1_18' title='bbox 1646 567 1874 636; x_wconf 82' lang='lat' dir='ltr'><strong>inferis</strong></span> <span class='ocrx_word' id='word_1_19' title='bbox 1915 589 2141 637; x_wconf 85' lang='lat' dir='ltr'><strong>eorum</strong></span> <span class='ocrx_word' id='word_1_20' title='bbox 2190 571 2446 640; x_wconf 85' lang='lat' dir='ltr'><strong>devotio</strong></span> <span class='ocrx_word' id='word_1_21' title='bbox 2499 591 2603 659; x_wconf 83' lang='lat' dir='ltr'><strong>pro</strong></span> <span class='ocrx_word' id='word_1_22' title='bbox 2643 576 2744 634; x_wconf 87' lang='lat' dir='ltr'><strong>toto</strong></span> 
     </span>
    </p>
   </div>
   <div class='ocr_carea' id='block_1_3' title="bbox 270 669 2740 767">
    <p class='ocr_par' dir='ltr' id='par_1_3' title="bbox 270 669 2740 767">
     <span class='ocr_line' id='line_1_4' title="bbox 270 669 2740 767; baseline -0.001 -27"><span class='ocrx_word' id='word_1_23' title='bbox 270 732 278 740; x_wconf 90' lang='lat'><em>.</em></span> <span class='ocrx_word' id='word_1_24' title='bbox 408 669 700 735; x_wconf 86' lang='lat' dir='ltr'><strong>exercitu</strong></span> <span class='ocrx_word' id='word_1_25' title='bbox 743 670 1032 738; x_wconf 82' lang='lat' dir='ltr'><strong>Romano</strong></span> <span class='ocrx_word' id='word_1_26' title='bbox 1070 671 1373 741; x_wconf 80' lang='lat' dir='ltr'><strong>sufficere</strong></span> <span class='ocrx_word' id='word_1_27' title='bbox 1419 675 1556 740; x_wconf 83' lang='lat' dir='ltr'><strong>visa</strong></span> <span class='ocrx_word' id='word_1_28' title='bbox 1597 675 1704 740; x_wconf 89' lang='lat' dir='ltr'><strong>sit.</strong></span> <span class='ocrx_word' id='word_1_29' title='bbox 1802 675 1934 740; x_wconf 84' lang='lat' dir='ltr'><strong>Hoc</strong></span> <span class='ocrx_word' id='word_1_30' title='bbox 1976 676 2116 742; x_wconf 89' lang='lat' dir='ltr'><strong>loco</strong></span> <span class='ocrx_word' id='word_1_31' title='bbox 2155 675 2384 745; x_wconf 73' lang='lat' dir='ltr'><strong>rhetor</strong></span> <span class='ocrx_word' id='word_1_32' title='bbox 2423 671 2740 767; x_wconf 80' lang='lat' dir='ltr'><strong>(Iuvenalis)</strong></span> 
     </span>
    </p>
   </div>
   <div class='ocr_carea' id='block_1_4' title="bbox 406 772 2745 4423">
    <p class='ocr_par' dir='ltr' id='par_1_4' title="bbox 409 772 2649 1279">
     <span class='ocr_line' id='line_1_5' title="bbox 409 772 2649 870; baseline 0.002 -32"><span class='ocrx_word' id='word_1_33' title='bbox 409 790 643 856; x_wconf 83' lang='lat' dir='ltr'><strong>poenas</strong></span> <span class='ocrx_word' id='word_1_34' title='bbox 691 772 812 840; x_wconf 93' lang='lat' dir='ltr'><strong>luit</strong></span> <span class='ocrx_word' id='word_1_35' title='bbox 858 775 1261 862; x_wconf 74' lang='lat' dir='ltr'><strong>magistello,</strong></span> <span class='ocrx_word' id='word_1_36' title='bbox 1309 776 1504 844; x_wconf 87' lang='lat' dir='ltr'><strong>verba</strong></span> <span class='ocrx_word' id='word_1_37' title='bbox 1552 779 1696 844; x_wconf 88' lang='lat' dir='ltr'><strong>eius</strong></span> <span class='ocrx_word' id='word_1_38' title='bbox 1743 778 1824 844; x_wconf 82' lang='lat' dir='ltr'><strong>ed</strong></span> <span class='ocrx_word' id='word_1_39' title='bbox 1871 779 2132 847; x_wconf 79' lang='lat' dir='ltr'>literam</span> <span class='ocrx_word' id='word_1_40' title='bbox 2188 780 2649 870; x_wconf 72' lang='lat' dir='ltr'><strong>interpretanti.</strong></span> 
     </span>
     <span class='ocr_line' id='line_1_6' title="bbox 1248 881 1916 970; baseline 0.001 -22"><span class='ocrx_word' id='word_1_41' title='bbox 1248 881 1410 948; x_wconf 76' lang='lat' dir='ltr'><strong>Sat.</strong></span> <span class='ocrx_word' id='word_1_42' title='bbox 1461 882 1544 961; x_wconf 82' lang='lat' dir='ltr'><strong>X,</strong></span> <span class='ocrx_word' id='word_1_43' title='bbox 1595 887 1680 948; x_wconf 76' lang='lat'><strong>25</strong></span> <span class='ocrx_word' id='word_1_44' title='bbox 1732 904 1916 970; x_wconf 81' lang='lat' dir='ltr'><strong>sqq.:</strong></span> 
     </span>
     <span class='ocr_line' id='line_1_7' title="bbox 1379 986 2383 1056; baseline 0.004 -5"><span class='ocrx_word' id='word_1_45' title='bbox 1379 986 1491 1052; x_wconf 91' lang='lat' dir='ltr'><strong>sed</strong></span> <span class='ocrx_word' id='word_1_46' title='bbox 1539 987 1715 1054; x_wconf 87' lang='lat' dir='ltr'><strong>nulla</strong></span> <span class='ocrx_word' id='word_1_47' title='bbox 1762 990 2016 1055; x_wconf 86' lang='lat' dir='ltr'><strong>aconita</strong></span> <span class='ocrx_word' id='word_1_48' title='bbox 2063 989 2383 1056; x_wconf 83' lang='lat' dir='ltr'><strong>bibuntur</strong></span> 
     </span>
     <span class='ocr_line' id='line_1_8' title="bbox 727 1087 2412 1181; baseline 0.006 -28"><span class='ocrx_word' id='word_1_49' title='bbox 727 1087 1056 1165; x_wconf 77' lang='lat' dir='ltr'><strong>fictilibus:</strong></span> <span class='ocrx_word' id='word_1_50' title='bbox 1108 1099 1265 1158; x_wconf 86' lang='lat' dir='ltr'><strong>tunc</strong></span> <span class='ocrx_word' id='word_1_51' title='bbox 1316 1090 1423 1157; x_wconf 86' lang='lat' dir='ltr'><strong>illa</strong></span> <span class='ocrx_word' id='word_1_52' title='bbox 1474 1093 1665 1169; x_wconf 90' lang='lat' dir='ltr'><strong>time,</strong></span> <span class='ocrx_word' id='word_1_53' title='bbox 1716 1113 1868 1159; x_wconf 87' lang='lat' dir='ltr'><strong>cum</strong></span> <span class='ocrx_word' id='word_1_54' title='bbox 1917 1094 2146 1181; x_wconf 81' lang='lat' dir='ltr'><strong>pocula</strong></span> <span class='ocrx_word' id='word_1_55' title='bbox 2192 1114 2412 1163; x_wconf 80' lang='lat' dir='ltr'><strong>sumes</strong></span> 
     </span>
     <span class='ocr_line' id='line_1_9' title="bbox 721 1196 2356 1279; baseline 0.003 -19"><span class='ocrx_word' id='word_1_56' title='bbox 721 1204 1049 1279; x_wconf 79' lang='lat' dir='ltr'><strong>gemmata</strong></span> <span class='ocrx_word' id='word_1_57' title='bbox 1095 1206 1162 1263; x_wconf 83' lang='lat' dir='ltr'><strong>ct</strong></span> <span class='ocrx_word' id='word_1_58' title='bbox 1208 1216 1362 1263; x_wconf 73' lang='lat' dir='ltr'><strong>uro</strong></span> <span class='ocrx_word' id='word_1_59' title='bbox 1407 1196 1707 1265; x_wconf 75' lang='lat' dir='ltr'><strong>Setinum</strong></span> <span class='ocrx_word' id='word_1_60' title='bbox 1757 1197 2012 1265; x_wconf 78' lang='lat' dir='ltr'><strong>ardebit</strong></span> <span class='ocrx_word' id='word_1_61' title='bbox 2059 1201 2126 1265; x_wconf 90' lang='lat' dir='ltr'><strong>in</strong></span> <span class='ocrx_word' id='word_1_62' title='bbox 2175 1217 2356 1266; x_wconf 71' lang='lat' dir='ltr'><strong>auro.</strong></span> 
     </span>
    </p>

    <p class='ocr_par' dir='ltr' id='par_1_5' title="bbox 408 1298 2744 1596">
     <span class='ocr_line' id='line_1_10' title="bbox 499 1298 2744 1391; baseline -0 -26"><span class='ocrx_word' id='word_1_63' title='bbox 499 1298 660 1367; x_wconf 72' lang='lat' dir='ltr'><strong>Mire</strong></span> <span class='ocrx_word' id='word_1_64' title='bbox 719 1317 874 1366; x_wconf 79' lang='lat' dir='ltr'><strong>sane</strong></span> <span class='ocrx_word' id='word_1_65' title='bbox 936 1298 1184 1368; x_wconf 86' lang='lat' dir='ltr'><strong>dictum</strong></span> <span class='ocrx_word' id='word_1_66' title='bbox 1249 1303 1446 1368; x_wconf 76' lang='lat' dir='ltr'><strong>latum</strong></span> <span class='ocrx_word' id='word_1_67' title='bbox 1508 1323 1739 1368; x_wconf 71' lang='lat' dir='ltr'><strong>aunam</strong></span> <span class='ocrx_word' id='word_1_68' title='bbox 1800 1321 1918 1389; x_wconf 86' lang='lat' dir='ltr'><strong>pro</strong></span> <span class='ocrx_word' id='word_1_69' title='bbox 1963 1306 2216 1390; x_wconf 68' lang='lat' dir='ltr'><strong>maqnis</strong></span> <span class='ocrx_word' id='word_1_70' title='bbox 2253 1305 2499 1391; x_wconf 52' lang='lat' dir='ltr'><strong>pecul&amp;</strong></span> <span class='ocrx_word' id='word_1_71' title='bbox 2535 1302 2744 1371; x_wconf 56' lang='lat' dir='ltr'><strong>aum!</strong></span> 
     </span>
     <span class='ocr_line' id='line_1_11' title="bbox 408 1403 2743 1494; baseline 0 -24"><span class='ocrx_word' id='word_1_72' title='bbox 408 1403 793 1490; x_wconf 74' lang='lat' dir='ltr'><strong>Exemplum</strong></span> <span class='ocrx_word' id='word_1_73' title='bbox 854 1413 1032 1472; x_wconf 81' lang='lat' dir='ltr'><strong>certe</strong></span> <span class='ocrx_word' id='word_1_74' title='bbox 1094 1406 1357 1493; x_wconf 82' lang='lat' dir='ltr'><strong>requiro</strong></span> <span class='ocrx_word' id='word_1_75' title='bbox 1416 1406 1613 1473; x_wconf 83' lang='lat' dir='ltr'><strong>huius</strong></span> <span class='ocrx_word' id='word_1_76' title='bbox 1660 1405 1962 1474; x_wconf 83' lang='lat' dir='ltr'><strong>adiectivi</strong></span> <span class='ocrx_word' id='word_1_77' title='bbox 2013 1428 2279 1494; x_wconf 81' lang='lat' dir='ltr'><strong>prorsus</strong></span> <span class='ocrx_word' id='word_1_78' title='bbox 2326 1410 2421 1477; x_wconf 86' lang='lat' dir='ltr'><strong>sic</strong></span> <span class='ocrx_word' id='word_1_79' title='bbox 2473 1405 2743 1493; x_wconf 74' lang='lat' dir='ltr'><strong>usurpati.</strong></span> 
     </span>
     <span class='ocr_line' id='line_1_12' title="bbox 413 1505 2246 1596; baseline 0.004 -24"><span class='ocrx_word' id='word_1_80' title='bbox 413 1505 613 1575; x_wconf 81' lang='lat' dir='ltr'><strong>Valde</strong></span> <span class='ocrx_word' id='word_1_81' title='bbox 658 1505 1111 1588; x_wconf 86' lang='lat' dir='ltr'><strong>abblanditur,</strong></span> <span class='ocrx_word' id='word_1_82' title='bbox 1158 1509 1329 1596; x_wconf 88' lang='lat' dir='ltr'><strong>quod</strong></span> <span class='ocrx_word' id='word_1_83' title='bbox 1378 1510 1541 1577; x_wconf 87' lang='lat' dir='ltr'><strong>mihi</strong></span> <span class='ocrx_word' id='word_1_84' title='bbox 1589 1512 1766 1578; x_wconf 89' lang='lat' dir='ltr'><strong>venit</strong></span> <span class='ocrx_word' id='word_1_85' title='bbox 1812 1513 1879 1577; x_wconf 89' lang='lat' dir='ltr'><strong>in</strong></span> <span class='ocrx_word' id='word_1_86' title='bbox 1927 1522 2246 1579; x_wconf 80' lang='lat' dir='ltr'><strong>mentem:</strong></span> 
     </span>
    </p>

    <p class='ocr_par' dir='ltr' id='par_1_6' title="bbox 505 1614 2245 1914">
     <span class='ocr_line' id='line_1_13' title="bbox 955 1614 2245 1683; baseline 0 -2"><span class='ocrx_word' id='word_1_87' title='bbox 955 1622 1022 1681; x_wconf 91' lang='lat' dir='ltr'><strong>et</strong></span> <span class='ocrx_word' id='word_1_88' title='bbox 1067 1635 1259 1681; x_wconf 62' lang='lat' dir='ltr'><strong>ruvo</strong></span> <span class='ocrx_word' id='word_1_89' title='bbox 1307 1614 1603 1683; x_wconf 80' lang='lat' dir='ltr'><strong>Setinum</strong></span> <span class='ocrx_word' id='word_1_90' title='bbox 1653 1615 1905 1683; x_wconf 81' lang='lat' dir='ltr'><strong>ardebit</strong></span> <span class='ocrx_word' id='word_1_91' title='bbox 1952 1618 2016 1682; x_wconf 90' lang='lat' dir='ltr'><strong>in</strong></span> <span class='ocrx_word' id='word_1_92' title='bbox 2068 1636 2245 1683; x_wconf 87' lang='lat' dir='ltr'><strong>auro.</strong></span> 
     </span>
     <span class='ocr_line' id='line_1_14' title="bbox 505 1715 1377 1804; baseline 0.005 -22"><span class='ocrx_word' id='word_1_93' title='bbox 505 1715 596 1783; x_wconf 78' lang='lat' dir='ltr'><strong>Cf.</strong></span> <span class='ocrx_word' id='word_1_94' title='bbox 647 1717 836 1804; x_wconf 83' lang='lat' dir='ltr'><strong>Verg.</strong></span> <span class='ocrx_word' id='word_1_95' title='bbox 887 1720 1048 1788; x_wconf 83' lang='lat' dir='ltr'><strong>Aen.</strong></span> <span class='ocrx_word' id='word_1_96' title='bbox 1100 1725 1169 1799; x_wconf 91' lang='grc' dir='ltr'><strong>Ι,</strong></span> <span class='ocrx_word' id='word_1_97' title='bbox 1223 1725 1377 1788; x_wconf 77' lang='lat'>592.</span> 
     </span>
     <span class='ocr_line' id='line_1_15' title="bbox 1274 1824 1925 1914; baseline 0.002 -24"><span class='ocrx_word' id='word_1_98' title='bbox 1274 1824 1518 1892; x_wconf 79' lang='lat' dir='ltr'><strong>[bidem</strong></span> <span class='ocrx_word' id='word_1_99' title='bbox 1588 1832 1715 1893; x_wconf 83' lang='lat'><strong>140</strong></span> <span class='ocrx_word' id='word_1_100' title='bbox 1761 1847 1925 1914; x_wconf 62' lang='grc' dir='ltr'><strong>τηεμ</strong></span> 
     </span>
    </p>

    <p class='ocr_par' dir='ltr' id='par_1_7' title="bbox 642 1929 2503 2532">
     <span class='ocr_line' id='line_1_16' title="bbox 1138 1929 2405 2015; baseline 0 -20"><span class='ocrx_word' id='word_1_101' title='bbox 1138 1938 1322 1996; x_wconf 86' lang='lat' dir='ltr'><strong>tanto</strong></span> <span class='ocrx_word' id='word_1_102' title='bbox 1368 1931 1574 1996; x_wconf 87' lang='lat' dir='ltr'><strong>maior</strong></span> <span class='ocrx_word' id='word_1_103' title='bbox 1619 1929 1828 1997; x_wconf 76' lang='lat' dir='ltr'><strong>famae</strong></span> <span class='ocrx_word' id='word_1_104' title='bbox 1874 1929 2019 1996; x_wconf 87' lang='lat' dir='ltr'><strong>sitis</strong></span> <span class='ocrx_word' id='word_1_105' title='bbox 2064 1937 2163 1995; x_wconf 84' lang='lat' dir='ltr'><strong>est</strong></span> <span class='ocrx_word' id='word_1_106' title='bbox 2210 1948 2405 2015; x_wconf 87' lang='lat' dir='ltr'><strong>quam</strong></span> 
     </span>
     <span class='ocr_line' id='line_1_17' title="bbox 642 2035 2503 2121; baseline 0.002 -23"><span class='ocrx_word' id='word_1_107' title='bbox 642 2036 969 2101; x_wconf 67' lang='lat' dir='ltr'><strong>&#39;virtutis</strong></span> <span class='ocrx_word' id='word_1_108' title='bbox 1022 2035 1167 2121; x_wconf 87' lang='lat' dir='ltr'><strong>quis</strong></span> <span class='ocrx_word' id='word_1_109' title='bbox 1211 2035 1385 2101; x_wconf 89' lang='lat' dir='ltr'><strong>enim</strong></span> <span class='ocrx_word' id='word_1_110' title='bbox 1435 2036 1744 2101; x_wconf 81' lang='lat' dir='ltr'><strong>virtutem</strong></span> <span class='ocrx_word' id='word_1_111' title='bbox 1794 2035 2211 2121; x_wconf 76' lang='lat' dir='ltr'><strong>amplectitur</strong></span> <span class='ocrx_word' id='word_1_112' title='bbox 2259 2036 2503 2120; x_wconf 80' lang='lat' dir='ltr'><strong>ipsam,</strong></span> 
     </span>
     <span class='ocr_line' id='line_1_18' title="bbox 682 2139 2404 2227; baseline 0.001 -22"><span class='ocrx_word' id='word_1_113' title='bbox 682 2139 971 2227; x_wconf 83' lang='lat' dir='ltr'><strong>praemia</strong></span> <span class='ocrx_word' id='word_1_114' title='bbox 1013 2141 1068 2206; x_wconf 91' lang='lat' dir='ltr'><strong>si</strong></span> <span class='ocrx_word' id='word_1_115' title='bbox 1116 2139 1343 2206; x_wconf 78' lang='lat' dir='ltr'><strong>tollas?</strong></span> <span class='ocrx_word' id='word_1_116' title='bbox 1395 2140 1670 2227; x_wconf 82' lang='lat' dir='ltr'><strong>patriam</strong></span> <span class='ocrx_word' id='word_1_117' title='bbox 1722 2149 1938 2207; x_wconf 87' lang='lat' dir='ltr'><strong>tamen</strong></span> <span class='ocrx_word' id='word_1_118' title='bbox 1981 2139 2202 2205; x_wconf 87' lang='lat' dir='ltr'><strong>obruit</strong></span> <span class='ocrx_word' id='word_1_119' title='bbox 2246 2140 2404 2206; x_wconf 87' lang='lat' dir='ltr'><strong>olim</strong></span> 
     </span>
     <span class='ocr_line' id='line_1_19' title="bbox 681 2242 2285 2332; baseline 0.002 -24"><span class='ocrx_word' id='word_1_120' title='bbox 681 2242 885 2330; x_wconf 79' lang='lat' dir='ltr'><strong>gloria</strong></span> <span class='ocrx_word' id='word_1_121' title='bbox 932 2264 1285 2332; x_wconf 82' lang='lat' dir='ltr'><strong>paucorum</strong></span> <span class='ocrx_word' id='word_1_122' title='bbox 1330 2253 1400 2310; x_wconf 84' lang='lat' dir='ltr'><strong>et</strong></span> <span class='ocrx_word' id='word_1_123' title='bbox 1445 2243 1658 2311; x_wconf 87' lang='lat' dir='ltr'><strong>laudis</strong></span> <span class='ocrx_word' id='word_1_124' title='bbox 1707 2245 2009 2332; x_wconf 79' lang='lat' dir='ltr'><strong>titulique</strong></span> <span class='ocrx_word' id='word_1_125' title='bbox 2050 2245 2285 2332; x_wconf 82' lang='lat' dir='ltr'><strong>cupido</strong></span> 
     </span>
     <span class='ocr_line' id='line_1_20' title="bbox 684 2347 2324 2436; baseline 0.001 -23"><span class='ocrx_word' id='word_1_126' title='bbox 684 2347 944 2416; x_wconf 83' lang='lat' dir='ltr'><strong>haesuri</strong></span> <span class='ocrx_word' id='word_1_127' title='bbox 990 2350 1165 2415; x_wconf 83' lang='lat' dir='ltr'><strong>saxis</strong></span> <span class='ocrx_word' id='word_1_128' title='bbox 1211 2350 1507 2416; x_wconf 86' lang='lat' dir='ltr'><strong>cinerum</strong></span> <span class='ocrx_word' id='word_1_129' title='bbox 1560 2349 1978 2428; x_wconf 82' lang='lat' dir='ltr'><strong>custodibus,</strong></span> <span class='ocrx_word' id='word_1_130' title='bbox 2026 2349 2105 2415; x_wconf 84' lang='lat' dir='ltr'><strong>ad</strong></span> <span class='ocrx_word' id='word_1_131' title='bbox 2155 2368 2324 2436; x_wconf 84' lang='lat' dir='ltr'><strong>quae</strong></span> 
     </span>
     <span class='ocr_line' id='line_1_21' title="bbox 682 2450 2312 2532; baseline 0.002 -15"><span class='ocrx_word' id='word_1_132' title='bbox 682 2450 1087 2532; x_wconf 73' lang='lat' dir='ltr'><strong>discutienda</strong></span> <span class='ocrx_word' id='word_1_133' title='bbox 1138 2453 1347 2521; x_wconf 82' lang='lat' dir='ltr'><strong>valent</strong></span> <span class='ocrx_word' id='word_1_134' title='bbox 1395 2453 1638 2520; x_wconf 84' lang='lat' dir='ltr'><strong>sterilis</strong></span> <span class='ocrx_word' id='word_1_135' title='bbox 1686 2454 1855 2521; x_wconf 87' lang='lat' dir='ltr'><strong>mala</strong></span> <span class='ocrx_word' id='word_1_136' title='bbox 1904 2453 2131 2521; x_wconf 84' lang='lat' dir='ltr'><strong>robora</strong></span> <span class='ocrx_word' id='word_1_137' title='bbox 2181 2455 2312 2521; x_wconf 83' lang='lat' dir='ltr'><strong>tici.</strong></span> 
     </span>
    </p>

    <p class='ocr_par' dir='ltr' id='par_1_8' title="bbox 414 2557 2745 2751">
     <span class='ocr_line' id='line_1_22' title="bbox 505 2557 2745 2646; baseline -0.001 -22"><span class='ocrx_word' id='word_1_138' title='bbox 505 2557 624 2624; x_wconf 84' lang='lat' dir='ltr'><strong>Hic</strong></span> <span class='ocrx_word' id='word_1_139' title='bbox 681 2557 902 2626; x_wconf 82' lang='lat' dir='ltr'><strong>vellem</strong></span> <span class='ocrx_word' id='word_1_140' title='bbox 970 2569 1151 2645; x_wconf 87' lang='lat' dir='ltr'><strong>poeta</strong></span> <span class='ocrx_word' id='word_1_141' title='bbox 1214 2560 1651 2638; x_wconf 84' lang='lat' dir='ltr'><strong>substitisset,</strong></span> <span class='ocrx_word' id='word_1_142' title='bbox 1727 2580 1875 2626; x_wconf 88' lang='lat' dir='ltr'><strong>nam</strong></span> <span class='ocrx_word' id='word_1_143' title='bbox 1939 2570 2080 2646; x_wconf 85' lang='lat' dir='ltr'><strong>post</strong></span> <span class='ocrx_word' id='word_1_144' title='bbox 2144 2558 2507 2646; x_wconf 74' lang='lat' dir='ltr'><strong>praeclaros</strong></span> <span class='ocrx_word' id='word_1_145' title='bbox 2557 2572 2745 2624; x_wconf 71' lang='lat' dir='ltr'><strong>verm</strong></span> 
     </span>
     <span class='ocr_line' id='line_1_23' title="bbox 414 2662 2478 2751; baseline 0.001 -24"><span class='ocrx_word' id='word_1_146' title='bbox 414 2663 825 2732; x_wconf 73' lang='lat' dir='ltr'><strong>vehementer</strong></span> <span class='ocrx_word' id='word_1_147' title='bbox 871 2684 973 2730; x_wconf 86' lang='lat' dir='ltr'><strong>me</strong></span> <span class='ocrx_word' id='word_1_148' title='bbox 1021 2662 1232 2731; x_wconf 90' lang='lat' dir='ltr'><strong>iudice</strong></span> <span class='ocrx_word' id='word_1_149' title='bbox 1280 2663 1513 2750; x_wconf 81' lang='lat' dir='ltr'><strong>friget,</strong></span> <span class='ocrx_word' id='word_1_150' title='bbox 1562 2684 1728 2751; x_wconf 88' lang='lat' dir='ltr'><strong>quae</strong></span> <span class='ocrx_word' id='word_1_151' title='bbox 1774 2664 2036 2730; x_wconf 89' lang='lat' dir='ltr'><strong>additur</strong></span> <span class='ocrx_word' id='word_1_152' title='bbox 2081 2664 2478 2734; x_wconf 78' lang='lat' dir='ltr'><strong>observatio:</strong></span> 
     </span>
    </p>

    <p class='ocr_par' dir='ltr' id='par_1_9' title="bbox 596 2768 2576 2856">
     <span class='ocr_line' id='line_1_24' title="bbox 596 2768 2576 2856; baseline -0.004 -20"><span class='ocrx_word' id='word_1_153' title='bbox 596 2768 1118 2856; x_wconf 75' lang='lat' dir='ltr'><strong>quandoquidem</strong></span> <span class='ocrx_word' id='word_1_154' title='bbox 1166 2769 1317 2835; x_wconf 87' lang='lat' dir='ltr'><strong>data</strong></span> <span class='ocrx_word' id='word_1_155' title='bbox 1364 2777 1520 2835; x_wconf 87' lang='lat' dir='ltr'><strong>sunt</strong></span> <span class='ocrx_word' id='word_1_156' title='bbox 1566 2769 1725 2856; x_wconf 85' lang='lat' dir='ltr'><strong>ipsis</strong></span> <span class='ocrx_word' id='word_1_157' title='bbox 1772 2788 2026 2855; x_wconf 85' lang='lat' dir='ltr'><strong>queque</strong></span> <span class='ocrx_word' id='word_1_158' title='bbox 2075 2768 2205 2835; x_wconf 80' lang='lat' dir='ltr'><strong>fata</strong></span> <span class='ocrx_word' id='word_1_159' title='bbox 2254 2768 2576 2856; x_wconf 78' lang='lat' dir='ltr'><strong>sepulcris.</strong></span> 
     </span>
    </p>

    <p class='ocr_par' dir='ltr' id='par_1_10' title="bbox 1261 2874 1942 2961">
     <span class='ocr_line' id='line_1_25' title="bbox 1261 2874 1942 2961; baseline 0.003 -22"><span class='ocrx_word' id='word_1_160' title='bbox 1261 2874 1396 2939; x_wconf 78' lang='lat' dir='ltr'><strong>Sat.</strong></span> <span class='ocrx_word' id='word_1_161' title='bbox 1446 2874 1571 2949; x_wconf 90' lang='lat' dir='ltr'><strong>XI,</strong></span> <span class='ocrx_word' id='word_1_162' title='bbox 1628 2880 1753 2940; x_wconf 83' lang='lat'><strong>110</strong></span> <span class='ocrx_word' id='word_1_163' title='bbox 1802 2894 1942 2961; x_wconf 75' lang='lat' dir='ltr'><strong>sqq.</strong></span> 
     </span>
    </p>

    <p class='ocr_par' dir='ltr' id='par_1_11' title="bbox 681 2977 2495 3588">
     <span class='ocr_line' id='line_1_26' title="bbox 684 2977 2450 3066; baseline 0 -23"><span class='ocrx_word' id='word_1_164' title='bbox 684 2977 1070 3065; x_wconf 84' lang='lat' dir='ltr'><strong>templorum</strong></span> <span class='ocrx_word' id='word_1_165' title='bbox 1122 2997 1374 3064; x_wconf 80' lang='lat' dir='ltr'><strong>quoque</strong></span> <span class='ocrx_word' id='word_1_166' title='bbox 1420 2979 1725 3045; x_wconf 85' lang='lat' dir='ltr'><strong>maiestas</strong></span> <span class='ocrx_word' id='word_1_167' title='bbox 1772 2980 2173 3066; x_wconf 86' lang='lat' dir='ltr'><strong>praesentior</strong></span> <span class='ocrx_word' id='word_1_168' title='bbox 2215 2987 2286 3044; x_wconf 88' lang='lat' dir='ltr'><strong>et</strong></span> <span class='ocrx_word' id='word_1_169' title='bbox 2329 2998 2450 3044; x_wconf 79' lang='lat' dir='ltr'><strong>vox</strong></span> 
     </span>
     <span class='ocr_line' id='line_1_27' title="bbox 682 3081 2495 3170; baseline 0 -22"><span class='ocrx_word' id='word_1_170' title='bbox 682 3084 855 3150; x_wconf 89' lang='lat' dir='ltr'><strong>nocti</strong></span> <span class='ocrx_word' id='word_1_171' title='bbox 901 3081 1034 3150; x_wconf 82' lang='lat' dir='ltr'><strong>fere</strong></span> <span class='ocrx_word' id='word_1_172' title='bbox 1084 3082 1290 3149; x_wconf 89' lang='lat' dir='ltr'><strong>media</strong></span> <span class='ocrx_word' id='word_1_173' title='bbox 1342 3082 1752 3170; x_wconf 87' lang='lat' dir='ltr'><strong>mediamque</strong></span> <span class='ocrx_word' id='word_1_174' title='bbox 1797 3082 2016 3149; x_wconf 86' lang='lat' dir='ltr'><strong>audita</strong></span> <span class='ocrx_word' id='word_1_175' title='bbox 2067 3103 2178 3169; x_wconf 84' lang='lat' dir='ltr'><strong>per</strong></span> <span class='ocrx_word' id='word_1_176' title='bbox 2231 3081 2495 3159; x_wconf 83' lang='lat' dir='ltr'><strong>urbem,</strong></span> 
     </span>
     <span class='ocr_line' id='line_1_28' title="bbox 686 3185 2232 3256; baseline 0.001 -5"><span class='ocrx_word' id='word_1_177' title='bbox 686 3188 874 3255; x_wconf 82' lang='lat' dir='ltr'><strong>litore</strong></span> <span class='ocrx_word' id='word_1_178' title='bbox 917 3188 998 3253; x_wconf 77' lang='lat' dir='ltr'><strong>ab</strong></span> <span class='ocrx_word' id='word_1_179' title='bbox 1043 3185 1280 3254; x_wconf 77' lang='lat' dir='ltr'><strong>Oceani</strong></span> <span class='ocrx_word' id='word_1_180' title='bbox 1324 3186 1524 3254; x_wconf 86' lang='lat' dir='ltr'><strong>Gallis</strong></span> <span class='ocrx_word' id='word_1_181' title='bbox 1572 3187 1978 3255; x_wconf 87' lang='lat' dir='ltr'><strong>venientibus</strong></span> <span class='ocrx_word' id='word_1_182' title='bbox 2021 3199 2091 3256; x_wconf 82' lang='lat' dir='ltr'><strong>et</strong></span> <span class='ocrx_word' id='word_1_183' title='bbox 2130 3187 2232 3253; x_wconf 86' lang='lat' dir='ltr'><strong>dis</strong></span> 
     </span>
     <span class='ocr_line' id='line_1_29' title="bbox 683 3290 2356 3379; baseline -0.001 -22"><span class='ocrx_word' id='word_1_184' title='bbox 683 3290 963 3358; x_wconf 81' lang='lat' dir='ltr'><strong>officium</strong></span> <span class='ocrx_word' id='word_1_185' title='bbox 1016 3293 1181 3358; x_wconf 85' lang='lat' dir='ltr'><strong>vatis</strong></span> <span class='ocrx_word' id='word_1_186' title='bbox 1228 3293 1725 3379; x_wconf 79' lang='lat' dir='ltr'><strong>peragentibuS,</strong></span> <span class='ocrx_word' id='word_1_187' title='bbox 1777 3293 1877 3357; x_wconf 75' lang='lat' dir='ltr'><strong>his</strong></span> <span class='ocrx_word' id='word_1_188' title='bbox 1925 3294 2162 3358; x_wconf 69' lang='lat' dir='ltr'><strong>monuit</strong></span> <span class='ocrx_word' id='word_1_189' title='bbox 2207 3312 2356 3367; x_wconf 79' lang='lat' dir='ltr'><strong>noS,</strong></span> 
     </span>
     <span class='ocr_line' id='line_1_30' title="bbox 681 3394 2296 3484; baseline -0.002 -22"><span class='ocrx_word' id='word_1_190' title='bbox 681 3396 847 3462; x_wconf 89' lang='lat' dir='ltr'><strong>hanc</strong></span> <span class='ocrx_word' id='word_1_191' title='bbox 898 3394 1088 3462; x_wconf 87' lang='lat' dir='ltr'><strong>rebus</strong></span> <span class='ocrx_word' id='word_1_192' title='bbox 1136 3396 1353 3462; x_wconf 81' lang='lat' dir='ltr'><strong>Latice</strong></span> <span class='ocrx_word' id='word_1_193' title='bbox 1400 3415 1623 3462; x_wconf 82' lang='lat' dir='ltr'><strong>curam</strong></span> <span class='ocrx_word' id='word_1_194' title='bbox 1680 3405 2008 3484; x_wconf 73' lang='lat' dir='ltr'><strong>praestare</strong></span> <span class='ocrx_word' id='word_1_195' title='bbox 2055 3395 2296 3461; x_wconf 87' lang='lat' dir='ltr'><strong>solebat</strong></span> 
     </span>
     <span class='ocr_line' id='line_1_31' title="bbox 683 3500 2123 3588; baseline -0.001 -22"><span class='ocrx_word' id='word_1_196' title='bbox 683 3500 899 3567; x_wconf 80' lang='lat' dir='ltr'><strong>fictilis</strong></span> <span class='ocrx_word' id='word_1_197' title='bbox 944 3510 1011 3567; x_wconf 91' lang='lat' dir='ltr'><strong>et</strong></span> <span class='ocrx_word' id='word_1_198' title='bbox 1056 3500 1233 3567; x_wconf 79' lang='lat' dir='ltr'><strong>nullo</strong></span> <span class='ocrx_word' id='word_1_199' title='bbox 1280 3501 1557 3567; x_wconf 80' lang='lat' dir='ltr'><strong>violatus</strong></span> <span class='ocrx_word' id='word_1_200' title='bbox 1605 3501 1898 3588; x_wconf 72' lang='lat' dir='ltr'><strong>Iuppiter</strong></span> <span class='ocrx_word' id='word_1_201' title='bbox 1939 3522 2123 3567; x_wconf 85' lang='lat' dir='ltr'><strong>auro.</strong></span> 
     </span>
    </p>

    <p class='ocr_par' dir='ltr' id='par_1_12' title="bbox 406 3589 2744 4423">
     <span class='ocr_line' id='line_1_32' title="bbox 504 3589 2740 3692; baseline -0.007 -17"><span class='ocrx_word' id='word_1_202' title='bbox 504 3589 708 3675; x_wconf 76' lang='lat' dir='ltr'><strong>Sileni</strong></span> <span class='ocrx_word' id='word_1_203' title='bbox 768 3603 900 3672; x_wconf 77' lang='lat' dir='ltr'><strong>fere</strong></span> <span class='ocrx_word' id='word_1_204' title='bbox 958 3603 1038 3670; x_wconf 67' lang='lat' dir='ltr'><strong>de</strong></span> <span class='ocrx_word' id='word_1_205' title='bbox 1086 3605 1187 3671; x_wconf 81' lang='lat' dir='ltr'><strong>his</strong></span> <span class='ocrx_word' id='word_1_206' title='bbox 1237 3605 1450 3671; x_wconf 78' lang='lat' dir='ltr'><strong>verbis</strong></span> <span class='ocrx_word' id='word_1_207' title='bbox 1499 3607 1919 3692; x_wconf 86' lang='lat' dir='ltr'><strong>interpretes,</strong></span> <span class='ocrx_word' id='word_1_208' title='bbox 1976 3625 2143 3692; x_wconf 84' lang='lat' dir='ltr'><strong>quae</strong></span> <span class='ocrx_word' id='word_1_209' title='bbox 2189 3614 2410 3672; x_wconf 70' lang='lat' dir='ltr'><strong>tanea</strong></span> <span class='ocrx_word' id='word_1_210' title='bbox 2459 3621 2577 3669; x_wconf 89' lang='lat' dir='ltr'><strong>non</strong></span> <span class='ocrx_word' id='word_1_211' title='bbox 2618 3601 2740 3664; x_wconf 89' lang='lat' dir='ltr'><strong>sunt</strong></span> 
     </span>
     <span class='ocr_line' id='line_1_33' title="bbox 413 3709 2739 3798; baseline -0.002 -20"><span class='ocrx_word' id='word_1_212' title='bbox 413 3714 501 3779; x_wconf 86' lang='lat' dir='ltr'><strong>ita</strong></span> <span class='ocrx_word' id='word_1_213' title='bbox 548 3710 761 3780; x_wconf 81' lang='lat' dir='ltr'><strong>facilia</strong></span> <span class='ocrx_word' id='word_1_214' title='bbox 802 3709 882 3776; x_wconf 83' lang='lat' dir='ltr'><strong>ad</strong></span> <span class='ocrx_word' id='word_1_215' title='bbox 918 3709 1446 3794; x_wconf 71' lang='lat' dir='ltr'><strong>intdlegendum.</strong></span> <span class='ocrx_word' id='word_1_216' title='bbox 1510 3709 1910 3798; x_wconf 68' lang='lat' dir='ltr'><strong>Temptarunt</strong></span> <span class='ocrx_word' id='word_1_217' title='bbox 1946 3732 2218 3798; x_wconf 77' lang='lat' dir='ltr'><strong>quoque,</strong></span> <span class='ocrx_word' id='word_1_218' title='bbox 2265 3710 2358 3776; x_wconf 74' lang='lat' dir='ltr'><strong>ait</strong></span> <span class='ocrx_word' id='word_1_219' title='bbox 2387 3716 2603 3796; x_wconf 81' lang='lat' dir='ltr'><strong>poeta,</strong></span> <span class='ocrx_word' id='word_1_220' title='bbox 2637 3721 2739 3766; x_wconf 69' lang='lat' dir='ltr'><strong>mo·</strong></span> 
     </span>
     <span class='ocr_line' id='line_1_34' title="bbox 408 3813 2740 3905; baseline -0.002 -23"><span class='ocrx_word' id='word_1_221' title='bbox 408 3818 598 3885; x_wconf 66' lang='lat' dir='ltr'><strong>iescae</strong></span> <span class='ocrx_word' id='word_1_222' title='bbox 663 3814 795 3905; x_wconf 89' lang='lat' dir='ltr'><strong>(illa</strong></span> <span class='ocrx_word' id='word_1_223' title='bbox 858 3820 1067 3881; x_wconf 77' lang='lat' dir='ltr'><strong>aetate</strong></span> <span class='ocrx_word' id='word_1_224' title='bbox 1125 3815 1290 3902; x_wconf 86' lang='lat' dir='ltr'><strong>erat)</strong></span> <span class='ocrx_word' id='word_1_225' title='bbox 1350 3816 1739 3899; x_wconf 75' lang='lat' dir='ltr'><strong>praesentior</strong></span> <span class='ocrx_word' id='word_1_226' title='bbox 1808 3819 2028 3901; x_wconf 85' lang='lat' dir='ltr'><strong>(quam</strong></span> <span class='ocrx_word' id='word_1_227' title='bbox 2101 3816 2348 3900; x_wconf 71' lang='lat' dir='ltr'><strong>hodie).</strong></span> <span class='ocrx_word' id='word_1_228' title='bbox 2437 3813 2740 3893; x_wconf 77' lang='lat' dir='ltr'><strong>nucusque</strong></span> 
     </span>
     <span class='ocr_line' id='line_1_35' title="bbox 412 3914 2740 4006; baseline -0.006 -18"><span class='ocrx_word' id='word_1_229' title='bbox 412 3920 586 3988; x_wconf 76' lang='lat' dir='ltr'><strong>nussa</strong></span> <span class='ocrx_word' id='word_1_230' title='bbox 678 3927 777 3986; x_wconf 81' lang='lat' dir='ltr'><strong>est</strong></span> <span class='ocrx_word' id='word_1_231' title='bbox 862 3918 1231 3985; x_wconf 77' lang='lat' dir='ltr'><strong>difficultas,</strong></span> <span class='ocrx_word' id='word_1_232' title='bbox 1346 3917 1469 3985; x_wconf 90' lang='lat' dir='ltr'><strong>Sed</strong></span> <span class='ocrx_word' id='word_1_233' title='bbox 1554 3920 1708 4005; x_wconf 89' lang='lat' dir='ltr'><strong>quid</strong></span> <span class='ocrx_word' id='word_1_234' title='bbox 1772 3919 2088 3986; x_wconf 80' lang='lat' dir='ltr'><strong>faciamus</strong></span> <span class='ocrx_word' id='word_1_235' title='bbox 2151 3918 2465 4006; x_wconf 73' lang='lat' dir='ltr'><strong>reliquis?</strong></span> <span class='ocrx_word' id='word_1_236' title='bbox 2551 3914 2740 3982; x_wconf 84' lang='lat' dir='ltr'><strong>Utrum</strong></span> 
     </span>
     <span class='ocr_line' id='line_1_36' title="bbox 406 4017 2740 4112; baseline -0.003 -20"><span class='ocrx_word' id='word_1_237' title='bbox 406 4026 602 4093; x_wconf 86' lang='lat' dir='ltr'><strong>dicit:</strong></span> <span class='ocrx_word' id='word_1_238' title='bbox 648 4023 746 4112; x_wconf 85' lang='lat' dir='ltr'><strong>(et</strong></span> <span class='ocrx_word' id='word_1_239' title='bbox 794 4024 1192 4110; x_wconf 77' lang='lat' dir='ltr'><strong>praesentior</strong></span> <span class='ocrx_word' id='word_1_240' title='bbox 1234 4027 1405 4107; x_wconf 76' lang='lat' dir='ltr'><strong>erat)</strong></span> <span class='ocrx_word' id='word_1_241' title='bbox 1453 4046 1613 4100; x_wconf 75' lang='lat' dir='ltr'><strong>vox,</strong></span> <span class='ocrx_word' id='word_1_242' title='bbox 1659 4046 1821 4110; x_wconf 76' lang='lat' dir='ltr'><strong>quac</strong></span> <span class='ocrx_word' id='word_1_243' title='bbox 1862 4035 2036 4092; x_wconf 70' lang='lat' dir='ltr'><strong>nocte</strong></span> <span class='ocrx_word' id='word_1_244' title='bbox 2072 4029 2209 4112; x_wconf 78' lang='lat' dir='ltr'><strong>fere</strong></span> <span class='ocrx_word' id='word_1_245' title='bbox 2244 4024 2453 4090; x_wconf 68' lang='lat' dir='ltr'><strong>media</strong></span> <span class='ocrx_word' id='word_1_246' title='bbox 2489 4017 2740 4087; x_wconf 68' lang='lat' dir='ltr'><strong>medinm·</strong></span> 
     </span>
     <span class='ocr_line' id='line_1_37' title="bbox 408 4123 2743 4217; baseline -0.001 -23"><span class='ocrx_word' id='word_1_247' title='bbox 408 4151 531 4216; x_wconf 67' lang='lat' dir='ltr'><strong>quc</strong></span> <span class='ocrx_word' id='word_1_248' title='bbox 585 4150 700 4217; x_wconf 74' lang='lat' dir='ltr'><strong>per</strong></span> <span class='ocrx_word' id='word_1_249' title='bbox 755 4129 974 4194; x_wconf 77' lang='lat' dir='ltr'><strong>urbem</strong></span> <span class='ocrx_word' id='word_1_250' title='bbox 1034 4127 1250 4194; x_wconf 63' lang='lat' dir='ltr'><strong>audita</strong></span> <span class='ocrx_word' id='word_1_251' title='bbox 1307 4137 1435 4201; x_wconf 73' lang='lat' dir='ltr'><strong>est:</strong></span> <span class='ocrx_word' id='word_1_252' title='bbox 1500 4148 1582 4195; x_wconf 76' lang='lat' dir='ltr'><strong>un</strong></span> <span class='ocrx_word' id='word_1_253' title='bbox 1647 4141 1704 4195; x_wconf 80' lang='lat' dir='ltr'><strong>el</strong></span> <span class='ocrx_word' id='word_1_254' title='bbox 1768 4150 1888 4195; x_wconf 74' lang='lat' dir='ltr'><strong>vex</strong></span> <span class='ocrx_word' id='word_1_255' title='bbox 1950 4130 2165 4194; x_wconf 69' lang='lat' dir='ltr'><strong>audita</strong></span> <span class='ocrx_word' id='word_1_256' title='bbox 2220 4128 2371 4216; x_wconf 86' lang='lat' dir='ltr'><strong>(est)</strong></span> <span class='ocrx_word' id='word_1_257' title='bbox 2433 4135 2598 4194; x_wconf 70' lang='lat' dir='ltr'><strong>nocte</strong></span> <span class='ocrx_word' id='word_1_258' title='bbox 2634 4123 2743 4207; x_wconf 67' lang='grc' dir='ltr'><strong>1σῖ</strong></span> 
     </span>
     <span class='ocr_line' id='line_1_38' title="bbox 412 4232 2742 4318; baseline -0.001 -19"><span class='ocrx_word' id='word_1_259' title='bbox 412 4233 617 4299; x_wconf 80' lang='lat' dir='ltr'><strong>media</strong></span> <span class='ocrx_word' id='word_1_260' title='bbox 663 4233 1056 4318; x_wconf 76' lang='lat' dir='ltr'><strong>mediamque</strong></span> <span class='ocrx_word' id='word_1_261' title='bbox 1095 4253 1213 4318; x_wconf 83' lang='lat' dir='ltr'><strong>per</strong></span> <span class='ocrx_word' id='word_1_262' title='bbox 1257 4234 1495 4299; x_wconf 82' lang='lat' dir='ltr'><strong>urbem.</strong></span> <span class='ocrx_word' id='word_1_263' title='bbox 1571 4232 1735 4299; x_wconf 90' lang='lat' dir='ltr'><strong>Illud</strong></span> <span class='ocrx_word' id='word_1_264' title='bbox 1776 4234 1831 4298; x_wconf 91' lang='lat' dir='ltr'><strong>si</strong></span> <span class='ocrx_word' id='word_1_265' title='bbox 1873 4235 2230 4311; x_wconf 91' lang='lat' dir='ltr'><strong>sumimus,</strong></span> <span class='ocrx_word' id='word_1_266' title='bbox 2276 4234 2545 4318; x_wconf 78' lang='lat' dir='ltr'><strong>iungere</strong></span> <span class='ocrx_word' id='word_1_267' title='bbox 2578 4237 2742 4315; x_wconf 60' lang='lat' dir='ltr'><strong>pam</strong></span> 
     </span>
     <span class='ocr_line' id='line_1_39' title="bbox 410 4328 2744 4423; baseline 0 -20"><span class='ocrx_word' id='word_1_268' title='bbox 410 4338 740 4422; x_wconf 83' lang='lat' dir='ltr'><strong>cogimur:</strong></span> <span class='ocrx_word' id='word_1_269' title='bbox 804 4337 1173 4422; x_wconf 80' lang='lat' dir='ltr'><strong>templorum</strong></span> <span class='ocrx_word' id='word_1_270' title='bbox 1242 4338 1537 4404; x_wconf 73' lang='lat' dir='ltr'><strong>maiestas</strong></span> <span class='ocrx_word' id='word_1_271' title='bbox 1609 4350 1664 4404; x_wconf 82' lang='lat' dir='ltr'><strong>ec</strong></span> <span class='ocrx_word' id='word_1_272' title='bbox 1725 4359 1890 4416; x_wconf 76' lang='lat' dir='ltr'><strong>vox,</strong></span> <span class='ocrx_word' id='word_1_273' title='bbox 1961 4337 2130 4423; x_wconf 86' lang='lat' dir='ltr'><strong>quod</strong></span> <span class='ocrx_word' id='word_1_274' title='bbox 2195 4336 2581 4411; x_wconf 67' lang='lat' dir='ltr'><strong>absurdum</strong></span> <span class='ocrx_word' id='word_1_275' title='bbox 2647 4328 2744 4394; x_wconf 72' lang='lat'><strong>11⁰⁰</strong></span> 
     </span>
    </p>
   </div>
   <div class='ocr_carea' id='block_1_5' title="bbox 2845 262 2851 5002">
    <p class='ocr_par' dir='ltr' id='par_1_13' title="bbox 2845 262 2851 5002">
     <span class='ocr_line' id='line_1_40' title="bbox 2845 262 2851 5002; baseline 0 0"><span class='ocrx_word' id='word_1_276' title='bbox 2845 262 2851 5002; x_wconf 95' lang='lat' dir='ltr'><strong> </strong></span> 
     </span>
    </p>
   </div>
  </div>
 </body>
</html>
