2934 5050
1020 310 1411 358 rntcococtm
1460 312 1534 358 ιτ
1584 310 1836 358 caunos.
2539 295 2620 356 47

319 475 696 545 Absurdum
759 486 859 545 est
906 479 1251 559 σαωσέμεν.
1348 479 1682 548 Sententia
1735 479 2010 566 postulat
2054 481 2351 557 σωθῆναι;
2415 478 2623 546 salvas

229 606 379 651 esse.
480 583 912 673 opponuntur
979 587 1151 654 inter
1218 606 1287 653 se
1357 587 1526 675 apud
1598 587 1947 654 Homerum
2019 586 2153 654 σόον
2222 584 2490 667 ἔμμεναι
2553 594 2617 652 et

231 690 615 770 ὦπολέσθαι,
663 701 734 757 ut
783 693 848 756 in
900 694 1269 759 notissimo:

502 798 768 878 βούλομ’
815 799 938 878 ἐγὼ
985 799 1140 865 λαὸν
1183 798 1365 868 σόον
1412 797 1771 879 ἔμμεναι
1820 799 1855 877 ἢ
1903 797 2268 865 ἀπολέσθαι.

234 913 298 972 et
345 905 411 970 in
457 902 690 993 odyss·
741 914 821 971 Δ.
871 909 980 972 98.

503 1011 745 1094 ὤφελον
789 1013 841 1078 οἱ
887 1008 1094 1093 ἄνδρες
1140 1011 1308 1079 σόοι
1358 1010 1716 1091 ἔμμεναι
1766 1004 1820 1077 οἳ
1864 1009 1995 1078 τότ’
2042 1009 2278 1089 ὄλοντο,

233 1125 301 1184 et
359 1116 507 1183 aliis
563 1116 740 1183 locis,
835 1117 1008 1204 Ergo
1052 1116 1529 1184 emendandum
1579 1126 1673 1183 est
1723 1117 1872 1189 σόας
1919 1116 2063 1199 ἔμεν
2111 1138 2228 1206 pro
2274 1117 2618 1198 σαωσέμεν.

236 1224 447 1311 Atque
509 1224 597 1289 ita
662 1222 1030 1290 emendavit
1090 1223 1452 1311 Madvigius
1515 1225 1582 1288 in
1638 1223 1896 1290 Advers.
1945 1225 2095 1291 Crit.
2147 1245 2289 1312 pag.
2344 1228 2467 1290 186
2521 1244 2624 1290 ne·

238 1331 412 1396 scius
497 1329 710 1395 locum
798 1330 895 1396 sic
977 1350 1012 1395 a
1081 1350 1183 1398 nie
1233 1339 1382 1396 ante
1433 1328 1669 1395 multos
1728 1348 1930 1397 annos
1999 1350 2138 1397 esse
2203 1330 2618 1397 emendatum

238 1438 306 1503 in
364 1436 772 1523 Mnemosyne
833 1438 1010 1502 Tom.
1077 1436 1184 1504 tx.
1255 1457 1317 1524 p.
1383 1438 1537 1501 592.
1635 1434 1843 1504 Semel
1913 1444 2166 1504 tantum
2216 1435 2336 1503 hoc
2386 1434 2620 1502 faciam

236 1553 307 1609 ut
372 1561 870 1609 commemorem
935 1542 1448 1609 emendationem
1516 1539 1633 1607 loci
1693 1541 1772 1606 ab
1835 1541 1959 1608 alio
2022 1550 2165 1630 post
2217 1549 2538 1628 repertam
2588 1559 2624 1604 a

239 1668 342 1716 me
398 1649 549 1715 olim
615 1667 756 1714 esse
810 1647 1085 1726 editam,
1136 1659 1200 1716 et
1247 1647 1479 1715 nollem
1527 1645 1593 1712 id
1642 1666 1677 1712 a
1724 1646 2075 1734 Madvigio,
2139 1667 2396 1714 summo
2444 1648 2623 1725 viro,

239 1755 429 1820 toties
488 1755 684 1821 etiam
738 1755 803 1820 in
859 1773 929 1820 re
972 1755 1187 1820 minus
1235 1755 1420 1841 gravi
1465 1773 1606 1820 esse
1655 1751 1919 1820 sactum.
2015 1754 2326 1840 Pauperis
2373 1762 2464 1819 est
2510 1774 2625 1818 nu-

232 1881 481 1927 merare
533 1881 750 1947 pecus.
848 1859 1007 1942 Quis
1062 1868 1281 1927 autem
1331 1868 1441 1926 aut
1496 1859 1978 1926 Grammaticus
2018 1869 2131 1924 aut
2182 1859 2463 1925 Criticus
2510 1867 2626 1925 aut

233 1966 601 2054 glossarum
666 1967 987 2054 interpres
1049 1973 1163 2033 aut
1225 1966 1468 2045 Λέξεως
1533 1964 1835 2031 collector
1901 1963 2217 2032 laboranti
2266 1966 2629 2052 scripturae

234 2093 422 2160 opem
475 2071 671 2139 tulit?
723 2071 924 2139 Nemo
972 2070 1208 2139 hercle.
1289 2070 1535 2139 Addam
1585 2070 1745 2139 duos
1794 2070 1964 2137 locos
2009 2090 2088 2138 ex
2133 2070 2354 2137 eadem
2396 2069 2629 2137 Iliados

233 2177 606 2266 Rhapsodia
671 2185 921 2244 sumtus
984 2187 1048 2244 et
1112 2176 1452 2245 manifesto
1513 2185 1885 2265 corruptoS,
1952 2178 2190 2263 quibus
2239 2197 2426 2244 nemo
2469 2176 2625 2243 dum

232 2306 449 2373 neque
475 2295 767 2353 veterum
799 2304 1007 2371 neque
1035 2293 1176 2371 post
1202 2294 1463 2350 renatas
1487 2283 1707 2350 literas
1735 2282 2056 2350 medetur.
2108 2285 2372 2372 Legitur
2395 2295 2441 2350 Ι.
2475 2287 2625 2349 526.

560 2393 785 2470 ἤματα
831 2392 884 2457 δ’
934 2391 1327 2469 αἱματόεντα
1374 2390 1727 2473 διέπρησσον
1774 2389 2122 2470 πολεμίζων

559 2495 813 2580 ἀνδράσι
861 2497 1253 2579 μαρνάμενος
1301 2496 1489 2580 ὀάρων
1536 2493 1716 2564 ἕνεκα
1762 2496 2148 2581 σφετεράων.

329 2603 622 2673 Emenda
680 2604 1087 2685 μαρναμένοις
1140 2625 1252 2692 pro
1297 2604 1689 2686 μαρνάμενος
1734 2612 1798 2671 et
1848 2624 2069 2671 omnes
2116 2603 2238 2671 loci
2286 2600 2629 2668 difficulta-

235 2719 337 2778 tes
404 2730 532 2776 una
598 2710 838 2776 inserta
905 2710 1160 2778 literula
1224 2709 1594 2777 sustuleris,
1692 2709 1911 2797 Neque
1975 2711 2182 2797 magis
2235 2710 2422 2775 Poeta
2468 2708 2635 2776 dixit

236 2815 413 2904 quod
462 2835 638 2882 nunc
685 2814 992 2882 scribitur
1040 2827 1090 2883 Ι.
1143 2821 1274 2883 226

1135 2922 1308 3004 πάρα
1354 2923 1483 3004 γάρ
1529 2920 1851 3001 μενοεικέα
1897 2921 2107 2989 πολλά

424 3028 718 3107 δαίνυσθ’,
767 3029 917 3094 ἀλλ’
966 3032 1030 3095 οὐ
1079 3030 1287 3102 δαιτὸς
1338 3027 1756 3109 ἐπηράτου
1803 3026 1961 3108 ἔργα
2007 3027 2309 3106 μέμηλεν.

332 3134 636 3201 violatur
682 3143 1003 3211 metrum,
1070 3155 1215 3200 nam
1277 3132 1434 3215 ἔργα
1481 3137 1548 3199 in
1595 3143 1727 3199 tam
1778 3134 2041 3218 antiqua
2095 3142 2278 3219 parte
2326 3133 2637 3200 carminis

242 3260 437 3307 suum
510 3239 817 3319 δίγαμμα
887 3241 1182 3307 amisisse
1255 3260 1375 3305 non
1452 3248 1686 3326 potest:
1763 3239 2040 3304 violatur
2109 3240 2303 3306 etiam
2375 3238 2635 3327 linguae

248 3347 631 3413 Homericae
674 3344 1111 3423 consuetudo,
1176 3366 1254 3412 ex
1318 3364 1445 3432 qua
1499 3346 1563 3410 in
1609 3345 1719 3411 tali
1768 3345 2126 3431 periphrasi
2167 3346 2494 3432 epitheton
2552 3345 2630 3412 ad

246 3452 406 3535 ἔργα
449 3452 687 3538 apponi
736 3450 964 3530 debet,
1014 3450 1215 3519 veluti
1264 3450 1446 3518 lliad.
1499 3462 1571 3518 E.
1627 3456 1762 3517 428

520 3558 721 3635 οὗτοι,
760 3557 967 3624 τέκνον
1010 3558 1183 3637 ἐμόν,
1239 3557 1477 3624 δέδοται
1525 3560 1843 3636 πολεμήϊα
1890 3554 2086 3638 ἔργα,

520 3665 700 3730 ἄλλα
746 3665 823 3730 σύ
870 3664 941 3742 γ’
980 3663 1308 3745 ἱμερόεντα
1346 3664 1651 3745 μετέρχεο
1692 3663 1849 3744 ἔργα
1888 3662 2139 3741 γάμοιο.

251 3791 481 3858 nempe
519 3769 613 3835 sic
652 3768 996 3836 dicendum
1047 3768 1486 3852 ἱμερόεντα
1557 3768 1712 3850 ἔργα
1757 3767 2025 3848 γάμοιο,
2102 3786 2224 3834 non
2272 3767 2632 3852 ἱμερόεντος.

252 3877 478 3965 Itaque
526 3873 1006 3943 emendandum
1055 3883 1192 3941 est:

622 3982 776 4047 ἀλλ’
824 3983 890 4047 οὖ
938 3982 1145 4056 δαιτὸς
1194 3983 1478 4063 ἐπήρατα
1525 3981 1681 4064 ἔργα
1727 3981 2038 4060 μέμηλεν.

341 4086 527 4153 Nulla
591 4085 913 4153 dubitatio
976 4097 1075 4153 est
1130 4089 1287 4173 quin
1334 4090 1429 4154 sic
1478 4087 1628 4153 olim
1684 4087 1744 4151 in
1795 4085 2258 4152 vetustioribus
2306 4097 2368 4154 et
2421 4088 2638 4155 melio-

259 4191 436 4258 ribus
495 4193 683 4258 litu-is
740 4194 1054 4279 scriptum
1109 4192 1303 4260 fuerit
1349 4191 1498 4267 σόας
1542 4192 1727 4272 ἔμεν,
1776 4189 2184 4272 μαρναμένοιο
2234 4201 2297 4258 et
2343 4195 2632 4274 ἐπήρατα

260 4294 447 4378 ἔργα.
494 4298 603 4364 sed
653 4318 844 4365 nemo
894 4301 1075 4365 testis
1121 4309 1451 4386 superest,
1519 4296 1687 4363 unde
1735 4298 1999 4381 antiqua
2056 4298 2294 4363 veritas
2341 4298 2632 4385 indagari

264 4404 541 4486 potuerit
604 4411 672 4470 et
713 4405 778 4469 in
831 4405 1151 4489 integrum
1203 4405 1484 4472 restitui.
1585 4403 1827 4469 Tacent
1875 4399 2134 4468 Scholia
2180 4405 2445 4490 antiqua
2478 4454 2496 4482 ,
2550 4415 2638 4470 ta-
