2934 5050
888 300 976 350 sn
1021 299 1481 352 numerosum
1504 295 1915 351 ‘rm-rma.
2461 279 2591 350 319

315 467 536 557 Epigr.
579 469 696 536 58,
747 523 756 534 .

494 574 571 640 Εἰ
617 574 724 640 κω)
773 577 1115 655 ἀμειδῆτων
1162 578 1380 646 νεκύων
1423 577 1540 645 ὑπὸ
1586 585 1786 666 γᾳῒοιν
1831 573 2156 652 ἀνάσσεις,

584 680 963 763 Βερσεφόνη,
1008 685 1224 764 ψυχὴν
1270 683 1527 764 δέχνυσο
1577 681 1956 762 Δημοκρίτου

498 785 794 863 εὐμενέως
840 788 1160 867 γελόωσάν
1178 839 1195 868 ,
1242 791 1375 858 ἐπεὶ
1424 790 1530 856 καὶ
1578 797 1703 856 σεῖο
1749 790 2048 853 τεκοῦσαν

580 891 1047 973 ἀχνυμένην
1093 894 1192 961 ἐπὶ
1240 894 1329 962 σοὶ
1376 900 1592 975 μοῦνος
1639 894 1971 974 ἔκαμψε
2020 891 2325 971 γέλως.

221 995 419 1061 Dolor
464 1001 532 1062 et
567 999 728 1061 mala
770 998 1075 1066 mortales
1116 1000 1511 1079 κάμπτουσι,
1556 1020 1684 1068 non
1724 999 1914 1075 νίειιε,
1948 1004 2026 1064 ut
2060 998 2299 1083 opinor.
2346 994 2593 1062 Poaeis:

498 1100 853 1184 ἀχνυμένην
899 1103 1001 1170 ἐπὶ
1044 1106 1134 1170 σοὶ
1179 1111 1395 1184 μοῦνος
1441 1105 1774 1187 ἔθαλψε
1821 1102 2023 1183 γέλως
2395 1125 2401 1131 ’
2607 1100 2614 1107 ’

225 1206 339 1272 sed
383 1206 647 1273 fortasse
689 1213 999 1293 praestat:

500 1311 853 1392 ἀχνυμένην
901 1313 1002 1380 ἐπὶ
1049 1314 1140 1379 σοὶ
1184 1318 1399 1394 μοῦνος
1447 1313 1773 1395 ἔλαμψε
1822 1313 2061 1393 γέλως.

223 1414 510 1504 eleganti
576 1418 978 1503 metaphora,
1049 1439 1176 1506 qua
1239 1421 1642 1487 intransitive
1708 1438 1958 1505 quoque
2023 1416 2301 1494 λάμπειν
2368 1415 2606 1483 dicitur

222 1521 651 1610 gaudentium
711 1519 953 1590 vultus.
1038 1520 1135 1590 Cf.
1198 1525 1394 1592 Arist.
1453 1524 1571 1610 Eq.
1639 1523 1789 1590 550.
1839 1521 2139 1601 Λάμπειν
2185 1528 2252 1588 et
2290 1520 2608 1599 κάμπειν

111 1657 128 1670 -
222 1626 386 1692 alibi
430 1626 688 1693 confusa
733 1648 866 1694 esse
915 1633 1189 1706 constat,
1238 1629 1420 1695 velut
1464 1651 1564 1716 ap.
1611 1629 1979 1695 Etnm’mm
2020 1629 2090 1693 in
2135 1627 2284 1693 Ione
2328 1624 2447 1705 83,
2491 1626 2606 1693 ubi

220 1752 341 1818 pro
387 1731 632 1812 λάμτει
678 1735 1031 1799 rectissime
1059 1734 1489 1810 emendatum
1532 1739 1630 1799 est
1671 1732 1976 1813 κάμπει.

315 1834 539 1923 Epigr.
591 1834 707 1917 ¹79,
757 1836 798 1903 5
844 1858 979 1923 sqq.

224 1950 309 2008 A.
363 1944 472 2009 οὐκ
516 1943 631 2007 ἀπ’
679 1943 871 2021 &aem
905 1954 989 2036 ,B.
1034 1945 1122 2022 μὴ
1169 1942 1421 2024 τρηχύς.
1474 1953 1555 2009 A.
1609 1940 1741 2008 ἐπεὶ
1790 1941 1975 2025 τάχοι
2014 1941 2121 2007 καὶ
2170 1941 2248 2007 σύ
2294 1966 2353 2007 τι
2402 1939 2604 2023 πεύσῃ

429 2045 804 2129 ’τρηχύτερον
848 2048 1118 2129 πάτροις.
1167 2060 1232 2113 Β.
1279 2056 1519 2130 χαῖρε
1564 2048 1653 2113 σὺ
1702 2049 1754 2114 δ’
1801 2048 1870 2126 ἐξ
1918 2046 2209 2129 Ἐφέσου.

318 2151 478 2217 Pars
534 2156 632 2219 est
674 2152 976 2239 colloquii
990 2201 1009 2232 ,
1055 2152 1223 2239 quod
1270 2173 1309 2219 a
1348 2153 1559 2220 nescio
1594 2172 1719 2239 quo
1763 2173 1914 2219 cum
1957 2151 2287 2219 Heraclito
2330 2150 2606 2237 Ephesio

225 2257 531 2322 habitum
576 2279 710 2324 esse
753 2256 1021 2346 fingitur
1034 2305 1054 2337 ,
1101 2261 1283 2325 cuius
1319 2260 1908 2343 interpretationem
1926 2293 1937 2300 ,
1953 2258 2102 2325 vide
2139 2257 2308 2343 apud
2351 2258 2607 2324 Diibne-

227 2382 401 2428 rum.
486 2360 739 2428 Ultima
792 2364 988 2431 verba
1037 2384 1226 2429 sensu
1270 2383 1444 2429 cassa
1489 2367 1672 2429 sunt:
1721 2383 1873 2431 nam
1916 2362 2084 2450 quod
2128 2367 2424 2430 vertunt:
2472 2362 2606 2428 vate

227 2488 367 2534 vero
414 2473 483 2532 tu
527 2468 781 2534 oriundo
822 2468 1050 2554 Epheso
1092 2488 1207 2535 nec
1253 2470 1344 2536 sic
1388 2465 1629 2538 Graece
1674 2467 1803 2536 dici
1844 2474 2053 2556 potest
2089 2491 2204 2536 nec
2220 2515 2238 2548 ,
2281 2470 2338 2537 si
2359 2472 2571 2555 posset
2587 2512 2606 2547 ‚

226 2594 356 2639 non
402 2573 564 2639 foret
608 2575 1005 2661 ineptissime
1045 2573 1311 2640 dictum.
1358 2572 1431 2640 Si
1475 2578 1590 2642 uni
1632 2576 1788 2643 haee
1830 2575 2024 2643 verba
2046 2575 2385 2641 tribuenda
2398 2620 2418 2652 ,
2461 2593 2603 2641 con-

226 2680 522 2745 iecerim:

1045 2790 1290 2865 χαῖρε
1340 2783 1431 2848 σὺ
1479 2781 1929 2865 δηξέφεσε.

230 2890 277 2953 i.
325 2908 380 2953 e.
431 2889 566 2952 vale
610 2894 678 2951 tu
721 2888 943 2972 Ephesi
986 2912 1207 2954 mor-vor
1221 2934 1239 2967 ‚
1287 2889 1330 2953 i.
1378 2908 1432 2953 e.
1482 2891 1594 2973 qui
1639 2888 2014 2955 mordicitus
2051 2890 2195 2953 tuos
2235 2888 2408 2953 cives
2445 2884 2608 2951 soles

236 2994 566 3078 corripere.
637 2992 1036 3060 Vocabulum
1088 2994 1436 3061 formatum
1485 2993 1565 3059 ad
1610 2991 1973 3079 analogiam
2016 2988 2312 3059 vocabuli
2354 2988 2609 3068 δηξίθυ-

234 3121 372 3176 μος.
458 3097 558 3163 Ita
626 3096 820 3164 Solon
876 3100 1290 3165 Athenienses
1347 3100 1605 3166 vocavit
1664 3094 2395 3178 σαλωμινοοφέτοις.
2484 3092 2610 3160 Sed

236 3199 372 3268 fieri
418 3206 628 3288 potest
641 3250 659 3281 ‚
707 3209 784 3268 ut
826 3202 981 3270 haec
1019 3203 1213 3271 verba
1244 3202 1803 3271 interlocutoribus
1839 3202 1933 3268 ita
1969 3201 2407 3269 distribuenda
2443 3200 2575 3265 sint
2594 3247 2611 3274 ‚

232 3312 311 3373 ut
351 3307 701 3373 scribatur:
1760 3356 1775 3363 -

1190 3423 1253 3477 B.
1301 3420 1509 3505 χαῖρε.
1556 3422 1632 3477 A.
1683 3412 1757 3475 σὺ
1805 3411 1856 3475 δ’
1906 3409 1975 3487 ἐξ
2028 3408 2337 3490 Ἐφέσου.

235 3515 373 3582 scil.
432 3514 658 3596 ἀπερρε
680 3564 697 3593 ,
753 3515 1139 3599 ἀποφθείρου
1157 3567 1175 3592 ,
1225 3520 1460 3582 omisso
1505 3516 1698 3585 verbo
1741 3522 1817 3581 ut
1860 3537 2049 3582 versu
2093 3535 2457 3603 praegresso
2502 3517 2610 3580 οὐκ

232 3621 354 3688 ἀπ’
419 3622 602 3699 ἔμεῦ;
664 3620 847 3687 dixit.
928 3620 1116 3686 Illam
1179 3627 1393 3687 tamen
1451 3624 1763 3687 rationem
1824 3626 1899 3686 ut
1942 3621 2316 3706 lepidiorem
2360 3625 2611 3706 praetu-

231 3726 445 3794 lerim.

324 3831 548 3920 Epigr.
600 3829 708 3896 99.
801 3829 944 3897 Hoc
990 3851 1236 3915 quoque
1281 3850 1536 3896 carmen
1578 3833 1890 3897 mentitur
1925 3831 2214 3897 Platonis
2252 3829 2615 3915 philosophi

231 3959 486 4005 nomen.
560 3935 861 4021 Quisquis
905 3938 1161 4019 panxit,
1209 3956 1334 4000 non
1379 3936 1666 4019 scripsit:

509 4043 598 4105 σοὶ
650 4040 747 4117 δέ,
799 4038 992 4116 Δίων,
1043 4036 1281 4119 ῥέξαντι
1327 4046 1533 4104 καλῶν
1580 4040 1859 4105 ἐπινίκιον
1910 4039 2098 4122 ἔργων

603 4145 887 4223 δαίμονες
944 4153 1297 4209 e‘rPelAc
1350 4143 1610 4218 ἐλπίδας
1660 4142 1947 4225 ἐξέχεαν.

326 4249 498 4314 Nam
557 4250 760 4330 εὐρεῖαι
824 4248 1003 4322 ἐλπίς
1064 4270 1177 4333 pro
1241 4247 1501 4329 μεγάλη
1549 4250 1726 4322 ἐλπίς
1775 4248 2092 4319 Graecum
2135 4269 2260 4316 non
2302 4254 2416 4316 est.
2489 4249 2616 4316 Sed

235 4354 458 4439 procul
507 4354 701 4419 dubio
753 4374 980 4420 verum
1029 4358 1154 4418 est:
2372 4340 2384 4355 ⁸
