2934 5050
1136 336 1478 386 110111111ιο11.
2367 317 2492 382 181

138 526 292 592 quae
352 505 464 571 alii
523 506 602 571 de
648 506 1003 591 parentibus
1064 507 1234 572 dicta
1292 507 1683 593 accipiebant
1698 554 1716 582 ,
1788 507 1864 571 de
1909 506 2116 589 procis
2175 504 2286 569 alii
2303 554 2321 583 ,
2385 507 2495 571 sed

137 599 383 675 ἕπεσθαι
400 658 416 687 ,
477 609 546 676 id
605 615 701 676 est
752 611 1101 677 ακολουθεῖν
1117 659 1134 687 ,
1193 610 1372 677 1111Πο
1416 610 1543 677 alio
1587 630 1775 676 sensu
1819 610 2021 696 accipi
2064 614 2306 695 potest,
2367 612 2495 674 nisi

134 719 208 779 ut
250 714 337 779 τοὶ
382 713 555 779 ἔεδνα
612 735 847 782 novam
907 721 1178 801 nuptam
1228 704 1553 802 sequanam
1596 719 1661 781 et
1703 717 1771 780 in
1816 716 2037 779 mariti
2082 713 2347 779 domum
2391 714 2493 778 de-

134 818 429 885 ferantur.
520 818 763 885 Eadem
822 823 919 885 est
977 823 1340 886 etiamnunc
1406 820 1697 909 vulgaris
1763 820 1976 905 opinio
2033 816 2176 885 ἕδνα
2240 818 2318 883 de
2363 820 2496 882 dote

136 943 379 1008 quoque
423 923 591 1009 apud
632 923 994 991 Homerum
1039 926 1167 990 dici
1212 925 1446 992 solere:
1511 926 1620 992 sed
1666 926 2050 1011 quicumque
2093 924 2460 989 testimonia
2476 970 2494 998 ,

137 1049 290 1113 quae
311 1049 502 1114 supra
523 1032 757 1114 scripta
786 1035 969 1107 sunt,
1012 1028 1354 1118 diligenter
1390 1030 1878 1096 consideraverit
1912 1027 2090 1093 dabit
2125 1028 2290 1092 mihi
2305 1075 2323 1103 ,
2367 1047 2496 1092 cre-

137 1132 245 1210 do,
291 1132 380 1199 τοὶ
427 1131 572 1199 ἕδνα
616 1155 743 1200 11011
788 1144 929 1207 ταῖς
975 1131 1312 1216 παρθένοιςρ
1360 1143 1503 1207 ταῖς
1527 1132 1957 1213 γαμουμέναις
1977 1182 1994 1207 ,
2040 1140 2184 1204 ταῖς
2207 1153 2496 1210 μνηςευο-

138 1236 344 1314 μέναις
407 1238 569 1305 (10110
631 1238 800 1317 dari,
866 1238 976 1305 sed
1034 1247 1161 1311 τοῖς
1217 1241 1336 1305 τῶν
1379 1237 1836 1318 μνηςευομένων
1880 1235 2180 1318 παρθένων
2223 1236 2497 1317 πατροὶσι

139 1348 201 1407 et
238 1347 453 1428 patres
506 1360 653 1409 suas
697 1341 862 1409 fflias
903 1343 1006 1409 illi
1050 1344 1297 1411 tradere
1342 1343 1467 1418 ὅτις
1513 1342 1881 1424 περιβάλλοι
1928 1339 2221 1415 ἅπαντας
2268 1349 2496 1419 perans-³3·

140 1470 241 1526 ρας
283 1447 544 1531 δώροισιν
564 1495 582 1525 ,
632 1447 697 1512 id
745 1453 840 1514 est
883 1447 986 1513 illi
1029 1448 1135 1535 qui
1178 1450 1434 1514 dedisset
1464 1450 1832 1534 phar-imum.-
1875 1450 2091 1532 itaque
2134 1465 2263 1510 uno
2306 1446 2499 1511 verbo

139 1555 340 1635 patres
399 1572 549 1617 suas
600 1550 764 1618 filias
807 1570 1101 1619 munau
1144 1561 1268 1628 τοῖς
1317 1554 1529 1624 ἑέδνοις
1577 1559 1640 1619 et
1683 1573 1902 1640 procos
1948 1557 2065 1617 τῶν
2109 1547 2281 1616 ἕδνων
2327 1551 2498 1625 ὑπερ-

142 1657 292 1736 βολῇ
333 1655 624 1740 puellam
668 1677 707 1721 a
747 1663 926 1742 patre
983 1678 1098 1723 suo
1141 1674 1374 1724 amn.
1467 1658 1544 1723 Iu
1589 1658 1737 1723 aula
1778 1655 2292 1722 Ptolemaeorum
2337 1658 2506 1719 inter

142 1765 516 1846 purpuratos
559 1761 637 1825 de
681 1759 796 1827 1110
839 1782 1018 1828 more
1062 1764 1463 1848 antiquitatis
1479 1810 1499 1841 ,
1548 1765 1660 1848 qui
1705 1761 1863 1827 olim
1907 1760 2206 1846 plurimis
2248 1762 2318 1824 in
2352 1760 2508 1824 Asia

146 1868 205 1928 et
246 1863 403 1930 alibi
447 1863 607 1930 loeis
651 1871 985 1931 consuetus
1028 1866 1237 1932 fuerat
1252 1914 1270 1945 ,
1319 1868 1644 1955 cogitabat
1686 1886 1891 1932 nemo.
1961 1863 2236 1950 Sponsae
2277 1863 2509 1927 mittere

144 1990 380 2034 munera
424 1973 491 2035 et
532 1970 837 2052 epombia
894 1973 1051 2035 dona
1095 1972 1249 2056 quid
1297 1978 1459 2037 esset
1502 1972 1695 2057 probe
1740 1973 2048 2036 noverant
2065 2014 2084 2045 ,
2148 1968 2258 2034 sed
2301 1966 2506 2032 filiam

148 2077 444 2140 armentis
487 2078 554 2140 et
598 2076 904 2162 gregibus
956 2075 1364 2155 (νομίσματος
1409 2075 1574 2141 οὔπω
1623 2072 1970 2159 εὑρημένου)
2021 2094 2061 2140 a
2102 2078 2280 2159 patre
2324 2094 2509 2136 emere

150 2178 294 2262 quid
336 2167 520 2244 ‘esset
577 2199 932 2262 numquam
989 2180 1382 2246 audiverant.
1474 2179 1602 2246 Sed
1645 2177 2017 2245 Aristoteles
2055 2178 2125 2242 id
2168 2177 2363 2261 probe
2404 2196 2513 2241 no-

150 2288 351 2360 verat,
401 2284 517 2367 qui
560 2284 781 2348 scribit
822 2286 893 2348 in
936 2284 1120 2349 Pobit.
1160 2284 1243 2350 Π.
1286 2306 1420 2371 cap.
1473 2282 1534 2349 5.
1584 2283 1723 2354 τοὺς
1769 2283 2070 2364 ἀρχαίους
2116 2282 2328 2358 νόμους
2368 2280 2512 2345 λίαν

153 2385 380 2461 ἁπλοῦς
443 2383 597 2452 εἶναι
657 2387 766 2452 καὶ
824 2388 1246 2469 βαρβαρικούς
1267 2412 1282 2426 ·
1354 2388 1872 2470 ἐσιδηροφοροῦντο
1927 2386 2058 2467 γὰρ
2116 2388 2166 2451 οἱ
2207 2386 2513 2459 Ἕλληνες

153 2490 247 2556 καὶ
308 2492 430 2568 τὰς
476 2500 785 2572 γυναῖκας
830 2495 1351 2559 ἘΩΝΟΤΝΤΟ
1400 2496 1547 2574 παρ’
1594 2494 1903 2569 ἀλλήλων.
1996 2490 2105 2557 Sic
2146 2492 2352 2580 igitur
2393 2491 2514 2556 for-

154 2616 353 2663 mosae
410 2598 667 2685 puellae
725 2619 852 2664 non
911 2600 1037 2664 sibi
1092 2605 1270 2665 erant
1329 2599 1740 2683 ἀλφεσίβοιαι
1756 2647 1775 2674 ,
1845 2597 1955 2664 sed
2015 2597 2304 2682 patribus
2360 2596 2511 2660 suis.

154 2701 315 2768 Audi
354 2707 617 2789 poetam
665 2701 889 2788 Odyss.
939 2713 1022 2768 A.
1069 2701 1223 2768 287.

274 2801 279 2805 ⁴
458 2814 620 2873 τοῖσι
662 2806 715 2873 δ’
762 2808 863 2873 ἐπ’
906 2807 1165 2890 ἰφθίμην
1211 2810 1386 2888 Πηρὼ
1431 2807 1575 2874 τέκε
1625 2809 1838 2887 θαῦμα
1884 2807 2186 2888 βροτοῖσι,

458 2913 573 2986 τὴν
619 2911 849 2985 πάντες
894 2911 1156 2989 μνώοντο
1203 2913 1583 2994 περικτίται·
1632 2911 1765 2978 οὐδέ
1807 2936 1868 2988 τι
1913 2909 2161 2987 Νηλεύς

458 3018 545 3098 τῷ
591 3015 781 3082 ἐδίδου
825 3014 888 3088 ὃς
932 3018 1024 3094 μὴ
1070 3013 1285 3089 ἕλικας
1329 3018 1481 3096 βοῦς
1530 3015 1989 3098 εὐρυμετώπους

459 3122 530 3186 ἐκ
579 3128 865 3195 Φυλακῆς
913 3120 1159 3187 ἐλάσειε
1202 3122 1347 3200 βίης
1392 3121 1798 3204 Ἰφικληείης.

157 3229 384 3311 optime
426 3226 777 3292 Pausanias
821 3227 898 3291 de
942 3247 1018 3291 ea
1057 3248 1126 3292 re
1171 3228 1263 3293 sic
1309 3228 1532 3293 scribit
1577 3224 1685 3290 IV.
1731 3224 1837 3291 36.
1887 3223 1950 3290 2.
1998 3223 2240 3295 ταύτας
2280 3225 2406 3307 γὰρ
2441 3224 2513 3300 δὴ

157 3329 266 3402 τὰς
326 3332 480 3410 βοῦς
538 3331 785 3404 Νηλεὺς
840 3330 1107 3396 'eANA
1174 3331 1272 3396 ἐπὶ
1335 3340 1412 3414 τῇ
1477 3330 1733 3411 θυγατρὶ
1782 3329 1912 3413 ᾔτει
1959 3329 2100 3401 τοὺς
2145 3329 2512 3407 μνωμένους.

158 3431 357 3513 Quid?
400 3440 667 3521 putesne
709 3436 773 3501 Ν
774 3435 985 3501 eleum
1029 3438 1299 3502 eximias
1344 3458 1422 3501 ex
1468 3433 1794 3501 Thessalia
1837 3435 2032 3500 boves
2076 3432 2306 3519 Iphicli
2347 3431 2515 3498 filiae

158 3557 298 3604 suae
338 3545 552 3625 petere
596 3561 677 3605 an
719 3540 949 3604 sibimet
990 3541 1159 3624 ipsi?
1204 3540 1482 3606 Minime
1529 3541 1870 3606 obscurum
1915 3539 2035 3604 hoc
2079 3538 2337 3623 quidem
2383 3540 2512 3615 est,

161 3647 220 3706 et
258 3642 606 3709 Pausanias
648 3644 878 3709 diserte
922 3646 977 3729 §-
1007 3643 1067 3709 3.
1117 3647 1363 3721 Νηλεὺς
1411 3643 1693 3722 γενέσθαι
1736 3645 1789 3709 οἱ
1829 3643 1978 3720 βοῦς
2011 3643 2358 3720 ἐπεθύμησε
2394 3641 2515 3714 τὰς

160 3747 430 3824 Ἰφίκλου
449 3798 467 3824 ,
513 3754 579 3814 et
621 3751 712 3814 sic
754 3750 1181 3835 pulcherrima
1222 3749 1584 3835 puellarum
1614 3749 1777 3814 Pero
1814 3750 1982 3833 patri
2017 3768 2131 3814 suo
2148 3795 2166 3826 ,
2212 3767 2339 3812 non
2361 3747 2516 3824 sibi,

160 3850 277 3916 fuit
321 3853 730 3935 ἀλφεσίβοιαι.
822 3853 998 3919 Haec
1044 3855 1170 3919 sibi
1213 3859 1394 3940 pater
1437 3851 1580 3918 ἕδνα
1605 3853 1730 3940 ,ἐπὶ
1776 3862 1856 3935 τῇ·
1904 3852 2159 3940 θυγατρὶ
2202 3853 2373 3917 αἰτεῖ
2385 3900 2403 3930 ,
2453 3857 2519 3917 et

160 3973 281 4021 uuo
337 3960 533 4024 verbo
594 3959 1023 4024 ἐεδνοῦται
1085 3959 1195 4032 τὴν
1258 3958 1610 4037 θυγατέρα,
1677 3957 1747 4022 id
1806 3963 1902 4023 est
1960 3958 2061 4022 ἐπὶ
2108 3955 2340 4029 τούτοις
2389 3962 2515 4027 τοῖς

162 4055 335 4135 ἕδνοις
394 4064 509 4137 τὴν
565 4064 876 4144 θυγατέρα
939 4066 1023 4144 τῷ
1070 4070 1325 4143 μνηςῆρι
1374 4062 1629 4129 δίδωσιν.
1723 4062 1894 4127 Hinc
1937 4065 2122 4129 uxori
2164 4065 2367 4127 iratus
2404 4061 2516 4124 ‘'H-

166 4168 383 4241 Φαιςος
430 4166 655 4254 Odyss.
706 4177 782 4232 Θ.
833 4165 963 4233 317
1010 4169 1104 4233 ita
1148 4168 1339 4232 dicit:

786 4271 962 4338 ἄλλα
1011 4278 1184 4355 σφωε
1230 4272 1399 4344 δόλος
1446 4273 1549 4336 καὶ
1598 4272 1819 4350 δεσμὸς
1869 4269 2094 4351 ἐρύξει,

475 4377 667 4443 εἰσόκε
717 4401 818 4455 μοι
867 4377 1049 4455 μάλα
1100 4378 1314 4443 πάντα
1361 4381 1565 4459 πατὴρ
1615 4378 1912 4457 ἀποδῷσιν
1963 4374 2172 4454 ἔεδνα,
