2934 5050
350 275 476 339 162
1133 299 1609 346 oassnvmoues
1653 298 1924 346 caiuma

438 465 508 531 P.
559 469 710 532 264.
769 471 845 532 17
899 465 1187 554 disputat
1234 468 1538 534 Calasiris
1575 466 1654 533 de
1691 468 1906 553 eapite
1945 464 2075 534 Nili
2114 464 2282 553 quod
2325 462 2536 531 adhue
2570 460 2713 528 latet

345 578 413 635 et
456 589 579 636 eur
621 574 912 637 omnium
964 573 1307 641 fluviorum
1360 574 1466 640 ille
1514 572 1692 640 solus
1737 581 1985 640 aestate
2028 579 2302 640 creseat.
2397 569 2602 637 Verba
2638 568 2714 634 ihi

348 683 534 742 sunt:
581 685 697 742 τῶν
743 676 983 755 ἀνέμων
1028 684 1158 745 πᾶν
1202 680 1382 765 νέφος
1432 680 1805 747 ἐλαυνόντων
1850 676 1962 754 ἕως
2008 679 2110 744 ἐπὶ
2158 680 2271 755 τὴν
2316 674 2714 755 διακεκαυμέ-

352 808 452 860 νην
514 783 695 864 ζώνην
766 783 1192 862 συνάξουσι.
1311 786 1486 854 Satis
1554 787 1680 852 iam
1749 787 2038 873 peccavit
2103 782 2512 859 HeliodoruS,
2581 800 2713 847 eum

351 888 733 976 particulam
784 889 863 955 ἂν
909 890 1275 968 omitteret,
1323 891 1436 959 sed
1500 889 1621 969 ἥξοι
1683 873 2094 978 ρτοῆγαγον
2143 908 2500 974 numquam
2547 886 2718 952 dixit.

354 994 726 1070 Rescribam
810 994 1288 1073 συννάξωσι.
1402 996 1579 1065 Idem
1666 998 1898 1063 vitium
1972 998 2035 1063 iu
2111 994 2429 1063 Herodoto
2497 991 2721 1060 alieubi

353 1101 676 1188 Reiskius‘
703 1102 984 1168 correxit
1029 1101 1253 1168 eodem
1302 1102 1515 1172 modo.

443 1205 655 1271 Etiam
721 1203 975 1270 facilins
1035 1209 1274 1292 corrigi
1342 1217 1551 1294 potest
1615 1209 1914 1295 sequenti
1962 1209 2196 1295 pagina
2247 1209 2402 1273 265.
2455 1209 2577 1270 27:
2625 1202 2725 1271 καί

351 1336 437 1390 με
506 1309 818 1392 ἠσπάζετο
886 1312 996 1376 καί
1067 1337 1129 1379 τι
1196 1314 1535 1392 βούλεσθαι
1606 1314 1642 1380 δ
1658 1339 1737 1380 ια
1758 1313 1979 1397 Φριέζ
1989 1337 2106 1381 ειν
2175 1311 2417 1392 ἔλεγεν.
2514 1309 2726 1378 Scribe

359 1414 722 1481 uncialibus
772 1415 977 1482 literis
1021 1426 1087 1484 et
1135 1438 1267 1486 uno
1316 1430 1538 1487 tenore
1581 1429 1648 1487 et
1689 1420 1911 1486 statim
1960 1417 2268 1486 emieabit
2316 1436 2466 1484 vera
2515 1415 2726 1483 lectio:

355 1521 517 1605 ἰδίᾳ
564 1520 951 1604 φράζειν,
998 1523 1165 1608 quod
1218 1525 1383 1591 idem
1434 1535 1613 1593 recte
1661 1524 1902 1613 legitur
1950 1545 2010 1611 p.
2037 1531 2193 1593 556.
2243 1529 2282 1589 3
2330 1531 2399 1590 et
2443 1526 2728 1591 568.150.

358 1626 673 1695 Admonet
735 1648 838 1695 me
895 1630 1016 1694 iste
1073 1628 1252 1696 locus
1317 1653 1378 1719 p.
1422 1638 1579 1699 541.
1632 1636 1753 1709 43,
1817 1630 1926 1697 ubi
1985 1636 2387 1697 memoratur
2431 1627 2730 1710 δωμάτιον

355 1734 974 1818 ἀνακεχωρηκὸς
1023 1736 1157 1802 καὶ
1206 1737 1544 1821 ἰδιάζον.
1640 1735 2022 1806 monstrabit
2062 1734 2183 1801 hoe
2226 1734 2380 1821 quid
2425 1754 2728 1822 reponen-

354 1838 510 1905 dum
558 1841 644 1905 sit
691 1839 859 1927 apud
926 1840 1356 1909 Herodianum
1420 1842 1555 1909 vn.
1605 1846 1687 1910 6:
1735 1842 1973 1909 κελεύει
2032 1840 2300 1915 δἀὖτοῖς
2347 1841 2460 1924 πρὸ
2506 1848 2619 1918 τῆς
2659 1837 2728 1907 ἕω

355 1947 441 2022 εἷς
487 1949 599 2024 τὴν
658 1947 895 2025 Ῥώμην
953 1950 1352 2015 κατελθοῦσιν
1402 1950 1686 2025 ἑπιςῆναι
1735 1949 1826 2015 ἔτι
1884 1946 2307 2030 δικάζοντι
2354 1947 2463 2014 καὶ
2507 1949 2730 2014 ἀνακε-

355 2051 658 2137 χωρηκότι
721 2054 807 2134 τῷ
869 2055 1216 2136 Βιταλιανξό
1279 2056 1341 2121 ἐν
1400 2057 1486 2137 τῷ
1549 2060 1658 2122 τοῦ
1706 2054 2050 2135 δικαςηρίου
2097 2053 2362 2136 vinclo-uqi.
2458 2052 2733 2139 Apparet

71 2159 605 2245 ‘vm-‘requiri
651 2159 1067 2241 ἶδίαζοντι
1114 2160 1248 2227 καὶ
1296 2161 1970 2245 ἀνακεχωρηκότι
2035 2167 2100 2226 et
2158 2159 2526 2225 rectissime
2571 2156 2731 2224 infra

356 2265 598 2352 legitur
658 2265 968 2342 ε’πέςησαν
1032 2268 1202 2349 αὐτῷ
1264 2267 1577 2350 ἰδιάζοντι.
1669 2266 1848 2334 Idem
1909 2265 2015 2332 ille
2076 2264 2520 2342 Herodianus,
2569 2262 2729 2352 quod

357 2371 547 2439 modo
594 2373 661 2436 in
708 2369 1046 2437 Heliodoro
1092 2371 1416 2453 vidimuS,
1466 2374 1603 2461 ipse
1648 2392 1906 2460 quoque
1950 2390 2109 2437 usus
2164 2370 2423 2439 videtur
2465 2370 2736 2438 barbaro

359 2478 600 2545 aoristo
645 2475 797 2558 ἄξαι
860 2497 974 2567 pro
1020 2479 1334 2559 ἀγαγεῖν·
1400 2478 1480 2546 ll.
1536 2484 1645 2547 15:
1695 2479 1830 2561 ἐμοὶ
1891 2478 1954 2545 δὲ
1998 2477 2226 2551 σκοπὸς
2275 2476 2544 2561 ὑπάρχει
2588 2477 2736 2546 ἑτῶν

356 2584 782 2665 ἑβδομήκοντα
860 2583 1115 2668 πράξεις
1197 2593 1441 2653 πολλῶν
1526 2585 1838 2667 βασιλέων
1918 2583 2367 2663 συναξαντι
2457 2585 2733 2669 γράψαι,

359 2689 548 2758 Haud
611 2709 841 2776 parum
914 2700 1200 2777 praestat
1260 2690 1793 2771 συντάξαντι,
1849 2689 2074 2758 eodem
2144 2689 2332 2759 modo
2390 2711 2519 2779 quo
2564 2689 2739 2778 apud

357 2795 774 2865 Plutarchum
818 2796 898 2864 de
936 2799 1149 2865 Anim.
1191 2798 1404 2865 Proor.
1455 2820 1517 2886 p.
1559 2798 1803 2865 iolebz
1852 2799 1964 2875 rina
2020 2794 2203 2875 δόξαν
2252 2796 2321 2874 ἣν
2368 2795 2541 2881 εἶχεν
2588 2797 2738 2879 ὑπὲρ

352 2909 608 2986 ψυχῆς,
643 2901 832 2970 οἴεσθε
871 2903 993 2969 δεῖν
1029 2906 1114 2978 εἰς
1136 2900 1200 2970 ἓν
1237 2906 1739 2986 συναχθῆναι,
1786 2922 2010 2970 verum
2054 2911 2154 2970 est
2190 2906 2737 2986 συνταχθῆναι.

446 3010 708 3077 Praeter
755 3009 1072 3076 Heliodori
1142 3020 1421 3077 mentem
1486 3009 1727 3097 legitur
1775 3031 1837 3098 p.
1872 3013 2027 3076 281.
2076 3014 2113 3075 7
2161 3008 2515 3090 ὡμολόγουν
2561 3011 2738 3088 ἧμε·

353 3116 726 3194 ληκέναι·
789 3125 1054 3203 apparet
1118 3115 1537 3183 Calasiridem
1603 3115 2101 3203 diligentissime
2163 3134 2423 3203 operam
2487 3112 2738 3183 dedisse

355 3225 575 3307 itaque
624 3240 859 3308 repono
905 3223 1594 3303 μεμελετηκέναι.
1690 3222 1854 3288 Tum
1900 3230 2125 3288 notum
2169 3230 2268 3288 est
2307 3218 2480 3288 ludis
2519 3218 2735 3311 Olym·

357 3327 559 3417 piacis
610 3346 649 3391 a
706 3345 1017 3412 praecone
1081 3348 1342 3395 carmen
1407 3328 1667 3395 recitari
1732 3327 1995 3394 solitum
2067 3325 2269 3393 fuisse
2330 3325 2739 3414 anapaestico

357 3442 568 3500 metro
629 3433 1091 3519 conscriptum.
1186 3434 1338 3520 Egit
1398 3433 1478 3500 de
1540 3431 1658 3499 hoc
1709 3441 1962 3500 vetusto
2009 3433 2299 3499 carmine
2343 3432 2622 3500 Cobetus
2667 3432 2731 3496 iu

359 3539 664 3606 Mnemos.
714 3537 826 3604 lx.
878 3559 935 3624 p.
965 3542 1090 3605 261
1144 3548 1210 3606 et
1255 3539 1335 3607 ad
1393 3537 1853 3607 Philostratum
1901 3539 2036 3622 περὶ
2085 3546 2483 3619 γυμναςικῆς
2529 3559 2593 3628 p.
2626 3541 2733 3608 39.

363 3645 577 3712 Prima
622 3644 816 3711 verba
862 3655 1049 3711 erant

940 3750 1169 3833 '‘Apxee
1214 3752 1330 3832 μὲν
1378 3752 1552 3831 ἀγὼν
1599 3758 1718 3818 τῶν
1765 3749 2083 3821 καλλΙςων

970 3847 1191 3924 ἄθλιοί
1216 3858 1457 3936 ταμίας
1477 3909 1499 3935 ,
1531 3850 1747 3941 ’καιρὸς
1797 3859 1860 3925 δὲ
1898 3863 2091 3925 καλεῖ

969 3963 1194 4044 μηκέτι
1242 3963 1522 4044 μέλλειν.
2867 4024 2868 4039 2

455 4065 745 4135 Indidem
799 4079 870 4136 ut
932 4068 1095 4135 mihi
1162 4068 1422 4156 quidem
1490 4068 1747 4138 videtur
1792 4068 2163 4137 desumtum
2213 4075 2314 4135 est
2361 4088 2422 4155 p.
2451 4072 2611 4136 282.
2653 4072 2736 4135 9:
2867 4116 2868 4145 2

361 4174 539 4246 τέλος
586 4174 616 4240 ὃ
661 4174 778 4253 μὲν
822 4173 1011 4257 κήρυξ

1036 4280 1293 4365 ’Ἄνδρες
1339 4282 1597 4350 ὁπλῖται
1644 4282 1977 4364 παριόντων

361 4382 731 4469 ἀνεβόησεν,
783 4386 904 4452 nisi
955 4384 1118 4454 forte
1159 4382 1424 4455 'fortuna
1481 4388 1672 4455 verba
1722 4389 1787 4454 in
1831 4386 2023 4456 metri
2069 4390 2348 4473 speeiem
2391 4408 2736 4458 concurre·
