2934 5050
1083 282 1168 328 AD
1215 281 1744 330 nmorms'ruu.
2526 254 2609 318 39

235 442 365 508 1000
423 447 795 516 Leocrateae
855 453 909 535 ξ.
967 450 1114 515 145.
1175 472 1323 538 pag.
1379 451 1545 529 167,
1621 453 1727 517 42.
1795 453 1981 532 ἐχρῆν
2039 488 2122 499 -—
2187 449 2239 512 εἶ
2304 447 2408 509 καὶ
2472 445 2605 524 περὶ

234 550 454 625 οὐδενὸς
496 554 695 621 ἄλλου
750 556 1002 635 νόμιμόν
1050 557 1140 625 ἑςι
1190 557 1422 629 παῖδας
1474 557 1576 621 καὶ
1628 566 1934 635 γυναῖκας
1981 550 2603 636 παρακαθισαμένους

233 656 465 732 ἑαυτοῖς
516 665 653 735 τοὺς
697 663 958 735 δικαςιὶς
1006 661 1271 744 δικάζειν
1318 665 1466 727 ἀλλ’
1515 660 1613 729 οὖν
1652 664 1784 743 περὶ
1826 663 2144 743 προδοσίας
2183 683 2260 737 γε
2301 656 2608 737 κρίνοντας

233 757 410 834 οὕτως
476 762 634 831 ὅσιον
704 765 855 834 εἶναι
920 775 1099 835 τοῦτο
1170 767 1485 849 πράττειν.
1597 768 1782 834 Nihil
1842 772 2054 832 autem
2117 768 2382 830 interest
2442 765 2614 827 inter

232 874 796 953 παρακαθισάμενοι
860 877 1098 948 ἑαυτοῖς
1146 880 1212 941 et
1256 878 1403 954 παρ’
1452 876 1707 947 ἑαυτοὺς
1754 872 2170 951 καθισάμενοι.
2266 867 2610 936 Καθιςοέναι

229 996 372 1042 vero
429 984 496 1043 et
555 980 924 1049 καθίσασθαι
986 982 1173 1068 plane
1234 982 1312 1046 ab
1372 982 1491 1046 hoc
1553 984 1930 1067 argumento
1988 978 2196 1043 aliena
2253 996 2387 1041 esse
2449 971 2602 1058 quid

229 1081 447 1148 multis
490 1087 707 1152 verbis
749 1088 831 1153 ad
873 1087 1436 1153 demonstrandum
1480 1107 1638 1171 opus
1684 1083 1821 1151 est?

314 1293 475 1361 Ibid.
524 1296 709 1372 δεινὸς
758 1300 1102 1375 κτήσασθαι
1138 1336 1221 1347 -
1259 1299 1362 1362 καὶ
1410 1299 1683 1362 αὐλαίαν
1730 1294 1998 1377 ἔχουσαν
2044 1294 2283 1376 Πέρσας
2332 1294 2605 1371 ἐνυφασ-

231 1401 495 1488 μένους].
591 1402 666 1467 In
732 1403 852 1469 tali
916 1425 985 1470 re
1044 1403 1232 1469 aliter
1288 1406 1527 1479 Attici,
1601 1424 1756 1489 quos
1823 1402 2294 1488 Theophrastus
2357 1395 2610 1462 dicendi

229 1511 569 1594 magistros
613 1509 806 1574 habet
822 1557 839 1587 ,
889 1509 1077 1576 aliter
1120 1508 1348 1575 Graeci
1394 1515 1460 1574 et
1505 1508 1806 1575 Graeculi
1850 1512 2213 1594 aequiorum
2247 1512 2608 1589 temporum

228 1611 396 1698 loqui
463 1613 692 1680 solent.
800 1617 1004 1680 Attici
1073 1616 1367 1680 dicebant
1436 1616 1710 1680 αὐλαίαν
1779 1616 2018 1694 Πέρσας
2083 1609 2562 1694 ε’νυΦασμένῙ-ΙΝ
2589 1655 2606 1683 ,

229 1722 542 1803 nequiores
581 1720 819 1800 Πέρσας
861 1722 1388 1801 ἐνυφασμένΟΤΟ
1419 1724 1879 1786 ’'GXOTCAN.
1943 1718 2401 1805 Exemplorum
2423 1714 2612 1800 plena

229 1831 370 1889 sunt
413 1828 655 1891 omnia.
749 1825 920 1892 Satis
965 1834 1061 1892 est
1106 1827 1386 1912 exempli
1429 1830 1498 1892 in
1541 1827 1661 1892 hoc
1705 1845 1866 1892 uno:
1936 1826 2119 1905 ἑώρων
2167 1824 2222 1887 δ’
2275 1824 2459 1887 αὐτὸν
2505 1820 2608 1885 τὸν

232 1930 528 1995 Φίλιππον
591 1932 696 1996 τὸν
743 1933 1067 2013 ὀφθαλμὸν
1113 1931 1590 2010 ἐκκεκομμένον,
1659 1934 1768 2007 τὴν
1814 1938 1982 1995 κλεῖν
2029 1928 2435 2006 κατεαγότα,
2499 1927 2610 1999 τὴν

230 2045 441 2116 χεῖρα,
504 2037 604 2102 τὸ·
645 2037 859 2109 σκέλος
921 2039 1373 2118 πεπηρωμένον.
1473 2037 1709 2102 Omnes
1768 2039 1861 2102 sic
1904 2038 2108 2101 Attici
2169 2052 2425 2100 summa
2470 2052 2611 2096 con·

231 2146 474 2208 stantia.
573 2141 813 2207 Utrum
861 2146 1067 2231 igitur
1110 2164 1149 2209 a
1192 2142 1625 2229 Theophrasto
1669 2145 1980 2228 scriptum
2025 2137 2366 2228 putemus?
2459 2136 2610 2202 Sine

232 2251 654 2314 controversia
690 2251 825 2334 ipse
857 2248 1146 2314 dederat:
1191 2250 1294 2314 καὶ
1336 2251 1612 2316 αὐλαίαν
1647 2249 1887 2327 Πέρσας
1913 2245 2344 2329 ἐνυφασμένην
2368 2297 2381 2318 ,
2416 2245 2608 2328 idque

231 2359 438 2437 postea
480 2355 697 2419 nescio
740 2356 884 2439 quis
928 2354 1009 2420 ad
1053 2376 1203 2421 suae
1247 2358 1476 2421 aetatis
1519 2355 2041 2421 consuetudinem
2084 2351 2356 2418 refinxit.

314 2565 471 2631 Ibid.
519 2569 822 2632 continuo
871 2570 1202 2653 ,sequiturt
1268 2569 1372 2632 καὶ
1422 2570 1691 2633 αὐλίδιον
1734 2575 2214 2648 παλαιστριαῒον
2261 2562 2417 2629 κόνιν
2463 2562 2607 2646 ἔχον

232 2674 327 2733 καὶ
372 2673 789 2754 σφαιριςήριον
838 2676 944 2738 καὶ
993 2679 1171 2738 τοῦτο
1203 2677 1440 2753 περιϊὼν
1475 2684 1633 2741 XPH
1686 2683 1864 2740 NTN
1905 2675 2002 2739 οἷοὶ
2042 2680 2168 2743 τοῖς
2207 2669 2607 2754 Φιλοσόφοις,

232 2785 344 2849 τοῖς
393 2785 691 2860 σοφιςαῖς
719 2828 736 2855 ,
786 2787 911 2852 τοῖς
961 2780 1349 2860 ὅπλομάχοις
1376 2830 1391 2854 ,
1442 2790 1568 2853 τοῖς
1620 2770 1956 2860 ἁρμονικοῖς
2006 2777 2460 2861 ἐνδείκνυσθαι]
2532 2774 2605 2840 In

232 2891 344 2962 χρῆ
390 2888 490 2948 νῦν
539 2884 704 2950 latet
741 2883 1158 2970 Theophrasti
1195 2906 1424 2950 manus
1462 2886 1754 2968 κιχραναι
1791 2887 2176 2950 commodare:
2223 2882 2336 2949 alii
2373 2890 2603 2963 χρῆσαι

235 2997 639 3073 reposuerunt
653 3038 670 3066 ,
738 2990 849 3055 sed
904 2988 1012 3056 vel
1067 2995 1321 3076 propter
1381 2991 1485 3056 ἀεί
1528 2992 1823 3057 additum
1881 3011 2075 3075 prope
2120 2990 2467 3054 necessaria
2512 2993 2608 3053 est

235 3099 570 3178 praesentis
635 3095 841 3160 forma
908 3097 1220 3176 κιχραναι.
1247 3182 1268 3191 „
1332 3095 1667 3162 Praeterea
1731 3096 2111 3160 mendosum
2177 3101 2273 3160 est
2339 3093 2609 3159 αὐλίδιον

238 3211 697 3281 παλαιςριαῒον,
739 3203 911 3286 quod
955 3202 1111 3287 quid
1156 3205 1242 3266 sit
1284 3223 1474 3268 nemo
1512 3203 1770 3268 dixerit.
1840 3200 1915 3266 In
1956 3209 2423 3280 παλαιςρΙΑῐον
2460 3221 2611 3266 vera

234 3302 443 3385 lectio,
507 3310 566 3372 si
610 3309 755 3392 quis
813 3307 933 3373 hoc
993 3311 1166 3394 agit,
1227 3308 1524 3393 pellucet.
1618 3308 1866 3394 Nempe
1912 3308 2363 3387 παλαις-ρίΔιον
2408 3305 2607 3370 'Pheo-

234 3411 467 3495 phrasti
522 3434 758 3478 manus
820 3419 916 3479 est
931 3460 949 3491 ,
1012 3434 1139 3498 qua
1197 3413 1396 3478 semel
1452 3421 1701 3499 reperta
1761 3413 2027 3478 αὐλίδιον
2078 3411 2370 3476 lubenter
2414 3408 2608 3474 sciolo

235 3520 336 3601 qui
378 3519 628 3585 addidit
667 3519 1025 3586 reddemus.
1097 3519 1192 3585 De
1231 3519 1451 3585 eadem
1497 3541 1564 3584 re
1601 3523 1670 3583 in
1700 3518 1823 3585 fine
1861 3520 2087 3604 capitis
2114 3517 2354 3581 dicitur
2386 3516 2607 3580 τούτου

238 3621 351 3690 ἕςὶν
398 3629 431 3699 ἧ
474 3625 824 3705 παλαίςρα.
920 3625 1139 3690 Unum
1200 3628 1398 3690 etiam
1455 3625 1764 3690 mendum
1808 3629 2120 3711 superest:
2182 3622 2609 3701 παλαιςρίδιον

239 3730 514 3811 κιχράναι
551 3769 638 3779 -
662 3739 786 3804 τοῖς
838 3731 1176 3812 ἁρμονικοῖς
1226 3730 1723 3795 'walamerem
1794 3733 2050 3796 Amissa
2092 3733 2189 3792 est
2230 3729 2610 3812 praepositio

241 3852 480 3917 prorsus
541 3844 606 3902 et
664 3837 744 3902 ad
798 3835 922 3901 loci
982 3840 1363 3902 sententiam
1424 3843 1490 3901 et
1546 3837 1629 3901 ad
1675 3842 2067 3902 constantem
2118 3833 2372 3898 dicendi
2416 3854 2607 3898 usum

243 3946 595 4008 necessaria.
687 3941 1022 4027 Sophistae
1041 3990 1057 4018 ‚
1106 3942 1547 4027 hoplomachi,
1596 3942 1949 4011 harmonici
1988 3946 2057 4005 et
2101 3959 2320 4004 omnes
2357 3942 2469 4024 qui
2510 3943 2613 4004 sui

242 4045 485 4113 artificii
529 4052 849 4135 specimen
893 4048 1128 4134 populo
1171 4049 1371 4113 edunt
1414 4047 1521 4113 vel
1565 4049 1868 4113 exhibent
1905 4048 2203 4112 dicuntur
2242 4049 2309 4110 in
2348 4044 2615 4112 Graecia

245 4150 737 4220 ἘΠίδείκνυσθαι
783 4162 849 4220 et
891 4157 1196 4220 ποιεῖσθαι
1242 4153 1580 4229 ἐπίδειξιν.
1654 4155 1739 4219 Et
1781 4157 1873 4220 rei
1918 4160 1986 4219 et
2019 4155 2298 4218 nominis
2329 4153 2613 4239 frequen-

250 4255 523 4324 tissimus
573 4261 742 4347 apud
783 4281 1005 4327 omnes
1049 4281 1201 4325 usm
1245 4265 1378 4337 est,
1444 4266 1510 4326 et
1556 4257 1845 4336 ἐπίδειξις
1886 4265 1960 4325 et
2002 4259 2446 4325 ἐπιδείκνυσθαι
2506 4279 2613 4325 vo-

256 4361 465 4428 cabula
503 4373 660 4431 sunt
697 4365 1074 4446 μυριόλεκτα
1136 4365 1402 4431 eandem
1447 4386 1697 4451 semper
1740 4373 1805 4432 et
1850 4366 2123 4432 formam
2184 4370 2249 4430 et
2291 4367 2615 4428 notionem
