<?xml version="1.0" encoding="UTF-8"?>
<!DOCTYPE html PUBLIC "-//W3C//DTD XHTML 1.0 Transitional//EN"
    "http://www.w3.org/TR/xhtml1/DTD/xhtml1-transitional.dtd">
<html xmlns="http://www.w3.org/1999/xhtml" xml:lang="en" lang="en">
 <head>
  <title>
</title>
<meta http-equiv="Content-Type" content="text/html;charset=utf-8" />
  <meta name='ocr-system' content='tesseract 3.04.00' />
  <meta name='ocr-capabilities' content='ocr_page ocr_carea ocr_par ocr_line ocrx_word'/>
</head>
<body>
  <div class='ocr_page' id='page_1' title='image "./mnemosynebiblio09servgoog_0466.png"; bbox 0 0 2934 5050; ppageno 0'>
   <div class='ocr_carea' id='block_1_1' title="bbox 383 313 1910 374">
    <p class='ocr_par' dir='ltr' id='par_1_1' title="bbox 383 313 1910 374">
     <span class='ocr_line' id='line_1_1' title="bbox 383 313 1910 374; baseline -0.006 0"><span class='ocrx_word' id='word_1_1' title='bbox 383 315 419 374; x_wconf 71' lang='lat'><strong>⁴</strong></span> <span class='ocrx_word' id='word_1_2' title='bbox 435 313 513 373; x_wconf 87' lang='lat' dir='ltr'><strong>to</strong></span> <span class='ocrx_word' id='word_1_3' title='bbox 1230 319 1632 367; x_wconf 55' lang='lat' dir='ltr'><strong>contamina</strong></span> <span class='ocrx_word' id='word_1_4' title='bbox 1677 321 1910 367; x_wconf 68' lang='grc' dir='ltr'><strong>ιΑτιιιΑ.</strong></span> 
     </span>
    </p>
   </div>
   <div class='ocr_carea' id='block_1_2' title="bbox 386 486 2840 4461">
    <p class='ocr_par' dir='ltr' id='par_1_2' title="bbox 388 486 2737 994">
     <span class='ocr_line' id='line_1_2' title="bbox 388 486 2737 576; baseline -0.002 -18"><span class='ocrx_word' id='word_1_5' title='bbox 388 500 787 559; x_wconf 73' lang='lat' dir='ltr'><strong>structuram</strong></span> <span class='ocrx_word' id='word_1_6' title='bbox 850 493 1133 576; x_wconf 89' lang='lat' dir='ltr'><strong>primum</strong></span> <span class='ocrx_word' id='word_1_7' title='bbox 1182 508 1334 556; x_wconf 89' lang='lat' dir='ltr'><strong>cum</strong></span> <span class='ocrx_word' id='word_1_8' title='bbox 1381 487 1785 555; x_wconf 79' lang='lat' dir='ltr'><strong>Accusativis</strong></span> <span class='ocrx_word' id='word_1_9' title='bbox 1831 487 2103 567; x_wconf 86' lang='lat' dir='ltr'><strong>obiecti,</strong></span> <span class='ocrx_word' id='word_1_10' title='bbox 2153 486 2388 555; x_wconf 87' lang='lat' dir='ltr'><strong>deinde</strong></span> <span class='ocrx_word' id='word_1_11' title='bbox 2432 506 2585 555; x_wconf 90' lang='lat' dir='ltr'><strong>cum</strong></span> <span class='ocrx_word' id='word_1_12' title='bbox 2630 488 2737 554; x_wconf 80' lang='lat' dir='ltr'><strong>Ac·</strong></span> 
     </span>
     <span class='ocr_line' id='line_1_3' title="bbox 388 593 1934 683; baseline -0.007 -19"><span class='ocrx_word' id='word_1_13' title='bbox 388 597 680 664; x_wconf 86' lang='lat' dir='ltr'><strong>cusativo</strong></span> <span class='ocrx_word' id='word_1_14' title='bbox 722 613 873 661; x_wconf 87' lang='lat' dir='ltr'><strong>cum</strong></span> <span class='ocrx_word' id='word_1_15' title='bbox 923 593 1266 661; x_wconf 79' lang='lat' dir='ltr'><strong>infinitivo.</strong></span> <span class='ocrx_word' id='word_1_16' title='bbox 1919 672 1934 683; x_wconf 43' lang='lat'><strong>·</strong></span> 
     </span>
     <span class='ocr_line' id='line_1_4' title="bbox 1310 696 1842 784; baseline -0.002 -19"><span class='ocrx_word' id='word_1_17' title='bbox 1310 696 1558 765; x_wconf 84' lang='lat' dir='ltr'><strong>Ibidem</strong></span> <span class='ocrx_word' id='word_1_18' title='bbox 1610 702 1695 764; x_wconf 76' lang='lat'><strong>23</strong></span> <span class='ocrx_word' id='word_1_19' title='bbox 1744 718 1842 784; x_wconf 86' lang='lat' dir='ltr'><strong>sq.</strong></span> 
     </span>
     <span class='ocr_line' id='line_1_5' title="bbox 615 800 2244 891; baseline 0.001 -23"><span class='ocrx_word' id='word_1_20' title='bbox 615 803 770 891; x_wconf 86' lang='lat' dir='ltr'><strong>quid</strong></span> <span class='ocrx_word' id='word_1_21' title='bbox 820 801 1048 869; x_wconf 78' lang='lat' dir='ltr'>suadet</span> <span class='ocrx_word' id='word_1_22' title='bbox 1096 803 1312 868; x_wconf 87' lang='lat' dir='ltr'><strong>iuveni</strong></span> <span class='ocrx_word' id='word_1_23' title='bbox 1363 801 1570 867; x_wconf 87' lang='lat' dir='ltr'><strong>laetus</strong></span> <span class='ocrx_word' id='word_1_24' title='bbox 1617 800 1896 868; x_wconf 73' lang='lat' dir='ltr'><strong>stridore</strong></span> <span class='ocrx_word' id='word_1_25' title='bbox 1941 810 2244 879; x_wconf 77' lang='lat' dir='ltr'><strong>catenae,</strong></span> 
     </span>
     <span class='ocr_line' id='line_1_6' title="bbox 614 906 2399 994; baseline -0.002 -20"><span class='ocrx_word' id='word_1_26' title='bbox 614 927 808 994; x_wconf 91' lang='lat' dir='ltr'><strong>quem</strong></span> <span class='ocrx_word' id='word_1_27' title='bbox 856 909 1023 974; x_wconf 90' lang='lat' dir='ltr'><strong>mire</strong></span> <span class='ocrx_word' id='word_1_28' title='bbox 1071 906 1385 973; x_wconf 83' lang='lat' dir='ltr'><strong>adficiunt</strong></span> <span class='ocrx_word' id='word_1_29' title='bbox 1426 907 1728 990; x_wconf 75' lang='lat' dir='ltr'><strong>inscripta</strong></span> <span class='ocrx_word' id='word_1_30' title='bbox 1768 908 2083 993; x_wconf 75' lang='lat' dir='ltr'><strong>erqastula</strong></span> <span class='ocrx_word' id='word_1_31' title='bbox 2130 906 2399 973; x_wconf 75' lang='lat' dir='ltr'><strong>carcer?</strong></span> 
     </span>
    </p>

    <p class='ocr_par' dir='ltr' id='par_1_3' title="bbox 390 1008 2742 1204">
     <span class='ocr_line' id='line_1_7' title="bbox 480 1008 2742 1099; baseline -0.001 -21"><span class='ocrx_word' id='word_1_32' title='bbox 480 1012 865 1079; x_wconf 77' lang='lat' dir='ltr'><strong>Scholiasta:</strong></span> <span class='ocrx_word' id='word_1_33' title='bbox 929 1013 1242 1099; x_wconf 88' lang='lat' dir='ltr'><strong>inscripta</strong></span> <span class='ocrx_word' id='word_1_34' title='bbox 1302 1008 1661 1099; x_wconf 81' lang='lat' dir='ltr'><strong>ergastula]</strong></span> <span class='ocrx_word' id='word_1_35' title='bbox 1714 1014 2064 1096; x_wconf 89' lang='lat' dir='ltr'><strong>quoniam,</strong></span> <span class='ocrx_word' id='word_1_36' title='bbox 2115 1014 2228 1098; x_wconf 89' lang='lat' dir='ltr'><strong>qui</strong></span> <span class='ocrx_word' id='word_1_37' title='bbox 2279 1012 2366 1076; x_wconf 90' lang='lat' dir='ltr'><strong>ihi</strong></span> <span class='ocrx_word' id='word_1_38' title='bbox 2419 1009 2742 1077; x_wconf 87' lang='lat' dir='ltr'><strong>includun-</strong></span> 
     </span>
     <span class='ocr_line' id='line_1_8' title="bbox 390 1118 1110 1204; baseline 0 -20"><span class='ocrx_word' id='word_1_39' title='bbox 390 1127 534 1195; x_wconf 87' lang='lat' dir='ltr'><strong>tur,</strong></span> <span class='ocrx_word' id='word_1_40' title='bbox 584 1118 883 1204; x_wconf 86' lang='lat' dir='ltr'><strong>inscripti</strong></span> <span class='ocrx_word' id='word_1_41' title='bbox 931 1125 1110 1185; x_wconf 88' lang='lat' dir='ltr'><strong>sunt.</strong></span> 
     </span>
    </p>

    <p class='ocr_par' dir='ltr' id='par_1_4' title="bbox 386 1220 2742 1604">
     <span class='ocr_line' id='line_1_9' title="bbox 476 1220 2742 1309; baseline -0.001 -20"><span class='ocrx_word' id='word_1_42' title='bbox 476 1223 615 1289; x_wconf 85' lang='lat' dir='ltr'><strong>Noli</strong></span> <span class='ocrx_word' id='word_1_43' title='bbox 682 1234 898 1290; x_wconf 89' lang='lat' dir='ltr'><strong>tamen</strong></span> <span class='ocrx_word' id='word_1_44' title='bbox 960 1231 1190 1309; x_wconf 86' lang='lat' dir='ltr'><strong>putare</strong></span> <span class='ocrx_word' id='word_1_45' title='bbox 1247 1220 1548 1308; x_wconf 75' lang='lat' dir='ltr'><strong>inscripto</strong></span> <span class='ocrx_word' id='word_1_46' title='bbox 1604 1221 1922 1306; x_wconf 76' lang='lat' dir='ltr'><strong>erqostula</strong></span> <span class='ocrx_word' id='word_1_47' title='bbox 1965 1220 2194 1287; x_wconf 84' lang='lat' dir='ltr'><strong>Latine</strong></span> <span class='ocrx_word' id='word_1_48' title='bbox 2238 1221 2368 1287; x_wconf 90' lang='lat' dir='ltr'><strong>dici</strong></span> <span class='ocrx_word' id='word_1_49' title='bbox 2421 1239 2604 1306; x_wconf 82' lang='lat' dir='ltr'><strong>posse</strong></span> <span class='ocrx_word' id='word_1_50' title='bbox 2643 1240 2742 1306; x_wconf 87' lang='lat' dir='ltr'><strong>pro</strong></span> 
     </span>
     <span class='ocr_line' id='line_1_10' title="bbox 386 1323 2742 1415; baseline -0.001 -22"><span class='ocrx_word' id='word_1_51' title='bbox 386 1329 824 1415; x_wconf 68' lang='lat' dir='ltr'><strong>inscriptorum</strong></span> <span class='ocrx_word' id='word_1_52' title='bbox 871 1326 1228 1413; x_wconf 71' lang='lat' dir='ltr'><strong>cryastula,</strong></span> <span class='ocrx_word' id='word_1_53' title='bbox 1276 1323 1391 1393; x_wconf 85' lang='lat' dir='ltr'><strong>sed</strong></span> <span class='ocrx_word' id='word_1_54' title='bbox 1435 1325 1716 1411; x_wconf 84' lang='lat' dir='ltr'><strong>explica:</strong></span> <span class='ocrx_word' id='word_1_55' title='bbox 1764 1326 1930 1392; x_wconf 78' lang='lat' dir='ltr'><strong>servi</strong></span> <span class='ocrx_word' id='word_1_56' title='bbox 1965 1327 2251 1413; x_wconf 76' lang='lat' dir='ltr'><strong>inscripti</strong></span> <span class='ocrx_word' id='word_1_57' title='bbox 2290 1326 2625 1413; x_wconf 69' lang='lat' dir='ltr'><strong>crya-stalis</strong></span> <span class='ocrx_word' id='word_1_58' title='bbox 2657 1326 2742 1390; x_wconf 70' lang='lat' dir='ltr'><strong>in-</strong></span> 
     </span>
     <span class='ocr_line' id='line_1_11' title="bbox 391 1429 2740 1519; baseline -0.002 -21"><span class='ocrx_word' id='word_1_59' title='bbox 391 1432 569 1499; x_wconf 77' lang='lat' dir='ltr'><strong>clusi.</strong></span> <span class='ocrx_word' id='word_1_60' title='bbox 655 1433 857 1519; x_wconf 89' lang='lat' dir='ltr'><strong>Saepe</strong></span> <span class='ocrx_word' id='word_1_61' title='bbox 919 1432 1091 1497; x_wconf 90' lang='lat' dir='ltr'><strong>enim</strong></span> <span class='ocrx_word' id='word_1_62' title='bbox 1157 1449 1272 1518; x_wconf 90' lang='lat' dir='ltr'><strong>per</strong></span> <span class='ocrx_word' id='word_1_63' title='bbox 1334 1430 1792 1519; x_wconf 79' lang='lat' dir='ltr'><strong>metonymiam</strong></span> <span class='ocrx_word' id='word_1_64' title='bbox 1857 1431 2176 1517; x_wconf 71' lang='lat' dir='ltr'><strong>erqaslula</strong></span> <span class='ocrx_word' id='word_1_65' title='bbox 2237 1432 2377 1518; x_wconf 89' lang='lat' dir='ltr'><strong>ipsa</strong></span> <span class='ocrx_word' id='word_1_66' title='bbox 2441 1429 2740 1516; x_wconf 80' lang='lat' dir='ltr'><strong>mancipia</strong></span> 
     </span>
     <span class='ocr_line' id='line_1_12' title="bbox 390 1537 721 1604; baseline -0.003 -1"><span class='ocrx_word' id='word_1_67' title='bbox 390 1537 721 1604; x_wconf 88' lang='lat' dir='ltr'><strong>dicuntur.</strong></span> 
     </span>
    </p>

    <p class='ocr_par' dir='ltr' id='par_1_5' title="bbox 388 1638 2746 2148">
     <span class='ocr_line' id='line_1_13' title="bbox 480 1638 2744 1726; baseline -0.002 -18"><span class='ocrx_word' id='word_1_68' title='bbox 480 1641 913 1709; x_wconf 78' lang='lat' dir='ltr'><strong>Nihilominus</strong></span> <span class='ocrx_word' id='word_1_69' title='bbox 973 1640 1264 1707; x_wconf 87' lang='lat' dir='ltr'><strong>additum</strong></span> <span class='ocrx_word' id='word_1_70' title='bbox 1327 1661 1543 1706; x_wconf 83' lang='lat' dir='ltr'><strong>carcer</strong></span> <span class='ocrx_word' id='word_1_71' title='bbox 1602 1640 1817 1726; x_wconf 85' lang='lat' dir='ltr'><strong>potius</strong></span> <span class='ocrx_word' id='word_1_72' title='bbox 1875 1638 2148 1707; x_wconf 87' lang='lat' dir='ltr'><strong>suadere</strong></span> <span class='ocrx_word' id='word_1_73' title='bbox 2194 1638 2492 1719; x_wconf 75' lang='lat' dir='ltr'><strong>videtur,</strong></span> <span class='ocrx_word' id='word_1_74' title='bbox 2549 1646 2617 1705; x_wconf 87' lang='lat' dir='ltr'><strong>ut</strong></span> <span class='ocrx_word' id='word_1_75' title='bbox 2655 1656 2744 1703; x_wconf 81' lang='lat' dir='ltr'><strong>er·</strong></span> 
     </span>
     <span class='ocr_line' id='line_1_14' title="bbox 388 1742 2743 1836; baseline -0.002 -22"><span class='ocrx_word' id='word_1_76' title='bbox 388 1748 641 1836; x_wconf 67' lang='lat' dir='ltr'><strong>qastula</strong></span> <span class='ocrx_word' id='word_1_77' title='bbox 702 1768 893 1815; x_wconf 87' lang='lat' dir='ltr'><strong>sensu</strong></span> <span class='ocrx_word' id='word_1_78' title='bbox 959 1747 1218 1834; x_wconf 89' lang='lat' dir='ltr'><strong>proprio</strong></span> <span class='ocrx_word' id='word_1_79' title='bbox 1261 1746 1695 1831; x_wconf 80' lang='lat' dir='ltr'><strong>accipiamuS,</strong></span> <span class='ocrx_word' id='word_1_80' title='bbox 1740 1744 2058 1831; x_wconf 90' lang='lat' dir='ltr'><strong>quomodo</strong></span> <span class='ocrx_word' id='word_1_81' title='bbox 2105 1747 2356 1831; x_wconf 89' lang='lat' dir='ltr'><strong>accepit</strong></span> <span class='ocrx_word' id='word_1_82' title='bbox 2399 1742 2743 1811; x_wconf 74' lang='lat' dir='ltr'><strong>scholiasta.</strong></span> 
     </span>
     <span class='ocr_line' id='line_1_15' title="bbox 393 1845 2746 1938; baseline -0.004 -18"><span class='ocrx_word' id='word_1_83' title='bbox 393 1854 527 1920; x_wconf 83' lang='lat' dir='ltr'><strong>Hoc</strong></span> <span class='ocrx_word' id='word_1_84' title='bbox 590 1872 739 1919; x_wconf 85' lang='lat' dir='ltr'><strong>vcro</strong></span> <span class='ocrx_word' id='word_1_85' title='bbox 802 1853 937 1918; x_wconf 87' lang='lat' dir='ltr'><strong>lieri</strong></span> <span class='ocrx_word' id='word_1_86' title='bbox 1002 1851 1269 1935; x_wconf 86' lang='lat' dir='ltr'><strong>nequit,</strong></span> <span class='ocrx_word' id='word_1_87' title='bbox 1335 1850 1458 1915; x_wconf 82' lang='lat' dir='ltr'><strong>nisi</strong></span> <span class='ocrx_word' id='word_1_88' title='bbox 1521 1852 2098 1938; x_wconf 82' lang='lat' dir='ltr'><strong>interpungamus:</strong></span> <span class='ocrx_word' id='word_1_89' title='bbox 2152 1870 2346 1935; x_wconf 89' lang='lat' dir='ltr'><strong>quem</strong></span> <span class='ocrx_word' id='word_1_90' title='bbox 2397 1850 2563 1915; x_wconf 87' lang='lat' dir='ltr'><strong>mire</strong></span> <span class='ocrx_word' id='word_1_91' title='bbox 2604 1845 2746 1913; x_wconf 85' lang='lat' dir='ltr'><strong>adli-</strong></span> 
     </span>
     <span class='ocr_line' id='line_1_16' title="bbox 390 1953 2746 2045; baseline -0.002 -21"><span class='ocrx_word' id='word_1_92' title='bbox 390 1960 576 2025; x_wconf 86' lang='lat' dir='ltr'><strong>ciunt</strong></span> <span class='ocrx_word' id='word_1_93' title='bbox 621 1958 960 2041; x_wconf 76' lang='lat' dir='ltr'><strong>inscripta,</strong></span> <span class='ocrx_word' id='word_1_94' title='bbox 1007 1959 1362 2045; x_wconf 61' lang='lat' dir='ltr'><strong>ergastula,</strong></span> <span class='ocrx_word' id='word_1_95' title='bbox 1410 1979 1670 2033; x_wconf 89' lang='lat' dir='ltr'><strong>carcer;</strong></span> <span class='ocrx_word' id='word_1_96' title='bbox 1724 1965 1793 2021; x_wconf 92' lang='lat' dir='ltr'><strong>ut</strong></span> <span class='ocrx_word' id='word_1_97' title='bbox 1836 1957 2137 2042; x_wconf 58' lang='lat' dir='ltr'><strong>inscripta</strong></span> <span class='ocrx_word' id='word_1_98' title='bbox 2176 1954 2486 2021; x_wconf 87' lang='lat' dir='ltr'><strong>dicantur</strong></span> <span class='ocrx_word' id='word_1_99' title='bbox 2508 1953 2746 2037; x_wconf 74' lang='lat' dir='ltr'><strong>inscrip-</strong></span> 
     </span>
     <span class='ocr_line' id='line_1_17' title="bbox 393 2063 1534 2148; baseline 0.001 -18"><span class='ocrx_word' id='word_1_100' title='bbox 393 2065 589 2130; x_wconf 77' lang='lat' dir='ltr'><strong>tiones</strong></span> <span class='ocrx_word' id='word_1_101' title='bbox 636 2064 700 2128; x_wconf 93' lang='lat' dir='ltr'><strong>in</strong></span> <span class='ocrx_word' id='word_1_102' title='bbox 749 2063 1127 2148; x_wconf 81' lang='lat' dir='ltr'><strong>corporibus</strong></span> <span class='ocrx_word' id='word_1_103' title='bbox 1172 2085 1534 2131; x_wconf 83' lang='lat' dir='ltr'><strong>servorum.</strong></span> 
     </span>
    </p>

    <p class='ocr_par' dir='ltr' id='par_1_6' title="bbox 396 2159 2743 2463">
     <span class='ocr_line' id='line_1_18' title="bbox 486 2159 2743 2253; baseline -0.003 -19"><span class='ocrx_word' id='word_1_104' title='bbox 486 2169 641 2234; x_wconf 84' lang='lat' dir='ltr'><strong>Rem</strong></span> <span class='ocrx_word' id='word_1_105' title='bbox 692 2175 907 2233; x_wconf 89' lang='lat' dir='ltr'><strong>tamen</strong></span> <span class='ocrx_word' id='word_1_106' title='bbox 957 2170 1260 2253; x_wconf 86' lang='lat' dir='ltr'><strong>ancipitis</strong></span> <span class='ocrx_word' id='word_1_107' title='bbox 1307 2168 1531 2234; x_wconf 90' lang='lat' dir='ltr'><strong>iudicii</strong></span> <span class='ocrx_word' id='word_1_108' title='bbox 1579 2186 1720 2233; x_wconf 86' lang='lat' dir='ltr'><strong>esse</strong></span> <span class='ocrx_word' id='word_1_109' title='bbox 1763 2186 1880 2231; x_wconf 85' lang='lat' dir='ltr'><strong>nec</strong></span> <span class='ocrx_word' id='word_1_110' title='bbox 1935 2165 2268 2250; x_wconf 83' lang='lat' dir='ltr'><strong>permagni</strong></span> <span class='ocrx_word' id='word_1_111' title='bbox 2317 2163 2626 2229; x_wconf 85' lang='lat' dir='ltr'><strong>momenti</strong></span> <span class='ocrx_word' id='word_1_112' title='bbox 2664 2159 2743 2225; x_wconf 75' lang='lat' dir='ltr'><strong>fa·</strong></span> 
     </span>
     <span class='ocr_line' id='line_1_19' title="bbox 396 2268 2742 2360; baseline -0.003 -22"><span class='ocrx_word' id='word_1_113' title='bbox 396 2272 518 2338; x_wconf 92' lang='lat' dir='ltr'><strong>cile</strong></span> <span class='ocrx_word' id='word_1_114' title='bbox 583 2272 843 2357; x_wconf 86' lang='lat' dir='ltr'><strong>largior.</strong></span> <span class='ocrx_word' id='word_1_115' title='bbox 924 2273 1039 2338; x_wconf 88' lang='lat' dir='ltr'><strong>His</strong></span> <span class='ocrx_word' id='word_1_116' title='bbox 1106 2275 1368 2360; x_wconf 84' lang='lat' dir='ltr'><strong>scriptis</strong></span> <span class='ocrx_word' id='word_1_117' title='bbox 1429 2294 1467 2338; x_wconf 92' lang='lat' dir='ltr'><strong>e</strong></span> <span class='ocrx_word' id='word_1_118' title='bbox 1529 2271 1866 2338; x_wconf 89' lang='lat' dir='ltr'><strong>Weidneri</strong></span> <span class='ocrx_word' id='word_1_119' title='bbox 1930 2268 2341 2335; x_wconf 85' lang='lat' dir='ltr'><strong>adnotatione</strong></span> <span class='ocrx_word' id='word_1_120' title='bbox 2404 2269 2581 2333; x_wconf 88' lang='lat' dir='ltr'><strong>disco</strong></span> <span class='ocrx_word' id='word_1_121' title='bbox 2635 2268 2742 2332; x_wconf 85' lang='lat' dir='ltr'><strong>iam</strong></span> 
     </span>
     <span class='ocr_line' id='line_1_20' title="bbox 396 2375 2560 2463; baseline -0.002 -20"><span class='ocrx_word' id='word_1_122' title='bbox 396 2375 811 2443; x_wconf 77' lang='lat' dir='ltr'><strong>Doderlinum</strong></span> <span class='ocrx_word' id='word_1_123' title='bbox 879 2377 1098 2442; x_wconf 88' lang='lat' dir='ltr'><strong>eadem</strong></span> <span class='ocrx_word' id='word_1_124' title='bbox 1164 2399 1287 2463; x_wconf 87' lang='lat' dir='ltr'><strong>qua</strong></span> <span class='ocrx_word' id='word_1_125' title='bbox 1338 2398 1455 2462; x_wconf 84' lang='lat' dir='ltr'><strong>ego</strong></span> <span class='ocrx_word' id='word_1_126' title='bbox 1504 2379 1750 2443; x_wconf 85' lang='lat' dir='ltr'><strong>ratione</strong></span> <span class='ocrx_word' id='word_1_127' title='bbox 1796 2375 2005 2440; x_wconf 90' lang='lat' dir='ltr'><strong>locum</strong></span> <span class='ocrx_word' id='word_1_128' title='bbox 2056 2375 2560 2460; x_wconf 70' lang='lat' dir='ltr'><strong>inter-punxisse.</strong></span> 
     </span>
    </p>

    <p class='ocr_par' dir='ltr' id='par_1_7' title="bbox 396 2480 2840 2865">
     <span class='ocr_line' id='line_1_21' title="bbox 487 2480 2746 2570; baseline -0.003 -24"><span class='ocrx_word' id='word_1_129' title='bbox 487 2480 669 2562; x_wconf 88' lang='lat' dir='ltr'><strong>Quod</strong></span> <span class='ocrx_word' id='word_1_130' title='bbox 732 2484 990 2568; x_wconf 88' lang='lat' dir='ltr'><strong>opponit</strong></span> <span class='ocrx_word' id='word_1_131' title='bbox 1054 2483 1448 2549; x_wconf 82' lang='lat' dir='ltr'><strong>Weidnerus</strong></span> <span class='ocrx_word' id='word_1_132' title='bbox 1510 2483 1881 2570; x_wconf 78' lang='lat' dir='ltr'><strong>inscriptum</strong></span> <span class='ocrx_word' id='word_1_133' title='bbox 1940 2499 2056 2566; x_wconf 93' lang='lat' dir='ltr'><strong>pro</strong></span> <span class='ocrx_word' id='word_1_134' title='bbox 2100 2480 2506 2566; x_wconf 72' lang='lat' dir='ltr'><strong>inscriptione</strong></span> <span class='ocrx_word' id='word_1_135' title='bbox 2549 2493 2746 2544; x_wconf 86' lang='lat' dir='ltr'><strong>carere</strong></span> 
     </span>
     <span class='ocr_line' id='line_1_22' title="bbox 396 2580 2840 2678; baseline -0.005 -22"><span class='ocrx_word' id='word_1_136' title='bbox 396 2587 723 2673; x_wconf 82' lang='lat' dir='ltr'><strong>exemplo,</strong></span> <span class='ocrx_word' id='word_1_137' title='bbox 789 2608 1013 2654; x_wconf 82' lang='lat' dir='ltr'><strong>verum</strong></span> <span class='ocrx_word' id='word_1_138' title='bbox 1082 2610 1203 2655; x_wconf 88' lang='lat' dir='ltr'><strong>non</strong></span> <span class='ocrx_word' id='word_1_139' title='bbox 1269 2600 1389 2656; x_wconf 84' lang='lat' dir='ltr'><strong>est.</strong></span> <span class='ocrx_word' id='word_1_140' title='bbox 1486 2590 1748 2656; x_wconf 65' lang='lat' dir='ltr'><strong>Gatttus</strong></span> <span class='ocrx_word' id='word_1_141' title='bbox 1809 2590 1874 2652; x_wconf 93' lang='lat' dir='ltr'><strong>in</strong></span> <span class='ocrx_word' id='word_1_142' title='bbox 1937 2586 2223 2673; x_wconf 78' lang='lat' dir='ltr'><strong>Praesoe.</strong></span> <span class='ocrx_word' id='word_1_143' title='bbox 2291 2594 2395 2651; x_wconf 78' lang='lat' dir='ltr'><strong>»et</strong></span> <span class='ocrx_word' id='word_1_144' title='bbox 2459 2580 2746 2670; x_wconf 43' lang='lat' dir='ltr'><strong>quamam</strong></span> <span class='ocrx_word' id='word_1_145' title='bbox 2839 2655 2840 2678; x_wconf 14' lang='grc' dir='ltr'><strong>Χ</strong></span> 
     </span>
     <span class='ocr_line' id='line_1_23' title="bbox 398 2685 2840 2782; baseline -0.003 -23"><span class='ocrx_word' id='word_1_146' title='bbox 398 2693 521 2759; x_wconf 88' lang='lat' dir='ltr'><strong>alia</strong></span> <span class='ocrx_word' id='word_1_147' title='bbox 590 2693 888 2780; x_wconf 65' lang='lat' dir='ltr'><strong>inser-ipra</strong></span> <span class='ocrx_word' id='word_1_148' title='bbox 952 2694 1147 2760; x_wconf 88' lang='lat' dir='ltr'><strong>nimis</strong></span> <span class='ocrx_word' id='word_1_149' title='bbox 1211 2694 1458 2782; x_wconf 88' lang='lat' dir='ltr'><strong>lepida,</strong></span> <span class='ocrx_word' id='word_1_150' title='bbox 1528 2695 1895 2780; x_wconf 88' lang='lat' dir='ltr'><strong>multasque</strong></span> <span class='ocrx_word' id='word_1_151' title='bbox 1966 2711 2234 2778; x_wconf 89' lang='lat' dir='ltr'><strong>prorsus</strong></span> <span class='ocrx_word' id='word_1_152' title='bbox 2301 2690 2752 2756; x_wconf 78' lang='lat' dir='ltr'><strong>concinnitates</strong></span> <span class='ocrx_word' id='word_1_153' title='bbox 2839 2685 2840 2736; x_wconf 50' lang='grc' dir='ltr'>ἲ</span> 
     </span>
     <span class='ocr_line' id='line_1_24' title="bbox 398 2798 821 2865; baseline -0.002 -1"><span class='ocrx_word' id='word_1_154' title='bbox 398 2798 821 2865; x_wconf 87' lang='lat' dir='ltr'><strong>redolentia.”</strong></span> 
     </span>
    </p>

    <p class='ocr_par' dir='ltr' id='par_1_8' title="bbox 719 2902 2460 3407">
     <span class='ocr_line' id='line_1_25' title="bbox 1305 2902 1863 2982; baseline -0.004 -13"><span class='ocrx_word' id='word_1_155' title='bbox 1305 2902 1438 2970; x_wconf 89' lang='lat' dir='ltr'><strong>Sat.</strong></span> <span class='ocrx_word' id='word_1_156' title='bbox 1490 2904 1665 2982; x_wconf 80' lang='lat' dir='ltr'><strong>xlv,</strong></span> <span class='ocrx_word' id='word_1_157' title='bbox 1712 2907 1863 2968; x_wconf 73' lang='lat'><strong>215.</strong></span> 
     </span>
     <span class='ocr_line' id='line_1_26' title="bbox 1412 3005 2328 3094; baseline -0.001 -21"><span class='ocrx_word' id='word_1_158' title='bbox 1412 3017 1514 3074; x_wconf 86' lang='lat' dir='ltr'><strong>ast</strong></span> <span class='ocrx_word' id='word_1_159' title='bbox 1560 3029 1708 3074; x_wconf 88' lang='lat' dir='ltr'><strong>cum</strong></span> <span class='ocrx_word' id='word_1_160' title='bbox 1760 3016 2015 3094; x_wconf 85' lang='lat' dir='ltr'><strong>pectere</strong></span> <span class='ocrx_word' id='word_1_161' title='bbox 2062 3005 2328 3072; x_wconf 88' lang='lat' dir='ltr'><strong>harham</strong></span> 
     </span>
     <span class='ocr_line' id='line_1_27' title="bbox 719 3110 2430 3199; baseline -0.001 -22"><span class='ocrx_word' id='word_1_162' title='bbox 719 3113 1000 3198; x_wconf 88' lang='lat' dir='ltr'><strong>coeperit</strong></span> <span class='ocrx_word' id='word_1_163' title='bbox 1046 3120 1111 3178; x_wconf 91' lang='lat' dir='ltr'><strong>et</strong></span> <span class='ocrx_word' id='word_1_164' title='bbox 1156 3112 1330 3199; x_wconf 74' lang='lat' dir='ltr'><strong>lonqi</strong></span> <span class='ocrx_word' id='word_1_165' title='bbox 1374 3132 1750 3179; x_wconf 87' lang='lat' dir='ltr'><strong>mucronem</strong></span> <span class='ocrx_word' id='word_1_166' title='bbox 1798 3110 2142 3177; x_wconf 82' lang='lat' dir='ltr'><strong>admittere</strong></span> <span class='ocrx_word' id='word_1_167' title='bbox 2188 3111 2430 3188; x_wconf 86' lang='lat' dir='ltr'><strong>cultri,</strong></span> 
     </span>
     <span class='ocr_line' id='line_1_28' title="bbox 720 3214 2270 3302; baseline 0.001 -23"><span class='ocrx_word' id='word_1_168' title='bbox 720 3214 920 3282; x_wconf 84' lang='lat' dir='ltr'><strong>falsus</strong></span> <span class='ocrx_word' id='word_1_169' title='bbox 965 3218 1090 3283; x_wconf 89' lang='lat' dir='ltr'><strong>erit</strong></span> <span class='ocrx_word' id='word_1_170' title='bbox 1140 3217 1359 3294; x_wconf 75' lang='lat' dir='ltr'><strong>testi8‚</strong></span> <span class='ocrx_word' id='word_1_171' title='bbox 1407 3217 1637 3283; x_wconf 74' lang='lat' dir='ltr'><strong>vendet</strong></span> <span class='ocrx_word' id='word_1_172' title='bbox 1684 3216 1968 3302; x_wconf 89' lang='lat' dir='ltr'><strong>periuria</strong></span> <span class='ocrx_word' id='word_1_173' title='bbox 2017 3235 2270 3281; x_wconf 87' lang='lat' dir='ltr'><strong>summa</strong></span> 
     </span>
     <span class='ocr_line' id='line_1_29' title="bbox 719 3320 2460 3407; baseline 0.002 -22"><span class='ocrx_word' id='word_1_174' title='bbox 719 3321 949 3406; x_wconf 81' lang='lat' dir='ltr'><strong>exigua</strong></span> <span class='ocrx_word' id='word_1_175' title='bbox 997 3328 1062 3388; x_wconf 93' lang='lat' dir='ltr'><strong>et</strong></span> <span class='ocrx_word' id='word_1_176' title='bbox 1106 3320 1355 3388; x_wconf 87' lang='lat' dir='ltr'><strong>Cereris</strong></span> <span class='ocrx_word' id='word_1_177' title='bbox 1404 3332 1676 3407; x_wconf 85' lang='lat' dir='ltr'><strong>tangens</strong></span> <span class='ocrx_word' id='word_1_178' title='bbox 1720 3340 2029 3406; x_wconf 88' lang='lat' dir='ltr'><strong>aramque</strong></span> <span class='ocrx_word' id='word_1_179' title='bbox 2076 3320 2460 3407; x_wconf 85' lang='lat' dir='ltr'><strong>pedemque.</strong></span> 
     </span>
    </p>

    <p class='ocr_par' dir='ltr' id='par_1_9' title="bbox 402 3423 2761 3723">
     <span class='ocr_line' id='line_1_30' title="bbox 495 3423 2758 3522; baseline -0.001 -32"><span class='ocrx_word' id='word_1_180' title='bbox 495 3423 626 3490; x_wconf 87' lang='lat' dir='ltr'><strong>Gur</strong></span> <span class='ocrx_word' id='word_1_181' title='bbox 686 3424 933 3504; x_wconf 88' lang='lat' dir='ltr'><strong>culter,</strong></span> <span class='ocrx_word' id='word_1_182' title='bbox 1001 3446 1128 3511; x_wconf 83' lang='lat' dir='ltr'><strong>qua</strong></span> <span class='ocrx_word' id='word_1_183' title='bbox 1178 3425 1372 3491; x_wconf 88' lang='lat' dir='ltr'><strong>barba</strong></span> <span class='ocrx_word' id='word_1_184' title='bbox 1425 3427 1766 3504; x_wconf 87' lang='lat' dir='ltr'><strong>tondetur,</strong></span> <span class='ocrx_word' id='word_1_185' title='bbox 1816 3425 2040 3522; x_wconf 62' lang='lat' dir='ltr'><strong>{onyas</strong></span> <span class='ocrx_word' id='word_1_186' title='bbox 2084 3426 2343 3492; x_wconf 88' lang='lat' dir='ltr'><strong>dicatur</strong></span> <span class='ocrx_word' id='word_1_187' title='bbox 2391 3425 2548 3491; x_wconf 89' lang='lat' dir='ltr'><strong>mihi</strong></span> <span class='ocrx_word' id='word_1_188' title='bbox 2596 3441 2758 3511; x_wconf 88' lang='lat' dir='ltr'><strong>pror·</strong></span> 
     </span>
     <span class='ocr_line' id='line_1_31' title="bbox 402 3528 2761 3617; baseline -0 -23"><span class='ocrx_word' id='word_1_189' title='bbox 402 3548 515 3595; x_wconf 82' lang='lat' dir='ltr'><strong>sus</strong></span> <span class='ocrx_word' id='word_1_190' title='bbox 577 3528 921 3596; x_wconf 86' lang='lat' dir='ltr'><strong>obscurum</strong></span> <span class='ocrx_word' id='word_1_191' title='bbox 987 3539 1117 3608; x_wconf 89' lang='lat' dir='ltr'><strong>est,</strong></span> <span class='ocrx_word' id='word_1_192' title='bbox 1185 3551 1303 3596; x_wconf 88' lang='lat' dir='ltr'><strong>nec</strong></span> <span class='ocrx_word' id='word_1_193' title='bbox 1369 3531 1722 3617; x_wconf 87' lang='lat' dir='ltr'><strong>quidquam</strong></span> <span class='ocrx_word' id='word_1_194' title='bbox 1787 3530 1951 3596; x_wconf 86' lang='lat' dir='ltr'><strong>lucis</strong></span> <span class='ocrx_word' id='word_1_195' title='bbox 2031 3529 2312 3597; x_wconf 80' lang='lat' dir='ltr'><strong>afferunt</strong></span> <span class='ocrx_word' id='word_1_196' title='bbox 2390 3529 2761 3597; x_wconf 82' lang='lat' dir='ltr'><strong>Scholiastcs</strong></span> 
     </span>
     <span class='ocr_line' id='line_1_32' title="bbox 403 3633 2364 3723; baseline 0.001 -24"><span class='ocrx_word' id='word_1_197' title='bbox 403 3633 684 3700; x_wconf 82' lang='lat' dir='ltr'><strong>ceterive</strong></span> <span class='ocrx_word' id='word_1_198' title='bbox 728 3634 1136 3721; x_wconf 76' lang='lat' dir='ltr'><strong>interpretes,</strong></span> <span class='ocrx_word' id='word_1_199' title='bbox 1208 3639 1289 3701; x_wconf 83' lang='lat' dir='ltr'><strong>At</strong></span> <span class='ocrx_word' id='word_1_200' title='bbox 1337 3637 1645 3723; x_wconf 83' lang='lat' dir='ltr'><strong>scripsit,</strong></span> <span class='ocrx_word' id='word_1_201' title='bbox 1695 3637 1959 3721; x_wconf 91' lang='lat' dir='ltr'><strong>opinor,</strong></span> <span class='ocrx_word' id='word_1_202' title='bbox 2005 3635 2364 3702; x_wconf 85' lang='lat' dir='ltr'><strong>luvenalis:</strong></span> 
     </span>
    </p>

    <p class='ocr_par' dir='ltr' id='par_1_10' title="bbox 585 3741 2552 3931">
     <span class='ocr_line' id='line_1_33' title="bbox 1524 3741 2428 3827; baseline 0.001 -21"><span class='ocrx_word' id='word_1_203' title='bbox 1524 3749 1627 3806; x_wconf 89' lang='lat' dir='ltr'><strong>ast</strong></span> <span class='ocrx_word' id='word_1_204' title='bbox 1673 3760 1822 3806; x_wconf 92' lang='lat' dir='ltr'><strong>cum</strong></span> <span class='ocrx_word' id='word_1_205' title='bbox 1867 3749 2124 3827; x_wconf 79' lang='lat' dir='ltr'><strong>pectere</strong></span> <span class='ocrx_word' id='word_1_206' title='bbox 2166 3741 2428 3807; x_wconf 75' lang='lat' dir='ltr'><strong>herbam</strong></span> 
     </span>
     <span class='ocr_line' id='line_1_34' title="bbox 585 3843 2552 3931; baseline 0.004 -24"><span class='ocrx_word' id='word_1_207' title='bbox 585 3843 872 3929; x_wconf 89' lang='lat' dir='ltr'><strong>coeperit</strong></span> <span class='ocrx_word' id='word_1_208' title='bbox 917 3851 983 3910; x_wconf 90' lang='lat' dir='ltr'><strong>et</strong></span> <span class='ocrx_word' id='word_1_209' title='bbox 1031 3844 1251 3931; x_wconf 74' lang='lat' dir='ltr'><strong>Ionqae</strong></span> <span class='ocrx_word' id='word_1_210' title='bbox 1297 3865 1671 3913; x_wconf 85' lang='lat' dir='ltr'><strong>mucronem</strong></span> <span class='ocrx_word' id='word_1_211' title='bbox 1722 3846 2066 3913; x_wconf 87' lang='lat' dir='ltr'><strong>admittere</strong></span> <span class='ocrx_word' id='word_1_212' title='bbox 2115 3847 2348 3924; x_wconf 89' lang='lat' dir='ltr'><strong>cultri,</strong></span> <span class='ocrx_word' id='word_1_213' title='bbox 2399 3856 2552 3914; x_wconf 89' lang='lat' dir='ltr'><strong>cett.</strong></span> 
     </span>
    </p>

    <p class='ocr_par' dir='ltr' id='par_1_11' title="bbox 401 3947 2760 4461">
     <span class='ocr_line' id='line_1_35' title="bbox 495 3947 2760 4037; baseline 0.004 -26"><span class='ocrx_word' id='word_1_214' title='bbox 495 3947 780 4033; x_wconf 77' lang='lat' dir='ltr'><strong>Apparet</strong></span> <span class='ocrx_word' id='word_1_215' title='bbox 844 3956 1061 4015; x_wconf 87' lang='lat' dir='ltr'><strong>autem</strong></span> <span class='ocrx_word' id='word_1_216' title='bbox 1124 3970 1159 4015; x_wconf 92' lang='lat' dir='ltr'><strong>e</strong></span> <span class='ocrx_word' id='word_1_217' title='bbox 1222 3953 1619 4036; x_wconf 84' lang='lat' dir='ltr'><strong>praegressis</strong></span> <span class='ocrx_word' id='word_1_218' title='bbox 1681 3971 1829 4016; x_wconf 91' lang='lat' dir='ltr'><strong>cum</strong></span> <span class='ocrx_word' id='word_1_219' title='bbox 1883 3962 2132 4036; x_wconf 80' lang='lat' dir='ltr'><strong>pectere</strong></span> <span class='ocrx_word' id='word_1_220' title='bbox 2196 3953 2456 4019; x_wconf 76' lang='lat' dir='ltr'><strong>barbam</strong></span> <span class='ocrx_word' id='word_1_221' title='bbox 2517 3948 2760 4037; x_wconf 55' lang='lat' dir='ltr'><strong>coepas!</strong></span> 
     </span>
     <span class='ocr_line' id='line_1_36' title="bbox 402 4048 2756 4125; baseline 0.002 -9"><span class='ocrx_word' id='word_1_222' title='bbox 402 4048 536 4116; x_wconf 82' lang='lat' dir='ltr'><strong>l&#39;alli</strong></span> <span class='ocrx_word' id='word_1_223' title='bbox 603 4051 1042 4119; x_wconf 85' lang='lat' dir='ltr'><strong>Heinrichium</strong></span> <span class='ocrx_word' id='word_1_224' title='bbox 1111 4054 1216 4120; x_wconf 86' lang='lat' dir='ltr'><strong>hic</strong></span> <span class='ocrx_word' id='word_1_225' title='bbox 1279 4054 1355 4120; x_wconf 90' lang='lat' dir='ltr'><strong>de</strong></span> <span class='ocrx_word' id='word_1_226' title='bbox 1413 4056 1688 4121; x_wconf 77' lang='lat' dir='ltr'><strong>radendo</strong></span> <span class='ocrx_word' id='word_1_227' title='bbox 1751 4076 1875 4121; x_wconf 89' lang='lat' dir='ltr'><strong>non</strong></span> <span class='ocrx_word' id='word_1_228' title='bbox 1940 4055 2017 4122; x_wconf 89' lang='lat' dir='ltr'><strong>de</strong></span> <span class='ocrx_word' id='word_1_229' title='bbox 2064 4057 2370 4123; x_wconf 77' lang='lat' dir='ltr'><strong>tondendo</strong></span> <span class='ocrx_word' id='word_1_230' title='bbox 2419 4069 2756 4125; x_wconf 78' lang='lat' dir='ltr'><strong>sermonem</strong></span> 
     </span>
     <span class='ocr_line' id='line_1_37' title="bbox 403 4155 2756 4248; baseline 0.001 -29"><span class='ocrx_word' id='word_1_231' title='bbox 403 4171 543 4220; x_wconf 80' lang='lat' dir='ltr'><strong>esse</strong></span> <span class='ocrx_word' id='word_1_232' title='bbox 599 4156 1090 4223; x_wconf 89' lang='lat' dir='ltr'><strong>contendentem</strong></span> <span class='ocrx_word' id='word_1_233' title='bbox 1142 4168 1205 4225; x_wconf 90' lang='lat' dir='ltr'><strong>et</strong></span> <span class='ocrx_word' id='word_1_234' title='bbox 1250 4162 1429 4225; x_wconf 87' lang='lat' dir='ltr'><strong>innui</strong></span> <span class='ocrx_word' id='word_1_235' title='bbox 1479 4159 1935 4227; x_wconf 87' lang='lat' dir='ltr'><strong>caerimoniam</strong></span> <span class='ocrx_word' id='word_1_236' title='bbox 1987 4161 2200 4237; x_wconf 88' lang='lat' dir='ltr'><strong>illam,</strong></span> <span class='ocrx_word' id='word_1_237' title='bbox 2248 4183 2377 4248; x_wconf 86' lang='lat' dir='ltr'><strong>qua</strong></span> <span class='ocrx_word' id='word_1_238' title='bbox 2426 4181 2642 4230; x_wconf 77' lang='lat' dir='ltr'><strong>recens</strong></span> <span class='ocrx_word' id='word_1_239' title='bbox 2681 4155 2756 4222; x_wconf 79' lang='lat' dir='ltr'><strong>la·</strong></span> 
     </span>
     <span class='ocr_line' id='line_1_38' title="bbox 404 4260 2757 4356; baseline 0.005 -33"><span class='ocrx_word' id='word_1_240' title='bbox 404 4277 575 4343; x_wconf 79' lang='lat' dir='ltr'><strong>nugo</strong></span> <span class='ocrx_word' id='word_1_241' title='bbox 634 4260 1021 4328; x_wconf 86' lang='lat' dir='ltr'><strong>adolescenti</strong></span> <span class='ocrx_word' id='word_1_242' title='bbox 1084 4265 1389 4331; x_wconf 85' lang='lat' dir='ltr'><strong>novacula</strong></span> <span class='ocrx_word' id='word_1_243' title='bbox 1453 4266 1652 4332; x_wconf 86' lang='lat' dir='ltr'><strong>semel</strong></span> <span class='ocrx_word' id='word_1_244' title='bbox 1701 4269 2066 4332; x_wconf 87' lang='lat' dir='ltr'><strong>metebatur</strong></span> <span class='ocrx_word' id='word_1_245' title='bbox 2116 4267 2228 4356; x_wconf 90' lang='lat' dir='ltr'><strong>(cl.</strong></span> <span class='ocrx_word' id='word_1_246' title='bbox 2281 4268 2416 4346; x_wconf 89' lang='lat'>111,</span> <span class='ocrx_word' id='word_1_247' title='bbox 2471 4269 2652 4349; x_wconf 79' lang='lat'>186),</span> <span class='ocrx_word' id='word_1_248' title='bbox 2693 4267 2757 4324; x_wconf 66' lang='lat'><strong>*¹1</strong></span> 
     </span>
     <span class='ocr_line' id='line_1_39' title="bbox 401 4362 2754 4461; baseline 0.004 -32"><span class='ocrx_word' id='word_1_249' title='bbox 401 4372 618 4447; x_wconf 84' lang='lat' dir='ltr'><strong>postea</strong></span> <span class='ocrx_word' id='word_1_250' title='bbox 703 4376 1024 4434; x_wconf 85' lang='lat' dir='ltr'><strong>cresceret</strong></span> <span class='ocrx_word' id='word_1_251' title='bbox 1084 4377 1152 4433; x_wconf 87' lang='lat' dir='ltr'><strong>et</strong></span> <span class='ocrx_word' id='word_1_252' title='bbox 1217 4369 1486 4438; x_wconf 84' lang='lat' dir='ltr'><strong>subinde</strong></span> <span class='ocrx_word' id='word_1_253' title='bbox 1550 4370 1945 4441; x_wconf 85' lang='lat' dir='ltr'><strong>tonderetur.</strong></span> <span class='ocrx_word' id='word_1_254' title='bbox 2066 4370 2190 4438; x_wconf 85' lang='lat' dir='ltr'><strong>Cui</strong></span> <span class='ocrx_word' id='word_1_255' title='bbox 2264 4362 2754 4461; x_wconf 73' lang='lat' dir='ltr'><strong>interpretationi</strong></span> 
     </span>
    </p>
   </div>
  </div>
 </body>
</html>
