2934 5050
963 321 1049 371 An
1101 322 1415 372 aaronis
1461 323 1762 374 eoseum.
2429 305 2553 371 115

181 492 381 562 curat,
442 494 516 552 ut
576 509 780 575 neque
843 497 1208 577 temporum
1268 493 1474 559 ullam
1534 498 1845 562 rationem
1899 494 2059 560 solet
2115 495 2377 571 habere,
2441 494 2551 559 sed

183 611 404 679 magna
443 592 739 660 libertate
799 597 1057 683 ingenio
1115 598 1460 686 indulgens
1509 601 1727 664 omnia
1769 600 1848 665 de
1887 620 2119 687 genere
2161 599 2283 665 hoc
2322 601 2553 664 miscet

179 702 242 759 et
281 697 619 763 confundit.
704 699 966 768 Duriter
1009 702 1128 768 hoc
1172 706 1429 768 nomine
1476 706 1843 790 increpatur
1881 705 1962 769 ab
2009 704 2337 770 Athenaeo
2374 723 2549 789 pere-

180 799 377 865 rudito
418 801 676 868 homine
721 805 829 871 sed
878 794 1224 872 acerbioris
1258 811 1502 895 ingenii
1525 814 1591 874 et
1630 810 1709 874 ab
1747 809 1987 874 iudicio
2024 808 2241 895 paullo
2280 806 2547 873 infirmi-

177 925 301 983 ore,
343 911 451 991 qui
473 911 720 992 copiose
759 908 1216 976 demonstrat‘'
1179 936 1269 978 οτι
1306 914 1518 978 πολλὰ
1544 914 1573 976 ὁ
1603 912 1868 979 Πλάτων
1902 913 2073 993 παρὰ
2118 912 2261 985 τοὺς
2294 912 2545 994 χρόνους

177 1010 506 1091 ἁμαρτάνει
546 1012 602 1077 V
624 1034 772 1101 pag.
800 1013 952 1080 217.
995 1037 1129 1102 sqq.
1199 1017 1443 1083 Eodem
1481 1020 1737 1085 nomine
1776 1017 2113 1085 Platonem
2145 1017 2579 1103 reprehendit-

177 1116 471 1183 Aristides
538 1115 721 1183 Tom.
771 1118 851 1183 II.
898 1141 1046 1208 pag.
1097 1119 1230 1185 370
1287 1142 1421 1208 sqq.
1485 1127 1552 1219 et
1609 1143 1756 1210 pag.
1807 1120 1960 1187 435.
2025 1121 2136 1187 sed
2188 1121 2416 1187 leniter
2476 1127 2543 1187 et

177 1221 444 1319 modeste
503 1226 580 1287 ut
635 1221 970 1290 Platonem
1027 1245 1252 1291 amans
1312 1234 1376 1293 et
1422 1228 1764 1293 admirans.
1858 1226 2032 1295 Audi
2086 1225 2245 1311 quid
2307 1229 2545 1294 scribat

176 1312 310 1413 pag.
358 1324 511 1391 373.
574 1328 727 1391 ἀλλ’
789 1326 879 1397 zen
938 1335 1150 1396 ταῦτα
1210 1332 1337 1396 ἀπὸ
1400 1338 1510 1404 τῆς
1574 1339 1693 1397 τῶν
1738 1330 2070 1409 Διαλόγων
2114 1330 2390 1407 ἔξουσίας
2437 1333 2541 1396 καὶ

173 1431 476 1504 συνηθείας
522 1433 879 1512 ὡρμημένα.
931 1436 1014 1517 τῷ
1060 1437 1189 1517 γὰρ
1237 1432 1533 1509 ἅπαντας
1571 1437 1793 1510 αὐτοὺς
1830 1437 2104 1511 ἐπιεικῶς
2140 1432 2295 1502 εἶναι
2334 1435 2540 1503 πλάσ-

175 1556 344 1611 ματα.
404 1535 511 1602 καὶ
575 1537 824 1604 πλέκειν
887 1536 1109 1614 ἐξεῖναι
1170 1541 1245 1606 δι’
1290 1538 1367 1609 ὧν
1429 1539 1508 1606 ἄν
1567 1565 1661 1614 τις
1728 1541 2038 1619 βούληται
2099 1539 2259 1610 ἔνεςί
2317 1564 2378 1607 τι
2424 1542 2541 1607 κᾶν

173 1647 287 1712 τοῖς
326 1639 538 1720 λόγοις
583 1644 794 1715 αὐτοῖς
842 1645 908 1709 οὐ
953 1644 1194 1727 σφόδρα.
1239 1648 1448 1726 τηροῦν
1493 1647 1604 1720 τὴν
1649 1647 1967 1722 ἀλήθειαν.

253 1745 535 1812 Perdunt
588 1768 844 1832 operam
902 1751 1012 1834 qui
1073 1750 1228 1816 haec
1287 1750 1652 1829 πλάσματα
1712 1757 1825 1817 aut
1886 1753 2054 1817 inter
2093 1771 2163 1817 se
2206 1750 2541 1816 conciliare

171 1856 459 1938 satagunt
505 1857 618 1917 aut
660 1851 949 1918 Platonis
992 1856 1061 1919 in
1107 1875 1182 1921 ea
1219 1876 1286 1921 re
1323 1858 1638 1921 incuriam
1675 1855 1889 1921 verbis
1924 1853 2173 1920 elevare
2211 1859 2535 1921 conantur.

253 1954 498 2022 Diserte
558 1955 848 2023 definivit
903 1978 1145 2023 annum
1162 2006 1180 2035 ‚
1250 1981 1375 2044 quo
1435 1960 1590 2026 haec
1645 1981 1684 2026 a
1727 1959 1983 2025 Socrate
2043 1959 2367 2044 disputata
2426 1957 2537 2023 fin-

169 2066 400 2145 guntur
442 2082 593 2147 pag.
643 2059 796 2126 473.
845 2080 903 2126 r..
953 2062 1058 2127 καὶ
1106 2072 1407 2129 neP‘rcl
1454 2064 1776 2143 βουλεύειν
1822 2065 2040 2144 λαχὼν
2089 2064 2296 2137 ἐπειδὴ
2344 2064 2380 2137 ἦ
2417 2063 2537 2138 ἐμὴ

169 2167 332 2244 Φνλὺ
394 2164 766 2245 ἐπρυτάνευε
828 2165 933 2231 καὶ
984 2166 1101 2232 ἔδει
1148 2191 1230 2246 με
1276 2169 1678 2251 ἐπιψηφίζειν
1722 2168 1983 2248 γέλωτα
2026 2177 2346 2250 παρεῖχον.
2439 2167 2536 2233 Ex

171 2270 280 2336 hoc
319 2271 457 2338 loco
503 2271 771 2359 colligas
815 2292 977 2338 anno
1024 2272 1155 2338 405
1201 2273 1319 2339 hos
1363 2295 1682 2340 sermones
1725 2274 1978 2353 haberi,
2024 2273 2135 2340 sed
2182 2293 2330 2360 pag.
2380 2272 2534 2339 503.

169 2390 223 2438 c.
265 2382 721 2443 commemorat
787 2378 1092 2457 Περικλέα
1163 2379 1390 2443 τουτονὶ
1454 2381 1559 2445 τὸν
1617 2387 1955 2444 ΝΕΩΕΤΙ
2019 2376 2531 2453 τετελευτηκότα.

173 2479 456 2548 Mortuus
515 2486 613 2546 est
670 2481 945 2548 Pericles
989 2503 1151 2549 anno
1197 2482 1327 2548 429
1348 2533 1365 2561 ,
1431 2484 1501 2550 id
1554 2490 1651 2550 est
1692 2483 1911 2565 viyinti
1956 2492 2014 2549 ec
2057 2490 2310 2569 quatuor
2352 2486 2535 2549 annis

169 2593 320 2654 ante.
413 2586 972 2654 Commemoratur
1022 2609 1169 2676 pag.
1219 2587 1350 2654 472
1396 2608 1457 2653 A.
1553 2589 1771 2654 Nicias
1826 2590 1927 2653 his
1982 2590 2228 2655 verbis:
2297 2610 2532 2668 μαρτυ-

171 2694 399 2770 ρήσουσί
445 2716 539 2758 σοι
585 2692 812 2764 Νικίας
861 2693 889 2756 ὃ
938 2692 1285 2773 Νικηράτου
1333 2696 1439 2758 καὶ
1488 2696 1539 2758 οἱ
1586 2693 1870 2772 ἀδελφοί.
1962 2691 2168 2757 Periit
2209 2690 2429 2756 Nicias
2465 2693 2533 2756 in

170 2794 376 2864 Sicilia
417 2817 587 2864 anno
634 2794 798 2873 413,
853 2797 921 2862 id
971 2803 1071 2863 est
1112 2806 1236 2862 octo
1281 2801 1461 2863 annis
1506 2803 1672 2863 ante.
1766 2794 2319 2863 Commemoratur
2362 2794 2533 2861 Alci·

171 2900 369 2967 biades
427 2923 579 2988 pag.
629 2899 781 2966 519.
830 2920 888 2965 Β.
953 2901 1362 2984 ἐπιλήψονται
1425 2906 1533 2968 τοῦ
1597 2902 1744 2977 ἐμοῦ
1805 2899 2043 2979 ἑταίρου
2105 2896 2528 2976 ’Λλκιβιοὲδου.

171 3005 517 3072 Alcibiades
576 3027 739 3072 anno
800 3005 930 3070 405
989 3006 1286 3072 exulabat
1345 3015 1411 3072 et
1455 3026 1618 3072 anno
1663 3009 1808 3091 post
1850 3008 1917 3067 in
1962 3004 2118 3069 Asia
2161 3003 2531 3068 interfectus

169 3115 272 3174 est.
360 3111 543 3177 Haec
599 3113 807 3197 igitur
861 3113 1028 3176 inter
1088 3133 1154 3176 se
1211 3117 1427 3197 aptare
1473 3117 1538 3177 et
1580 3129 1950 3195 componere
1994 3108 2163 3175 velle
2208 3107 2529 3173 dementia

167 3221 268 3278 est.
358 3216 719 3302 Insigniora
763 3218 959 3282 etiam
1004 3216 1105 3280 his
1149 3217 1335 3283 Plato
1380 3219 1449 3280 in
1495 3217 1786 3301 Symposio
1832 3220 1897 3278 et
1936 3216 2003 3278 in
2058 3213 2387 3278 Menexeno
2425 3212 2528 3277 de-

167 3320 436 3405 signavit
451 3368 471 3397 ,
536 3318 644 3385 sed
702 3319 868 3384 nihil
912 3320 1142 3385 horum
1188 3322 1449 3387 curabat
1494 3319 1605 3384 ille
1649 3322 1760 3404 qui
1809 3318 1909 3404 (ut
1950 3318 2173 3383 scribit
2216 3316 2528 3382 Aristides

163 3419 330 3488 Tum.
395 3423 480 3489 11.
526 3444 673 3511 pag.
726 3423 856 3489 162
899 3424 950 3511 ¹)
1010 3426 1243 3491 nulbim
1288 3447 1558 3510 umquam
1609 3426 1741 3488 ulla
1784 3426 1860 3488 de
1902 3446 1967 3486 re
2011 3422 2339 3486 &estimonio
2385 3442 2527 3483 mue

163 3533 255 3590 cd.

241 3631 483 3699 Utilius
526 3636 650 3698 erit
665 3681 682 3709 ,
736 3637 792 3698 si
837 3633 971 3699 ullo
1013 3627 1204 3701 modo
1249 3636 1398 3698 sciri
1443 3639 1652 3718 potest
1668 3679 1685 3708 ‚
1733 3632 1802 3696 id
1839 3634 1998 3696 scire
2035 3651 2159 3715 quo
2201 3630 2330 3695 fere
2362 3634 2523 3694 tem-

161 3753 295 3816 pore
342 3738 599 3819 Gor-yios
641 3759 681 3803 a
725 3738 990 3804 Platone
1035 3742 1309 3824 scriptus
1352 3739 1569 3802 fuerit.

239 3840 407 3906 Mihi
454 3842 532 3907 de
575 3864 649 3908 ea
691 3864 760 3908 re
800 3843 975 3908 idem
1018 3843 1186 3928 quod
1228 3842 1478 3906 Editori
1513 3841 1801 3905 videtur:
1849 3839 2014 3901 haud
2047 3839 2137 3901 ita
2173 3837 2357 3899 multo
2380 3842 2525 3917 pont

160 3940 404 4009 Socratis
470 3954 706 4011 mortem
774 3948 1103 4034 dialogum
1170 3967 1304 4011 esse
1369 3947 1679 4028 scriptum
1742 3949 1807 4007 et
1864 3942 2130 4042 editum.
2225 3940 2517 4024 Namque

161 4065 270 4110 non
327 4069 454 4115 uno
515 4053 583 4114 in
643 4051 778 4117 loco
840 4052 918 4117 de
978 4050 1229 4117 Socrate
1289 4052 1509 4133 iniquo
1554 4047 1790 4112 iudicio
1837 4050 2269 4112 circumvento
2316 4046 2517 4129 deque
2565 4087 2573 4094 -

221 4299 270 4363 1)
306 4298 403 4350 δεῖ
435 4299 509 4365 δή
543 4317 720 4358 τινος,
766 4284 806 4348 ὖ
838 4298 1103 4366 Πλάτων,
1151 4299 1250 4348 «καὶ
1285 4299 1589 4366 μάρτυρος,
1640 4281 1679 4346 ὦ
1716 4297 1824 4345 τῶν
1872 4296 2161 4365 μαρτύρων
2198 4296 2499 4366 ὑπερορῶν,

160 4377 316 4436 σῦτὸς
350 4380 414 4430 δὲ
449 4381 728 4433 ninneton
768 4385 836 4433 ἂν
869 4383 1151 4448 φωραθεὶς
1187 4372 1338 4442 οἶμαι
1378 4379 1796 4448 προσχρώμενος
1830 4379 2079 4446 μάρτυρι.
