<?xml version="1.0" encoding="UTF-8"?>
<!DOCTYPE html PUBLIC "-//W3C//DTD XHTML 1.0 Transitional//EN"
    "http://www.w3.org/TR/xhtml1/DTD/xhtml1-transitional.dtd">
<html xmlns="http://www.w3.org/1999/xhtml" xml:lang="en" lang="en">
 <head>
  <title>
</title>
<meta http-equiv="Content-Type" content="text/html;charset=utf-8" />
  <meta name='ocr-system' content='tesseract 3.04.00' />
  <meta name='ocr-capabilities' content='ocr_page ocr_carea ocr_par ocr_line ocrx_word'/>
</head>
<body>
  <div class='ocr_page' id='page_1' title='image "./mnemosynebiblio09servgoog/mnemosynebiblio09servgoog_0465.png"; bbox 0 0 2934 5050; ppageno 0'>
   <div class='ocr_carea' id='block_1_1' title="bbox 1064 317 2593 379">
    <p class='ocr_par' dir='ltr' id='par_1_1' title="bbox 1064 317 2593 379">
     <span class='ocr_line' id='line_1_1' title="bbox 1064 317 2593 379; baseline 0.002 -3"><span class='ocrx_word' id='word_1_1' title='bbox 1064 331 1472 377; x_wconf 66' lang='lat' dir='ltr'><strong>communest</strong></span> <span class='ocrx_word' id='word_1_2' title='bbox 1521 332 1753 378; x_wconf 65' lang='lat' dir='ltr'><strong>nunu.</strong></span> <span class='ocrx_word' id='word_1_3' title='bbox 2466 317 2593 379; x_wconf 81' lang='lat'><strong>409</strong></span> 
     </span>
    </p>
   </div>
   <div class='ocr_carea' id='block_1_2' title="bbox 190 491 2589 4338">
    <p class='ocr_par' dir='ltr' id='par_1_2' title="bbox 296 491 2589 586">
     <span class='ocr_line' id='line_1_2' title="bbox 296 491 2589 586; baseline 0.003 -27"><span class='ocrx_word' id='word_1_4' title='bbox 296 491 662 560; x_wconf 84' lang='lat' dir='ltr'><strong>Obscurum</strong></span> <span class='ocrx_word' id='word_1_5' title='bbox 711 502 850 573; x_wconf 90' lang='lat' dir='ltr'><strong>est,</strong></span> <span class='ocrx_word' id='word_1_6' title='bbox 902 515 1022 562; x_wconf 92' lang='lat' dir='ltr'><strong>cur</strong></span> <span class='ocrx_word' id='word_1_7' title='bbox 1068 495 1243 564; x_wconf 88' lang='lat' dir='ltr'><strong>dicat</strong></span> <span class='ocrx_word' id='word_1_8' title='bbox 1292 506 1476 586; x_wconf 90' lang='lat' dir='ltr'><strong>poeta</strong></span> <span class='ocrx_word' id='word_1_9' title='bbox 1527 500 1863 566; x_wconf 76' lang='lat' dir='ltr'><strong>»minimus</strong></span> <span class='ocrx_word' id='word_1_10' title='bbox 1910 501 2246 586; x_wconf 79' lang='lat' dir='ltr'><strong>sangui·s.”</strong></span> <span class='ocrx_word' id='word_1_11' title='bbox 2322 499 2589 586; x_wconf 75' lang='lat' dir='ltr'><strong>Ambigo</strong></span> 
     </span>
    </p>

    <p class='ocr_par' dir='ltr' id='par_1_3' title="bbox 209 600 1832 794">
     <span class='ocr_line' id='line_1_3' title="bbox 209 600 866 665; baseline 0.003 -3"><span class='ocrx_word' id='word_1_12' title='bbox 209 605 432 663; x_wconf 89' lang='lat' dir='ltr'><strong>utrum</strong></span> <span class='ocrx_word' id='word_1_13' title='bbox 483 600 702 664; x_wconf 80' lang='lat' dir='ltr'><strong>verius</strong></span> <span class='ocrx_word' id='word_1_14' title='bbox 748 600 866 665; x_wconf 88' lang='lat' dir='ltr'><strong>sit:</strong></span> 
     </span>
     <span class='ocr_line' id='line_1_4' title="bbox 489 702 1832 794; baseline 0.005 -27"><span class='ocrx_word' id='word_1_15' title='bbox 489 702 801 770; x_wconf 86' lang='lat' dir='ltr'><strong>invidiosa</strong></span> <span class='ocrx_word' id='word_1_16' title='bbox 849 704 1025 770; x_wconf 87' lang='lat' dir='ltr'><strong>dabit</strong></span> <span class='ocrx_word' id='word_1_17' title='bbox 1072 707 1216 772; x_wconf 78' lang='lat' dir='ltr'><strong>vilis</strong></span> <span class='ocrx_word' id='word_1_18' title='bbox 1264 707 1497 773; x_wconf 87' lang='lat' dir='ltr'><strong>solacia</strong></span> <span class='ocrx_word' id='word_1_19' title='bbox 1547 710 1832 794; x_wconf 77' lang='lat' dir='ltr'><strong>sanguis,</strong></span> 
     </span>
    </p>

    <p class='ocr_par' dir='ltr' id='par_1_4' title="bbox 205 807 2401 1006">
     <span class='ocr_line' id='line_1_5' title="bbox 205 807 1439 896; baseline 0.004 -24"><span class='ocrx_word' id='word_1_20' title='bbox 205 825 287 872; x_wconf 85' lang='lat' dir='ltr'><strong>an</strong></span> <span class='ocrx_word' id='word_1_21' title='bbox 337 811 602 896; x_wconf 87' lang='lat' dir='ltr'><strong>propius</strong></span> <span class='ocrx_word' id='word_1_22' title='bbox 649 808 729 874; x_wconf 87' lang='lat' dir='ltr'><strong>ad</strong></span> <span class='ocrx_word' id='word_1_23' title='bbox 777 807 1115 876; x_wconf 90' lang='lat' dir='ltr'><strong>literarum</strong></span> <span class='ocrx_word' id='word_1_24' title='bbox 1165 811 1439 878; x_wconf 83' lang='lat' dir='ltr'><strong>ductus:</strong></span> 
     </span>
     <span class='ocr_line' id='line_1_6' title="bbox 478 914 2401 1006; baseline 0.004 -28"><span class='ocrx_word' id='word_1_25' title='bbox 478 914 786 980; x_wconf 86' lang='lat' dir='ltr'><strong>invidiosa</strong></span> <span class='ocrx_word' id='word_1_26' title='bbox 834 914 1011 980; x_wconf 89' lang='lat' dir='ltr'><strong>dabit</strong></span> <span class='ocrx_word' id='word_1_27' title='bbox 1057 917 1288 981; x_wconf 77' lang='lat' dir='ltr'><strong>minius</strong></span> <span class='ocrx_word' id='word_1_28' title='bbox 1336 917 1405 1004; x_wconf 89' lang='lat' dir='ltr'><strong>(i.</strong></span> <span class='ocrx_word' id='word_1_29' title='bbox 1456 936 1510 983; x_wconf 90' lang='lat' dir='ltr'><strong>e.</strong></span> <span class='ocrx_word' id='word_1_30' title='bbox 1563 918 1781 1006; x_wconf 91' lang='lat' dir='ltr'><strong>ruber)</strong></span> <span class='ocrx_word' id='word_1_31' title='bbox 1832 918 2065 985; x_wconf 85' lang='lat' dir='ltr'><strong>solacia</strong></span> <span class='ocrx_word' id='word_1_32' title='bbox 2115 923 2401 1006; x_wconf 83' lang='lat' dir='ltr'><strong>sanguis.</strong></span> 
     </span>
    </p>

    <p class='ocr_par' dir='ltr' id='par_1_5' title="bbox 422 1020 2407 1944">
     <span class='ocr_line' id='line_1_7' title="bbox 1045 1020 1733 1108; baseline 0.004 -22"><span class='ocrx_word' id='word_1_33' title='bbox 1045 1020 1177 1086; x_wconf 87' lang='lat' dir='ltr'><strong>Sat.</strong></span> <span class='ocrx_word' id='word_1_34' title='bbox 1230 1021 1408 1101; x_wconf 75' lang='lat' dir='ltr'>XIV,</span> <span class='ocrx_word' id='word_1_35' title='bbox 1464 1027 1545 1088; x_wconf 75' lang='lat'><strong>15</strong></span> <span class='ocrx_word' id='word_1_36' title='bbox 1595 1041 1733 1108; x_wconf 84' lang='lat' dir='ltr'><strong>sqq.</strong></span> 
     </span>
     <span class='ocr_line' id='line_1_8' title="bbox 481 1124 2383 1217; baseline 0.004 -29"><span class='ocrx_word' id='word_1_37' title='bbox 481 1124 704 1190; x_wconf 88' lang='lat' dir='ltr'><strong>mitem</strong></span> <span class='ocrx_word' id='word_1_38' title='bbox 754 1125 1042 1190; x_wconf 88' lang='lat' dir='ltr'><strong>animum</strong></span> <span class='ocrx_word' id='word_1_39' title='bbox 1086 1133 1151 1190; x_wconf 90' lang='lat' dir='ltr'><strong>et</strong></span> <span class='ocrx_word' id='word_1_40' title='bbox 1199 1146 1408 1193; x_wconf 87' lang='lat' dir='ltr'><strong>mores</strong></span> <span class='ocrx_word' id='word_1_41' title='bbox 1456 1126 1726 1193; x_wconf 86' lang='lat' dir='ltr'><strong>modicis</strong></span> <span class='ocrx_word' id='word_1_42' title='bbox 1771 1129 2100 1195; x_wconf 86' lang='lat' dir='ltr'><strong>erroribus</strong></span> <span class='ocrx_word' id='word_1_43' title='bbox 2144 1149 2383 1217; x_wconf 87' lang='lat' dir='ltr'><strong>aequos</strong></span> 
     </span>
     <span class='ocr_line' id='line_1_9' title="bbox 479 1228 2387 1320; baseline 0.005 -28"><span class='ocrx_word' id='word_1_44' title='bbox 479 1228 794 1315; x_wconf 78' lang='lat' dir='ltr'><strong>praecipit</strong></span> <span class='ocrx_word' id='word_1_45' title='bbox 836 1237 1029 1315; x_wconf 88' lang='lat' dir='ltr'><strong>atque</strong></span> <span class='ocrx_word' id='word_1_46' title='bbox 1078 1232 1328 1295; x_wconf 87' lang='lat' dir='ltr'><strong>animas</strong></span> <span class='ocrx_word' id='word_1_47' title='bbox 1367 1250 1699 1297; x_wconf 84' lang='lat' dir='ltr'><strong>servorum</strong></span> <span class='ocrx_word' id='word_1_48' title='bbox 1752 1240 1815 1297; x_wconf 92' lang='lat' dir='ltr'><strong>et</strong></span> <span class='ocrx_word' id='word_1_49' title='bbox 1863 1254 2130 1320; x_wconf 88' lang='lat' dir='ltr'><strong>corpora</strong></span> <span class='ocrx_word' id='word_1_50' title='bbox 2176 1244 2387 1302; x_wconf 77' lang='lat' dir='ltr'><strong>nostra</strong></span> 
     </span>
     <span class='ocr_line' id='line_1_10' title="bbox 476 1333 2157 1422; baseline 0.005 -25"><span class='ocrx_word' id='word_1_51' title='bbox 476 1333 748 1399; x_wconf 88' lang='lat' dir='ltr'><strong>materia</strong></span> <span class='ocrx_word' id='word_1_52' title='bbox 802 1342 1098 1400; x_wconf 80' lang='lat' dir='ltr'><strong>constare</strong></span> <span class='ocrx_word' id='word_1_53' title='bbox 1137 1344 1318 1420; x_wconf 80' lang='lat' dir='ltr'><strong>putat</strong></span> <span class='ocrx_word' id='word_1_54' title='bbox 1362 1334 1754 1422; x_wconf 85' lang='lat' dir='ltr'><strong>paribusque</strong></span> <span class='ocrx_word' id='word_1_55' title='bbox 1802 1337 2157 1406; x_wconf 78' lang='lat' dir='ltr'><strong>elementis.</strong></span> 
     </span>
     <span class='ocr_line' id='line_1_11' title="bbox 473 1437 2171 1526; baseline 0.004 -24"><span class='ocrx_word' id='word_1_56' title='bbox 473 1458 554 1503; x_wconf 89' lang='lat' dir='ltr'><strong>an</strong></span> <span class='ocrx_word' id='word_1_57' title='bbox 600 1440 847 1504; x_wconf 86' lang='lat' dir='ltr'><strong>saevire</strong></span> <span class='ocrx_word' id='word_1_58' title='bbox 892 1437 1075 1506; x_wconf 83' lang='lat' dir='ltr'><strong>docet</strong></span> <span class='ocrx_word' id='word_1_59' title='bbox 1120 1439 1441 1517; x_wconf 89' lang='lat' dir='ltr'><strong>Rutilius,</strong></span> <span class='ocrx_word' id='word_1_60' title='bbox 1493 1441 1602 1526; x_wconf 89' lang='lat' dir='ltr'><strong>qui</strong></span> <span class='ocrx_word' id='word_1_61' title='bbox 1655 1442 1889 1526; x_wconf 83' lang='lat' dir='ltr'><strong>gaudet</strong></span> <span class='ocrx_word' id='word_1_62' title='bbox 1940 1444 2171 1511; x_wconf 88' lang='lat' dir='ltr'><strong>acerbo</strong></span> 
     </span>
     <span class='ocr_line' id='line_1_12' title="bbox 476 1542 2170 1634; baseline 0.005 -28"><span class='ocrx_word' id='word_1_63' title='bbox 476 1542 809 1629; x_wconf 83' lang='lat' dir='ltr'><strong>plagarum</strong></span> <span class='ocrx_word' id='word_1_64' title='bbox 860 1546 1173 1630; x_wconf 85' lang='lat' dir='ltr'><strong>strepitu,</strong></span> <span class='ocrx_word' id='word_1_65' title='bbox 1220 1553 1283 1610; x_wconf 89' lang='lat' dir='ltr'><strong>et</strong></span> <span class='ocrx_word' id='word_1_66' title='bbox 1333 1545 1571 1610; x_wconf 88' lang='lat' dir='ltr'><strong>nullam</strong></span> <span class='ocrx_word' id='word_1_67' title='bbox 1624 1545 1852 1612; x_wconf 81' lang='lat' dir='ltr'><strong>Sirena</strong></span> <span class='ocrx_word' id='word_1_68' title='bbox 1899 1546 2170 1634; x_wconf 86' lang='lat' dir='ltr'><strong>flagellis</strong></span> 
     </span>
     <span class='ocr_line' id='line_1_13' title="bbox 475 1649 2407 1742; baseline 0.004 -29"><span class='ocrx_word' id='word_1_69' title='bbox 475 1657 847 1735; x_wconf 86' lang='lat' dir='ltr'><strong>comparat,</strong></span> <span class='ocrx_word' id='word_1_70' title='bbox 898 1649 1279 1735; x_wconf 71' lang='lat' dir='ltr'><strong>Antiphates</strong></span> <span class='ocrx_word' id='word_1_71' title='bbox 1327 1649 1559 1734; x_wconf 79' lang='lat' dir='ltr'>trepidi</span> <span class='ocrx_word' id='word_1_72' title='bbox 1612 1649 1766 1716; x_wconf 88' lang='lat' dir='ltr'><strong>laris</strong></span> <span class='ocrx_word' id='word_1_73' title='bbox 1813 1671 1888 1717; x_wconf 92' lang='lat' dir='ltr'><strong>ac</strong></span> <span class='ocrx_word' id='word_1_74' title='bbox 1939 1652 2407 1742; x_wconf 77' lang='lat' dir='ltr'><strong>Polyphemu8‚</strong></span> 
     </span>
     <span class='ocr_line' id='line_1_14' title="bbox 473 1751 2045 1840; baseline 0.003 -21"><span class='ocrx_word' id='word_1_75' title='bbox 473 1763 629 1820; x_wconf 89' lang='lat' dir='ltr'><strong>tunc</strong></span> <span class='ocrx_word' id='word_1_76' title='bbox 679 1751 866 1831; x_wconf 78' lang='lat' dir='ltr'><strong>felix,</strong></span> <span class='ocrx_word' id='word_1_77' title='bbox 913 1756 1210 1838; x_wconf 90' lang='lat' dir='ltr'><strong>quotiens</strong></span> <span class='ocrx_word' id='word_1_78' title='bbox 1255 1753 1490 1840; x_wconf 88' lang='lat' dir='ltr'><strong>aliquis</strong></span> <span class='ocrx_word' id='word_1_79' title='bbox 1531 1763 1774 1823; x_wconf 89' lang='lat' dir='ltr'><strong>tortore</strong></span> <span class='ocrx_word' id='word_1_80' title='bbox 1821 1766 2045 1823; x_wconf 85' lang='lat' dir='ltr'><strong>vocato</strong></span> 
     </span>
     <span class='ocr_line' id='line_1_15' title="bbox 422 1856 1980 1944; baseline 0.003 -22"><span class='ocrx_word' id='word_1_81' title='bbox 422 1937 433 1943; x_wconf 27' lang='lat'><strong><em>⁴</em></strong></span> <span class='ocrx_word' id='word_1_82' title='bbox 476 1861 692 1924; x_wconf 84' lang='lat' dir='ltr'><strong>uritur</strong></span> <span class='ocrx_word' id='word_1_83' title='bbox 740 1856 993 1923; x_wconf 77' lang='lat' dir='ltr'><strong>ardenti</strong></span> <span class='ocrx_word' id='word_1_84' title='bbox 1040 1856 1167 1921; x_wconf 87' lang='lat' dir='ltr'><strong>duo</strong></span> <span class='ocrx_word' id='word_1_85' title='bbox 1216 1867 1476 1944; x_wconf 90' lang='lat' dir='ltr'><strong>propter</strong></span> <span class='ocrx_word' id='word_1_86' title='bbox 1524 1858 1719 1926; x_wconf 91' lang='lat' dir='ltr'><strong>lintea</strong></span> <span class='ocrx_word' id='word_1_87' title='bbox 1772 1860 1980 1927; x_wconf 77' lang='lat' dir='ltr'><strong>ferro?</strong></span> 
     </span>
    </p>

    <p class='ocr_par' dir='ltr' id='par_1_6' title="bbox 190 1962 2577 2985">
     <span class='ocr_line' id='line_1_16' title="bbox 286 1962 2572 2049; baseline 0.002 -21"><span class='ocrx_word' id='word_1_88' title='bbox 286 1962 498 2029; x_wconf 83' lang='lat' dir='ltr'><strong>Locus</strong></span> <span class='ocrx_word' id='word_1_89' title='bbox 558 1965 655 2028; x_wconf 81' lang='lat' dir='ltr'><strong>sic</strong></span> <span class='ocrx_word' id='word_1_90' title='bbox 699 1964 982 2048; x_wconf 91' lang='lat' dir='ltr'><strong>scriptus</strong></span> <span class='ocrx_word' id='word_1_91' title='bbox 1031 1981 1252 2027; x_wconf 87' lang='lat' dir='ltr'><strong>sanam</strong></span> <span class='ocrx_word' id='word_1_92' title='bbox 1304 1964 1902 2049; x_wconf 74' lang='lat' dir='ltr'><strong>interpretationem</strong></span> <span class='ocrx_word' id='word_1_93' title='bbox 1954 1965 2242 2032; x_wconf 82' lang='lat' dir='ltr'><strong>admittit</strong></span> <span class='ocrx_word' id='word_1_94' title='bbox 2289 1967 2572 2049; x_wconf 88' lang='lat' dir='ltr'><strong>nullam,</strong></span> 
     </span>
     <span class='ocr_line' id='line_1_17' title="bbox 195 2066 2575 2155; baseline 0.003 -22"><span class='ocrx_word' id='word_1_95' title='bbox 195 2066 640 2133; x_wconf 83' lang='lat' dir='ltr'><strong>laborantibus</strong></span> <span class='ocrx_word' id='word_1_96' title='bbox 701 2075 835 2133; x_wconf 89' lang='lat' dir='ltr'><strong>tam</strong></span> <span class='ocrx_word' id='word_1_97' title='bbox 907 2067 1122 2132; x_wconf 86' lang='lat' dir='ltr'><strong>verbis</strong></span> <span class='ocrx_word' id='word_1_98' title='bbox 1186 2087 1377 2152; x_wconf 87' lang='lat' dir='ltr'><strong>quam</strong></span> <span class='ocrx_word' id='word_1_99' title='bbox 1446 2069 1986 2155; x_wconf 86' lang='lat' dir='ltr'><strong>interpunctione.</strong></span> <span class='ocrx_word' id='word_1_100' title='bbox 2084 2071 2293 2137; x_wconf 87' lang='lat' dir='ltr'><strong>Posita</strong></span> <span class='ocrx_word' id='word_1_101' title='bbox 2357 2080 2575 2139; x_wconf 89' lang='lat' dir='ltr'><strong>autem</strong></span> 
     </span>
     <span class='ocr_line' id='line_1_18' title="bbox 196 2171 2577 2261; baseline 0.002 -24"><span class='ocrx_word' id='word_1_102' title='bbox 196 2172 453 2259; x_wconf 78' lang='lat' dir='ltr'><strong>virgula</strong></span> <span class='ocrx_word' id='word_1_103' title='bbox 517 2193 631 2259; x_wconf 92' lang='lat' dir='ltr'><strong>pro</strong></span> <span class='ocrx_word' id='word_1_104' title='bbox 687 2181 924 2259; x_wconf 91' lang='lat' dir='ltr'><strong>puncto</strong></span> <span class='ocrx_word' id='word_1_105' title='bbox 989 2182 1129 2258; x_wconf 88' lang='lat' dir='ltr'><strong>post</strong></span> <span class='ocrx_word' id='word_1_106' title='bbox 1188 2171 1550 2249; x_wconf 75' lang='lat' dir='ltr'><strong>elementis,</strong></span> <span class='ocrx_word' id='word_1_107' title='bbox 1620 2172 1805 2241; x_wconf 79' lang='lat' dir='ltr'><strong>facile</strong></span> <span class='ocrx_word' id='word_1_108' title='bbox 1867 2173 2187 2261; x_wconf 83' lang='lat' dir='ltr'><strong>intelliges</strong></span> <span class='ocrx_word' id='word_1_109' title='bbox 2232 2176 2577 2243; x_wconf 88' lang='lat' dir='ltr'><strong>cohaerere</strong></span> 
     </span>
     <span class='ocr_line' id='line_1_19' title="bbox 192 2277 2570 2364; baseline 0.001 -19"><span class='ocrx_word' id='word_1_110' title='bbox 192 2277 459 2346; x_wconf 88' lang='lat' dir='ltr'><strong>debere:</strong></span> <span class='ocrx_word' id='word_1_111' title='bbox 510 2279 1090 2362; x_wconf 78' lang='lat' dir='ltr'><strong>mitem—aequos</strong></span> <span class='ocrx_word' id='word_1_112' title='bbox 1138 2297 1442 2341; x_wconf 67' lang='lat' dir='ltr'><strong>emacim·</strong></span> <span class='ocrx_word' id='word_1_113' title='bbox 1490 2286 1673 2364; x_wconf 81' lang='lat' dir='ltr'><strong>alque</strong></span> <span class='ocrx_word' id='word_1_114' title='bbox 1702 2318 1783 2331; x_wconf 87' lang='lat'><strong>—-</strong></span> <span class='ocrx_word' id='word_1_115' title='bbox 1810 2281 2570 2359; x_wconf 77' lang='lat' dir='ltr'><strong>constare—elementis,</strong></span> 
     </span>
     <span class='ocr_line' id='line_1_20' title="bbox 192 2381 2570 2467; baseline 0 -17"><span class='ocrx_word' id='word_1_116' title='bbox 192 2403 271 2451; x_wconf 69' lang='lat' dir='ltr'><strong>Art</strong></span> <span class='ocrx_word' id='word_1_117' title='bbox 331 2383 567 2448; x_wconf 75' lang='lat' dir='ltr'><strong>saevire</strong></span> <span class='ocrx_word' id='word_1_118' title='bbox 615 2402 802 2447; x_wconf 74' lang='lat' dir='ltr'><strong>nocer</strong></span> <span class='ocrx_word' id='word_1_119' title='bbox 851 2381 1179 2456; x_wconf 75' lang='grc' dir='ltr'><strong>Βυτιιιυε,</strong></span> <span class='ocrx_word' id='word_1_120' title='bbox 1227 2383 1336 2467; x_wconf 78' lang='lat' dir='ltr'><strong>qui</strong></span> <span class='ocrx_word' id='word_1_121' title='bbox 1382 2383 1579 2447; x_wconf 60' lang='lat' dir='ltr'><strong>ceth?</strong></span> <span class='ocrx_word' id='word_1_122' title='bbox 1652 2382 1832 2464; x_wconf 81' lang='lat' dir='ltr'><strong>Quod</strong></span> <span class='ocrx_word' id='word_1_123' title='bbox 1881 2386 1933 2447; x_wconf 90' lang='lat' dir='ltr'><strong>si</strong></span> <span class='ocrx_word' id='word_1_124' title='bbox 1986 2384 2068 2449; x_wconf 84' lang='lat' dir='ltr'><strong>ita</strong></span> <span class='ocrx_word' id='word_1_125' title='bbox 2122 2393 2259 2463; x_wconf 86' lang='lat' dir='ltr'><strong>est,</strong></span> <span class='ocrx_word' id='word_1_126' title='bbox 2311 2385 2570 2451; x_wconf 90' lang='lat' dir='ltr'><strong>mendo-</strong></span> 
     </span>
     <span class='ocr_line' id='line_1_21' title="bbox 190 2487 2566 2578; baseline 0.001 -23"><span class='ocrx_word' id='word_1_127' title='bbox 190 2509 344 2556; x_wconf 86' lang='lat' dir='ltr'><strong>sum</strong></span> <span class='ocrx_word' id='word_1_128' title='bbox 408 2509 547 2556; x_wconf 83' lang='lat' dir='ltr'><strong>esse</strong></span> <span class='ocrx_word' id='word_1_129' title='bbox 610 2487 984 2555; x_wconf 85' lang='lat' dir='ltr'><strong>vocabulum</strong></span> <span class='ocrx_word' id='word_1_130' title='bbox 1034 2497 1213 2575; x_wconf 66' lang='lat' dir='ltr'><strong>placat</strong></span> <span class='ocrx_word' id='word_1_131' title='bbox 1278 2506 1537 2554; x_wconf 90' lang='lat' dir='ltr'><strong>necesse</strong></span> <span class='ocrx_word' id='word_1_132' title='bbox 1585 2499 1711 2558; x_wconf 84' lang='lat' dir='ltr'><strong>est;</strong></span> <span class='ocrx_word' id='word_1_133' title='bbox 1779 2487 2007 2574; x_wconf 90' lang='lat' dir='ltr'><strong>idque,</strong></span> <span class='ocrx_word' id='word_1_134' title='bbox 2061 2508 2181 2555; x_wconf 91' lang='lat' dir='ltr'><strong>non</strong></span> <span class='ocrx_word' id='word_1_135' title='bbox 2235 2498 2566 2578; x_wconf 89' lang='lat' dir='ltr'><strong>perspecta</strong></span> 
     </span>
     <span class='ocr_line' id='line_1_22' title="bbox 195 2592 2572 2681; baseline -0 -20"><span class='ocrx_word' id='word_1_136' title='bbox 195 2595 443 2681; x_wconf 87' lang='lat' dir='ltr'><strong>reliqua</strong></span> <span class='ocrx_word' id='word_1_137' title='bbox 491 2594 613 2661; x_wconf 90' lang='lat' dir='ltr'><strong>loci</strong></span> <span class='ocrx_word' id='word_1_138' title='bbox 664 2594 948 2671; x_wconf 87' lang='lat' dir='ltr'><strong>ratione,</strong></span> <span class='ocrx_word' id='word_1_139' title='bbox 1016 2594 1142 2657; x_wconf 89' lang='lat' dir='ltr'><strong>iam</strong></span> <span class='ocrx_word' id='word_1_140' title='bbox 1193 2592 1508 2658; x_wconf 79' lang='lat' dir='ltr'><strong>intellexit</strong></span> <span class='ocrx_word' id='word_1_141' title='bbox 1555 2592 1993 2658; x_wconf 80' lang='lat' dir='ltr'><strong>Wakefieldus</strong></span> <span class='ocrx_word' id='word_1_142' title='bbox 2039 2593 2315 2660; x_wconf 73' lang='lat' dir='ltr'><strong>feliciter</strong></span> <span class='ocrx_word' id='word_1_143' title='bbox 2361 2596 2572 2661; x_wconf 82' lang='lat' dir='ltr'><strong>corri-</strong></span> 
     </span>
     <span class='ocr_line' id='line_1_23' title="bbox 193 2697 2562 2785; baseline -0 -21"><span class='ocrx_word' id='word_1_144' title='bbox 193 2719 355 2784; x_wconf 78' lang='lat' dir='ltr'><strong>gens</strong></span> <span class='ocrx_word' id='word_1_145' title='bbox 394 2700 578 2785; x_wconf 79' lang='lat' dir='ltr'><strong>pori.-</strong></span> <span class='ocrx_word' id='word_1_146' title='bbox 628 2718 819 2785; x_wconf 89' lang='lat' dir='ltr'><strong>quem</strong></span> <span class='ocrx_word' id='word_1_147' title='bbox 880 2699 1116 2763; x_wconf 88' lang='lat' dir='ltr'><strong>mirum</strong></span> <span class='ocrx_word' id='word_1_148' title='bbox 1174 2707 1273 2762; x_wconf 88' lang='lat' dir='ltr'><strong>est</strong></span> <span class='ocrx_word' id='word_1_149' title='bbox 1326 2717 1445 2762; x_wconf 89' lang='lat' dir='ltr'><strong>non</strong></span> <span class='ocrx_word' id='word_1_150' title='bbox 1491 2697 1727 2763; x_wconf 90' lang='lat' dir='ltr'><strong>vidisse</strong></span> <span class='ocrx_word' id='word_1_151' title='bbox 1763 2700 1851 2762; x_wconf 88' lang='lat' dir='ltr'><strong>ita</strong></span> <span class='ocrx_word' id='word_1_152' title='bbox 1893 2698 2089 2763; x_wconf 90' lang='lat' dir='ltr'><strong>simul</strong></span> <span class='ocrx_word' id='word_1_153' title='bbox 2128 2701 2562 2766; x_wconf 85' lang='lat' dir='ltr'><strong>necessarium</strong></span> 
     </span>
     <span class='ocr_line' id='line_1_24' title="bbox 193 2802 2560 2890; baseline 0 -21"><span class='ocrx_word' id='word_1_154' title='bbox 193 2824 335 2870; x_wconf 86' lang='lat' dir='ltr'><strong>esse</strong></span> <span class='ocrx_word' id='word_1_155' title='bbox 379 2805 607 2869; x_wconf 74' lang='lat' dir='ltr'><strong>noslris</strong></span> <span class='ocrx_word' id='word_1_156' title='bbox 654 2824 768 2890; x_wconf 92' lang='lat' dir='ltr'><strong>pro</strong></span> <span class='ocrx_word' id='word_1_157' title='bbox 812 2815 1044 2868; x_wconf 78' lang='lat' dir='ltr'><strong>nostra.</strong></span> <span class='ocrx_word' id='word_1_158' title='bbox 1121 2803 1320 2867; x_wconf 85' lang='lat' dir='ltr'><strong>Totus</strong></span> <span class='ocrx_word' id='word_1_159' title='bbox 1371 2803 1572 2886; x_wconf 86' lang='lat' dir='ltr'><strong>igitur</strong></span> <span class='ocrx_word' id='word_1_160' title='bbox 1618 2802 1795 2868; x_wconf 87' lang='lat' dir='ltr'><strong>locus</strong></span> <span class='ocrx_word' id='word_1_161' title='bbox 1836 2804 1969 2882; x_wconf 85' lang='lat' dir='ltr'><strong>sic,</strong></span> <span class='ocrx_word' id='word_1_162' title='bbox 2024 2804 2149 2868; x_wconf 90' lang='lat' dir='ltr'><strong>nisi</strong></span> <span class='ocrx_word' id='word_1_163' title='bbox 2200 2824 2300 2869; x_wconf 89' lang='lat' dir='ltr'><strong>me</strong></span> <span class='ocrx_word' id='word_1_164' title='bbox 2348 2805 2560 2869; x_wconf 84' lang='lat' dir='ltr'><strong>omnia</strong></span> 
     </span>
     <span class='ocr_line' id='line_1_25' title="bbox 194 2908 1033 2985; baseline -0.001 -12"><span class='ocrx_word' id='word_1_165' title='bbox 194 2908 459 2985; x_wconf 76' lang='lat' dir='ltr'><strong>fallunt,</strong></span> <span class='ocrx_word' id='word_1_166' title='bbox 506 2908 1033 2975; x_wconf 88' lang='lat' dir='ltr'><strong>constituendus:</strong></span> 
     </span>
    </p>

    <p class='ocr_par' dir='ltr' id='par_1_7' title="bbox 376 3011 2299 3099">
     <span class='ocr_line' id='line_1_26' title="bbox 376 3011 2299 3099; baseline -0.003 -19"><span class='ocrx_word' id='word_1_167' title='bbox 376 3016 600 3080; x_wconf 87' lang='lat' dir='ltr'><strong>mitem</strong></span> <span class='ocrx_word' id='word_1_168' title='bbox 651 3014 940 3078; x_wconf 88' lang='lat' dir='ltr'><strong>animum</strong></span> <span class='ocrx_word' id='word_1_169' title='bbox 990 3023 1048 3079; x_wconf 90' lang='lat' dir='ltr'><strong>et</strong></span> <span class='ocrx_word' id='word_1_170' title='bbox 1105 3031 1314 3077; x_wconf 90' lang='lat' dir='ltr'><strong>mores</strong></span> <span class='ocrx_word' id='word_1_171' title='bbox 1367 3011 1636 3078; x_wconf 88' lang='lat' dir='ltr'><strong>modicis</strong></span> <span class='ocrx_word' id='word_1_172' title='bbox 1685 3012 2014 3079; x_wconf 88' lang='lat' dir='ltr'><strong>erroribus</strong></span> <span class='ocrx_word' id='word_1_173' title='bbox 2062 3015 2299 3099; x_wconf 85' lang='lat' dir='ltr'><strong>aequos</strong></span> 
     </span>
    </p>

    <p class='ocr_par' dir='ltr' id='par_1_8' title="bbox 381 3117 2575 3206">
     <span class='ocr_line' id='line_1_27' title="bbox 381 3117 2575 3206; baseline -0.002 -21"><span class='ocrx_word' id='word_1_174' title='bbox 381 3120 699 3206; x_wconf 82' lang='lat' dir='ltr'><strong>praecipit</strong></span> <span class='ocrx_word' id='word_1_175' title='bbox 738 3117 961 3204; x_wconf 84' lang='lat' dir='ltr'><strong>(filio),</strong></span> <span class='ocrx_word' id='word_1_176' title='bbox 1010 3125 1204 3203; x_wconf 89' lang='lat' dir='ltr'><strong>atque</strong></span> <span class='ocrx_word' id='word_1_177' title='bbox 1253 3117 1503 3182; x_wconf 88' lang='lat' dir='ltr'><strong>animas</strong></span> <span class='ocrx_word' id='word_1_178' title='bbox 1556 3137 1887 3183; x_wconf 80' lang='lat' dir='ltr'><strong>servorum</strong></span> <span class='ocrx_word' id='word_1_179' title='bbox 1940 3128 2003 3184; x_wconf 90' lang='lat' dir='ltr'><strong>et</strong></span> <span class='ocrx_word' id='word_1_180' title='bbox 2042 3138 2309 3204; x_wconf 88' lang='lat' dir='ltr'><strong>corpora</strong></span> <span class='ocrx_word' id='word_1_181' title='bbox 2347 3117 2575 3182; x_wconf 79' lang='lat' dir='ltr'><strong>uostris</strong></span> 
     </span>
    </p>

    <p class='ocr_par' dir='ltr' id='par_1_9' title="bbox 374 3222 2032 3307">
     <span class='ocr_line' id='line_1_28' title="bbox 374 3222 2032 3307; baseline -0.001 -17"><span class='ocrx_word' id='word_1_182' title='bbox 374 3225 645 3292; x_wconf 87' lang='lat' dir='ltr'><strong>materia</strong></span> <span class='ocrx_word' id='word_1_183' title='bbox 694 3232 991 3289; x_wconf 86' lang='lat' dir='ltr'><strong>constare</strong></span> <span class='ocrx_word' id='word_1_184' title='bbox 1033 3224 1177 3306; x_wconf 79' lang='lat' dir='ltr'><strong>pari</strong></span> <span class='ocrx_word' id='word_1_185' title='bbox 1225 3222 1611 3307; x_wconf 83' lang='lat' dir='ltr'><strong>paribusque</strong></span> <span class='ocrx_word' id='word_1_186' title='bbox 1662 3222 2032 3300; x_wconf 78' lang='lat' dir='ltr'><strong>elementiS,</strong></span> 
     </span>
    </p>

    <p class='ocr_par' dir='ltr' id='par_1_10' title="bbox 372 3326 2062 3413">
     <span class='ocr_line' id='line_1_29' title="bbox 372 3326 2062 3413; baseline -0.001 -19"><span class='ocrx_word' id='word_1_187' title='bbox 372 3349 453 3394; x_wconf 87' lang='lat' dir='ltr'><strong>an</strong></span> <span class='ocrx_word' id='word_1_188' title='bbox 504 3331 755 3395; x_wconf 86' lang='lat' dir='ltr'><strong>saevire</strong></span> <span class='ocrx_word' id='word_1_189' title='bbox 803 3328 987 3394; x_wconf 90' lang='lat' dir='ltr'><strong>docet</strong></span> <span class='ocrx_word' id='word_1_190' title='bbox 1037 3326 1335 3404; x_wconf 78' lang='lat' dir='ltr'><strong>Rutilus,</strong></span> <span class='ocrx_word' id='word_1_191' title='bbox 1388 3330 1497 3412; x_wconf 89' lang='lat' dir='ltr'><strong>qui</strong></span> <span class='ocrx_word' id='word_1_192' title='bbox 1546 3327 1785 3413; x_wconf 82' lang='lat' dir='ltr'><strong>gaudet</strong></span> <span class='ocrx_word' id='word_1_193' title='bbox 1832 3329 2062 3394; x_wconf 88' lang='lat' dir='ltr'><strong>acerbo</strong></span> 
     </span>
    </p>

    <p class='ocr_par' dir='ltr' id='par_1_11' title="bbox 374 3430 2035 3520">
     <span class='ocr_line' id='line_1_30' title="bbox 374 3430 2035 3520; baseline -0.001 -21"><span class='ocrx_word' id='word_1_194' title='bbox 374 3434 709 3520; x_wconf 82' lang='lat' dir='ltr'><strong>plagarum</strong></span> <span class='ocrx_word' id='word_1_195' title='bbox 759 3435 1032 3518; x_wconf 82' lang='lat' dir='ltr'><strong>strepitu</strong></span> <span class='ocrx_word' id='word_1_196' title='bbox 1083 3441 1147 3497; x_wconf 92' lang='lat' dir='ltr'><strong>et</strong></span> <span class='ocrx_word' id='word_1_197' title='bbox 1195 3430 1433 3496; x_wconf 87' lang='lat' dir='ltr'><strong>nullam</strong></span> <span class='ocrx_word' id='word_1_198' title='bbox 1488 3433 1714 3498; x_wconf 85' lang='lat' dir='ltr'><strong>Sirena</strong></span> <span class='ocrx_word' id='word_1_199' title='bbox 1769 3432 2035 3516; x_wconf 81' lang='lat' dir='ltr'><strong>flagellis</strong></span> 
     </span>
    </p>

    <p class='ocr_par' dir='ltr' id='par_1_12' title="bbox 371 3521 2293 3625">
     <span class='ocr_line' id='line_1_31' title="bbox 371 3521 2293 3625; baseline -0.002 -20"><span class='ocrx_word' id='word_1_200' title='bbox 371 3547 739 3625; x_wconf 83' lang='lat' dir='ltr'><strong>comparat,</strong></span> <span class='ocrx_word' id='word_1_201' title='bbox 791 3521 1171 3624; x_wconf 52' lang='lat' dir='ltr'><strong>Antiphates</strong></span> <span class='ocrx_word' id='word_1_202' title='bbox 1223 3536 1452 3622; x_wconf 88' lang='lat' dir='ltr'><strong>trepidi</strong></span> <span class='ocrx_word' id='word_1_203' title='bbox 1506 3537 1660 3603; x_wconf 85' lang='lat' dir='ltr'><strong>laris</strong></span> <span class='ocrx_word' id='word_1_204' title='bbox 1708 3557 1781 3602; x_wconf 87' lang='lat' dir='ltr'><strong>ac</strong></span> <span class='ocrx_word' id='word_1_205' title='bbox 1832 3535 2293 3625; x_wconf 80' lang='lat' dir='ltr'><strong>PolyphemuS‚</strong></span> 
     </span>
    </p>

    <p class='ocr_par' dir='ltr' id='par_1_13' title="bbox 372 3641 1956 3730">
     <span class='ocr_line' id='line_1_32' title="bbox 372 3641 1956 3730; baseline -0.001 -21"><span class='ocrx_word' id='word_1_206' title='bbox 372 3652 530 3710; x_wconf 89' lang='lat' dir='ltr'><strong>tnnc</strong></span> <span class='ocrx_word' id='word_1_207' title='bbox 581 3642 768 3719; x_wconf 78' lang='lat' dir='ltr'><strong>felix,</strong></span> <span class='ocrx_word' id='word_1_208' title='bbox 818 3644 1114 3730; x_wconf 87' lang='lat' dir='ltr'><strong>quotiens</strong></span> <span class='ocrx_word' id='word_1_209' title='bbox 1160 3641 1394 3728; x_wconf 88' lang='lat' dir='ltr'><strong>aliquis</strong></span> <span class='ocrx_word' id='word_1_210' title='bbox 1442 3650 1685 3708; x_wconf 91' lang='lat' dir='ltr'><strong>tortore</strong></span> <span class='ocrx_word' id='word_1_211' title='bbox 1734 3651 1956 3707; x_wconf 87' lang='lat' dir='ltr'><strong>vocato</strong></span> 
     </span>
    </p>

    <p class='ocr_par' dir='ltr' id='par_1_14' title="bbox 202 3745 2566 4338">
     <span class='ocr_line' id='line_1_33' title="bbox 372 3745 1881 3833; baseline -0.001 -19"><span class='ocrx_word' id='word_1_212' title='bbox 372 3750 591 3815; x_wconf 84' lang='lat' dir='ltr'><strong>uritur</strong></span> <span class='ocrx_word' id='word_1_213' title='bbox 638 3749 894 3814; x_wconf 90' lang='lat' dir='ltr'><strong>ardenti</strong></span> <span class='ocrx_word' id='word_1_214' title='bbox 939 3747 1067 3814; x_wconf 89' lang='lat' dir='ltr'><strong>duo</strong></span> <span class='ocrx_word' id='word_1_215' title='bbox 1116 3745 1613 3833; x_wconf 11' lang='lat' dir='ltr'><strong>propterblintea</strong></span> <span class='ocrx_word' id='word_1_216' title='bbox 1661 3745 1881 3812; x_wconf 85' lang='lat' dir='ltr'><strong>ferro?</strong></span> 
     </span>
     <span class='ocr_line' id='line_1_34' title="bbox 205 3849 2566 3938; baseline 0 -23"><span class='ocrx_word' id='word_1_217' title='bbox 205 3849 469 3931; x_wconf 81' lang='lat' dir='ltr'><strong>Utrum,</strong></span> <span class='ocrx_word' id='word_1_218' title='bbox 555 3855 687 3932; x_wconf 89' lang='lat' dir='ltr'><strong>ait,</strong></span> <span class='ocrx_word' id='word_1_219' title='bbox 753 3852 1047 3931; x_wconf 72' lang='lat' dir='ltr'><strong>Rutilae,</strong></span> <span class='ocrx_word' id='word_1_220' title='bbox 1109 3854 1220 3937; x_wconf 86' lang='lat' dir='ltr'><strong>qni</strong></span> <span class='ocrx_word' id='word_1_221' title='bbox 1286 3860 1548 3938; x_wconf 87' lang='lat' dir='ltr'><strong>propter</strong></span> <span class='ocrx_word' id='word_1_222' title='bbox 1606 3850 1930 3918; x_wconf 87' lang='lat' dir='ltr'><strong>levissima</strong></span> <span class='ocrx_word' id='word_1_223' title='bbox 2013 3861 2274 3937; x_wconf 86' lang='lat' dir='ltr'><strong>peccata</strong></span> <span class='ocrx_word' id='word_1_224' title='bbox 2347 3869 2566 3916; x_wconf 88' lang='lat' dir='ltr'><strong>servos</strong></span> 
     </span>
     <span class='ocr_line' id='line_1_35' title="bbox 202 3955 2565 4045; baseline 0 -28"><span class='ocrx_word' id='word_1_225' title='bbox 202 3956 438 4024; x_wconf 86' lang='lat' dir='ltr'><strong>crudeli</strong></span> <span class='ocrx_word' id='word_1_226' title='bbox 500 3958 815 4045; x_wconf 84' lang='lat' dir='ltr'><strong>supplicio</strong></span> <span class='ocrx_word' id='word_1_227' title='bbox 877 3955 1130 4022; x_wconf 85' lang='lat' dir='ltr'><strong>afficere</strong></span> <span class='ocrx_word' id='word_1_228' title='bbox 1184 3956 1380 4032; x_wconf 85' lang='lat' dir='ltr'><strong>solet,</strong></span> <span class='ocrx_word' id='word_1_229' title='bbox 1446 3955 1575 4021; x_wconf 83' lang='lat' dir='ltr'><strong>titio</strong></span> <span class='ocrx_word' id='word_1_230' title='bbox 1622 3976 1739 4021; x_wconf 88' lang='lat' dir='ltr'><strong>sno</strong></span> <span class='ocrx_word' id='word_1_231' title='bbox 1785 3956 2101 4042; x_wconf 84' lang='lat' dir='ltr'><strong>praecipit</strong></span> <span class='ocrx_word' id='word_1_232' title='bbox 2148 3956 2370 4020; x_wconf 91' lang='lat' dir='ltr'><strong>mitem</strong></span> <span class='ocrx_word' id='word_1_233' title='bbox 2423 3955 2565 4021; x_wconf 88' lang='lat' dir='ltr'><strong>ani-</strong></span> 
     </span>
     <span class='ocr_line' id='line_1_36' title="bbox 206 4060 2565 4146; baseline 0.001 -23"><span class='ocrx_word' id='word_1_234' title='bbox 206 4076 374 4126; x_wconf 86' lang='lat' dir='ltr'><strong>mum</strong></span> <span class='ocrx_word' id='word_1_235' title='bbox 425 4071 485 4128; x_wconf 86' lang='lat' dir='ltr'><strong>et</strong></span> <span class='ocrx_word' id='word_1_236' title='bbox 535 4081 745 4129; x_wconf 87' lang='lat' dir='ltr'><strong>mores</strong></span> <span class='ocrx_word' id='word_1_237' title='bbox 794 4060 1062 4128; x_wconf 89' lang='lat' dir='ltr'><strong>modicis</strong></span> <span class='ocrx_word' id='word_1_238' title='bbox 1108 4061 1437 4127; x_wconf 86' lang='lat' dir='ltr'><strong>erroribus</strong></span> <span class='ocrx_word' id='word_1_239' title='bbox 1486 4081 1759 4146; x_wconf 84' lang='lat' dir='ltr'><strong>aequos,</strong></span> <span class='ocrx_word' id='word_1_240' title='bbox 1807 4069 2001 4145; x_wconf 86' lang='lat' dir='ltr'><strong>atque</strong></span> <span class='ocrx_word' id='word_1_241' title='bbox 2049 4080 2265 4125; x_wconf 87' lang='lat' dir='ltr'><strong>servos</strong></span> <span class='ocrx_word' id='word_1_242' title='bbox 2309 4079 2565 4146; x_wconf 83' lang='lat' dir='ltr'><strong>quoque</strong></span> 
     </span>
     <span class='ocr_line' id='line_1_37' title="bbox 209 4160 2560 4253; baseline 0.001 -27"><span class='ocrx_word' id='word_1_243' title='bbox 209 4160 484 4233; x_wconf 83' lang='lat' dir='ltr'><strong>homines</strong></span> <span class='ocrx_word' id='word_1_244' title='bbox 547 4188 688 4234; x_wconf 90' lang='lat' dir='ltr'><strong>esse</strong></span> <span class='ocrx_word' id='word_1_245' title='bbox 749 4186 872 4232; x_wconf 90' lang='lat' dir='ltr'><strong>non</strong></span> <span class='ocrx_word' id='word_1_246' title='bbox 937 4168 1158 4248; x_wconf 84' lang='lat' dir='ltr'><strong>minus</strong></span> <span class='ocrx_word' id='word_1_247' title='bbox 1218 4186 1408 4253; x_wconf 89' lang='lat' dir='ltr'><strong>quam</strong></span> <span class='ocrx_word' id='word_1_248' title='bbox 1484 4185 1631 4241; x_wconf 70' lang='lat' dir='ltr'><strong>noS,</strong></span> <span class='ocrx_word' id='word_1_249' title='bbox 1695 4185 1775 4230; x_wconf 85' lang='lat' dir='ltr'><strong>an</strong></span> <span class='ocrx_word' id='word_1_250' title='bbox 1839 4163 2023 4230; x_wconf 90' lang='lat' dir='ltr'><strong>docet</strong></span> <span class='ocrx_word' id='word_1_251' title='bbox 2072 4184 2219 4230; x_wconf 90' lang='lat' dir='ltr'><strong>eum</strong></span> <span class='ocrx_word' id='word_1_252' title='bbox 2270 4164 2560 4230; x_wconf 83' lang='lat' dir='ltr'><strong>saevire?</strong></span> 
     </span>
     <span class='ocr_line' id='line_1_38' title="bbox 206 4264 2562 4338; baseline 0.002 -9"><span class='ocrx_word' id='word_1_253' title='bbox 206 4264 542 4338; x_wconf 81' lang='lat' dir='ltr'><strong>Erroribus</strong></span> <span class='ocrx_word' id='word_1_254' title='bbox 603 4270 1014 4337; x_wconf 88' lang='lat' dir='ltr'><strong>librariorum</strong></span> <span class='ocrx_word' id='word_1_255' title='bbox 1080 4270 1252 4336; x_wconf 88' lang='lat' dir='ltr'><strong>hunc</strong></span> <span class='ocrx_word' id='word_1_256' title='bbox 1319 4270 1531 4337; x_wconf 89' lang='lat' dir='ltr'><strong>locum</strong></span> <span class='ocrx_word' id='word_1_257' title='bbox 1602 4270 1882 4335; x_wconf 85' lang='lat' dir='ltr'><strong>maxime</strong></span> <span class='ocrx_word' id='word_1_258' title='bbox 1930 4268 2170 4335; x_wconf 86' lang='lat' dir='ltr'><strong>idcirco</strong></span> <span class='ocrx_word' id='word_1_259' title='bbox 2218 4268 2562 4334; x_wconf 75' lang='lat' dir='ltr'><strong>obnoxium</strong></span> 
     </span>
    </p>
   </div>
   <div class='ocr_carea' id='block_1_3' title="bbox 208 4367 2564 4526">
    <p class='ocr_par' dir='ltr' id='par_1_15' title="bbox 208 4367 2564 4526">
     <span class='ocr_line' id='line_1_39' title="bbox 208 4367 2564 4462; baseline 0.003 -30"><span class='ocrx_word' id='word_1_260' title='bbox 208 4367 397 4441; x_wconf 75' lang='lat' dir='ltr'><strong>fuisse</strong></span> <span class='ocrx_word' id='word_1_261' title='bbox 456 4386 644 4461; x_wconf 85' lang='lat' dir='ltr'><strong>puto,</strong></span> <span class='ocrx_word' id='word_1_262' title='bbox 708 4375 875 4461; x_wconf 86' lang='lat' dir='ltr'><strong>quod</strong></span> <span class='ocrx_word' id='word_1_263' title='bbox 944 4396 1064 4440; x_wconf 90' lang='lat' dir='ltr'><strong>non</strong></span> <span class='ocrx_word' id='word_1_264' title='bbox 1137 4374 1592 4459; x_wconf 82' lang='lat' dir='ltr'><strong>intellegebant</strong></span> <span class='ocrx_word' id='word_1_265' title='bbox 1657 4373 1832 4438; x_wconf 87' lang='lat' dir='ltr'><strong>verbi</strong></span> <span class='ocrx_word' id='word_1_266' title='bbox 1877 4376 2189 4462; x_wconf 75' lang='lat' dir='ltr'><strong>praecepit</strong></span> <span class='ocrx_word' id='word_1_267' title='bbox 2240 4373 2564 4461; x_wconf 87' lang='lat' dir='ltr'><strong>duplicem</strong></span> 
     </span>
     <span class='ocr_line' id='line_1_40' title="bbox 2220 4482 2280 4526; baseline 0.017 -1"><span class='ocrx_word' id='word_1_268' title='bbox 2220 4482 2280 4526; x_wconf 81' lang='lat'><strong>27</strong></span> 
     </span>
    </p>
   </div>
  </div>
 </body>
</html>
