2934 5050
1073 308 1455 357 Ρειιοιοειειι
1508 311 1580 358 ετ
1625 312 1876 359 curruca.
2576 302 2654 363 21

690 472 865 550 οὗτος
911 475 1089 545 πόθεν
1135 480 1301 558 ἥκεις
1318 504 1336 559 ς
1380 495 1448 549 Β.
1497 484 1586 557 εἷς
1630 482 1903 550 Κολωνὸν
1949 482 2127 563 ἱέμην

691 585 760 649 οὖ
805 582 911 648 τὸν
955 586 1280 668 ἀγοραῖον,
1330 590 1510 656 ἀλλὰ
1554 589 1657 656 τὸν
1703 591 1840 657 τῶν
1869 583 2124 657 ἱππέων.

370 682 699 754 Admoneo
736 687 1048 757 Dindortii
1084 694 1332 779 gratia,
1360 696 1473 783 qui
1511 696 1774 763 Porsoni
1801 696 2240 764 coniecturam
2280 703 2398 764 τῶν
2433 694 2662 783 ἑταίρων

282 791 520 877 recepit
569 792 637 859 in
690 802 962 863 textum.

366 998 528 1082 Quia
580 1004 1004 1075 utilissimum
1055 1018 1156 1077 est
1218 1011 1582 1079 iunioribus
1642 1022 1854 1080 certas
1901 1024 1967 1082 et
2021 1014 2396 1083 manifestas
2441 1035 2657 1084 emen-

276 1103 567 1176 dationes
623 1120 952 1198 spectare,
999 1113 1364 1183 adscribam
1424 1117 1635 1184 locum
1684 1138 1721 1185 a
1773 1119 2044 1207 Bergkio
2092 1120 2463 1190 felicissime
2510 1144 2651 1190 cor·

273 1219 521 1279 rectum
576 1214 659 1281 ad
707 1216 938 1308 Odyss.
986 1229 1056 1290 Ξ.
1110 1226 1241 1290 228

583 1319 781 1398 ἄλλος
828 1324 955 1406 γάρ
1003 1329 1063 1392 τ’
1102 1325 1379 1395 ἄλλοισιν
1430 1330 1577 1410 ἀνὴρ
1622 1330 2020 1412 ἐπιτέρπεται
2066 1331 2284 1414 ἔργοις.

354 1423 593 1491 Fertur
655 1428 719 1493 iu
790 1432 1031 1517 optimo
1094 1432 1473 1500 Harleiano:
1534 1440 1712 1502 τοῦτο
1769 1437 2120 1520 ἀρχίλοχοσ·
2179 1436 2647 1522 μεταφράσεωο·

264 1525 461 1595 ἄλλοο-
514 1529 695 1616 οἳλλῳ
741 1536 990 1617 κραδίην
1045 1536 1327 1618 γένηται.
1425 1538 1739 1626 Bergkius
1784 1541 2183 1611 emendavit:
2246 1545 2643 1629 μετέφρασεν

802 1644 880 1716 ὥς
925 1640 1122 1718 ἄλλος
1169 1642 1345 1728 ἄλλῳ
1390 1646 1641 1727 καρδίην
1686 1646 1971 1715 ἰαίνεται.

260 1746 617 1809 ΙΕΝΕΤΛΙ
681 1744 1006 1815 tralaticio
1083 1768 1302 1817 errore
1366 1771 1484 1839 pro
1545 1761 1937 1820 ΙΛΙΝΕΤΛΙ
2006 1756 2324 1842 scriptum
2391 1756 2640 1843 peperit

259 1853 672 1926 ΓΕΝΕΤΛΙ,
722 1852 891 1938 quod
939 1874 975 1919 a
1022 1854 1218 1923 sciolo
1266 1858 1332 1921 in
1380 1857 1642 1938 γένηται
1688 1868 2030 1925 correctum
2078 1869 2177 1926 εει
2225 1860 2496 1928 εείΙίεει.

347 1951 690 2022 Pulchrior
736 1959 931 2025 etiam
990 1971 1091 2027 est
1150 1961 1458 2028 Dindorfii
1522 1961 1886 2030 emendatio
1949 1965 2251 2031 versiculi
2300 1963 2633 2052 Sophoclei

257 2053 334 2121 ad
387 2056 622 2148 odyss,
677 2072 756 2128 H.
815 2069 958 2131 106.
1054 2066 1127 2132 ln
1175 2066 1361 2133 libris
1414 2079 1544 2134 est:
1593 2075 1918 2151 Σοφοκλῆς
1964 2071 2024 2135 ἐν
2071 2072 2266 2151 Αἰγεῖ

658 2166 857 2252 ὥσπερ
905 2171 1030 2254 γὰρ
1079 2174 1142 2237 ἐν
1185 2173 1515 2256 Φύλλοισιν
1563 2175 1834 2257 αἰγείρου
1879 2180 2130 2260 μακροῖς

661 2273 781 2340 κᾶν
824 2274 988 2342 ἄλλο
1028 2278 1220 2358 μηδὲν
1265 2281 1444 2347 ἀλλὰ
1491 2282 1795 2356 τούκείνης
1843 2281 2006 2363 κοὶρα

659 2380 900 2463 κινήσῃς
946 2383 1161 2465 αὔραις
1209 2385 1608 2470 ἀνακουφίζει
1657 2389 1876 2467 πτερόν
1894 2436 1909 2453 .

255 2488 559 2563 peracute
609 2483 768 2552 vidit
831 2486 1202 2557 Dindorfius
1251 2491 1311 2556 in
1364 2501 2630 2560 KINHCHCATPAICANAKOTQIZeI

254 2582 451 2651 latere
512 2598 672 2656 κινεῖ
709 2615 804 2666 τις
856 2594 1545 2682 αὕρακοὶνακουφίζει.
1642 2598 1712 2664 ln
1776 2611 1883 2666 HC
1945 2600 2101 2667 latet
2145 2610 2287 2666 TIC
2347 2606 2411 2666 et
2453 2608 2506 2664 K
2558 2605 2628 2664 ut

252 2687 408 2757 solet
458 2693 524 2758 in
572 2703 654 2761 Ic
702 2695 1053 2767 dissectum
1101 2708 1221 2768 εει.

336 2900 568 2993 odyss,
621 2917 687 2975 Ξ.
737 2913 892 2977 352.

698 3014 883 3094 μάλα
933 3018 985 3083 δ’
1031 3015 1161 3084 ὦκα
1208 3019 1403 3105 θύρηθ’
1449 3022 1524 3089 ἔα
1563 3021 1774 3106 ἀμφὶς
1822 3022 2081 3089 ἐκείνων.

336 3112 501 3182 Hinc
560 3117 923 3208 Hesychius
968 3126 1248 3207 Θύρηθ’
1294 3127 1410 3194 ἔσει
1459 3127 1574 3207 ἔξω
1621 3129 1802 3207 ἤμην.
1898 3125 2228 3193 Scholion:
2276 3125 2346 3191 τὸ
2392 3133 2622 3206 πλῆρες

250 3216 594 3300 θύρηθεν.
642 3263 716 3274 -—
777 3227 848 3292 τὸ
887 3231 1013 3311 γὰρ
1055 3230 1382 3312 θύρηθεν
1429 3234 1718 3313 σημαίνει
1756 3234 1827 3300 τὸ
1868 3232 2114 3312 ἔξωθεν,
2162 3228 2305 3312 ὅπερ
2344 3229 2618 3297 Ἀττικοὶ

251 3324 523 3410 θύρῃσι
572 3329 877 3410 λέγουσιν.
974 3336 1047 3402 ln
1092 3335 1192 3404 his
1241 3337 1554 3418 scholiis,
1620 3359 1784 3428 quae
1844 3359 1921 3406 ex
1978 3337 2437 3404 diversissimis
2483 3334 2615 3401 son·

248 3427 419 3497 tibus
456 3443 614 3500 sunt
653 3436 722 3503 in
761 3459 963 3505 unum
1014 3453 1443 3531 comportata,
1492 3446 1771 3533 optimae
1813 3445 2181 3533 principum
2227 3443 2616 3509 criticorum

246 3531 719 3608 ohservationes
783 3547 1138 3630 permixtae
1202 3561 1355 3615 sunt
1417 3550 2000 3618 observatiuncuiis
2055 3547 2351 3636 pessimis
2417 3558 2481 3614 ει
2524 3546 2616 3613 le-

246 3640 528 3710 vissimis
599 3646 1100 3719 homuncionum
1184 3654 1391 3722 nihili.
1508 3658 1601 3724 Τὸ
1662 3666 1889 3739 πλῆρες
1969 3675 2089 3721 non
2171 3665 2269 3721 est
2341 3653 2614 3735 θύρηθεν,

247 3761 448 3833 neque
497 3751 696 3819 Attici
749 3758 818 3823 τὸ
862 3755 1074 3835 ἔξωθεν
1120 3760 1442 3848 appellant
1505 3765 1740 3847 θύρῃσι,
1802 3782 2008 3849 neque
2068 3760 2331 3825 omnino
2385 3761 2617 3842 θύρῃσιν

244 3858 338 3915 εει
382 3852 694 3924 Atticum.
794 3861 1215 3931 Athenienses
1273 3866 1573 3934 dicebant
1621 3869 1867 3950 θύρασι,
1928 3866 2172 3947 θύραθεν
2235 3876 2299 3931 ει
2355 3865 2612 3948 θύραζε,

247 3972 356 4040 pro
401 3960 640 4045 quibus
685 3964 907 4052 lingua
959 3969 1301 4057 Epicurum
1354 3972 1544 4039 habet
1597 3973 1830 4056 θύρηθι,
1895 3973 2133 4054 θύρηθεν
2180 3979 2244 4037 ει
2292 3969 2462 4039 idem
2511 3969 2611 4036 θύ-

246 4061 418 4145 W&
468 4085 676 4154 neque
711 4070 869 4138 adeo
911 4076 1116 4161 magis
1166 4077 1335 4144 inter
1376 4099 1444 4145 se
1491 4080 1660 4166 apud
1705 4080 1952 4144 Atticos
2000 4076 2206 4158 θύρασι
2256 4083 2316 4141 ει
2367 4075 2612 4157 θύραθεν

246 4175 598 4253 permutari
671 4190 938 4262 possunt
1008 4201 1200 4268 quam
1272 4184 1441 4271 apud
1525 4185 1871 4251 Homerum
1953 4182 2148 4264 θύρηθι
2219 4190 2284 4247 ει
2352 4180 2610 4262 θύρηθεν.

247 4271 412 4361 Ergo
455 4278 527 4343 τὸ
574 4290 806 4364 πλῆρες
853 4295 954 4352 εει
1008 4288 1240 4369 θύρηθι,
1307 4289 1475 4378 quod
1525 4288 1639 4367 ἔξω
1686 4287 2045 4375 significat,
2109 4294 2184 4351 ut
2230 4287 2469 4367 θύρηθεν
2511 4296 2612 4353 εει

251 4378 472 4462 ἔξωθεν.
564 4387 788 4479 Neque
837 4387 899 4457 εν
962 4392 1027 4457 in
1075 4395 1315 4476 θύρηθεν
1359 4393 1512 4462 elidi
1561 4401 1808 4483 potest,
1877 4402 1948 4459 ut
2003 4390 2249 4478 opinor.
2346 4391 2610 4459 Simini-
