2934 5050
947 317 1257 365 tucinam
1305 319 1376 363 ετ
1424 315 1738 365 nocuum.
2407 295 2536 359 285

204 501 348 568 quae
389 484 654 570 partiret
699 487 836 571 ipse
882 485 1176 552 doctrina
1229 483 1489 552 bona?'’
1529 484 1685 550 bona
1724 481 1914 550 babet
1935 480 2114 549 Leid.
2142 484 2180 546 2
2208 500 2259 547 s.
2285 481 2541 571 Voss),

202 585 298 653 sed
341 585 528 666 nihil,
576 587 746 674 quod
793 593 1272 676 corruptionem
1326 590 1387 655 in
1437 588 1628 655 Nouii
1673 586 1888 655 verbis
1948 587 2108 652 satis
2153 585 2432 673 explicet
2476 596 2543 654 et

200 689 566 757 commodam
637 692 937 777 praebeat
1003 695 1418 762 sententiam.
1516 691 1749 778 Utique
1811 689 1969 757 illud
2027 709 2184 776 »pro
2244 689 2539 757 doctrina

198 793 378 860 boni'’
428 798 534 883 (τ-
574 798 926 865 secundum
978 798 1341 866 doctrinam
1365 796 1472 864 ‘de
1515 817 1774 865 summo
1824 793 2009 882 bono)
2058 794 2162 860 vix
2214 794 2538 861 Latinum.

199 897 351 969 Idem
397 900 588 967 obiici
633 910 841 988 potest
889 901 990 968 bis
1038 902 1116 969 fr.
1178 907 1252 968 17
1302 902 1486 991 (24):

187 1048 192 1053 -
457 1025 649 1093 quam
701 1007 791 1071 mi
838 1005 944 1073 ille
991 1016 1373 1094 quantumst
1421 1011 1594 1073 inter
1645 1005 2000 1071 humanum
2049 1023 2256 1091 genus

457 1110 795 1196 ferumque
841 1112 1083 1177 interse
1131 1113 1469 1197 coniugat‚
1518 1110 1988 1176 communicati

275 1212 462 1281 Nemo
522 1213 710 1281 facile
769 1215 1090 1282 divinaret
1144 1218 1293 1302 quis
1339 1224 1512 1283 esset
1557 1216 1671 1281 ille
1716 1235 1794 1281 ex
1842 1214 2162 1280 sententia
2211 1212 2541 1294 Muelleri,

199 1318 310 1383 nisi
350 1321 482 1405 ipse
527 1318 773 1386 diceret
821 1321 885 1387 in
932 1322 1396 1388 commentario
1446 1342 1505 1407 p.
1557 1325 1727 1387 260:
1792 1319 1979 1396 nilla,
2041 1320 2153 1405 qui
2203 1318 2542 1385 mulierem

198 1423 452 1490 invasit”
461 1474 472 1486 .
573 1424 742 1490 llaec
790 1435 944 1491 suut
993 1427 1151 1512 ipsis
1199 1426 1414 1492 verbis
1459 1424 1647 1491 Nonii
1698 1424 2095 1491 obscuriora.
2193 1427 2275 1491 At
2323 1423 2538 1491 addit:

200 1526 375 1595 »illud
418 1533 634 1615 serum
678 1528 1059 1617 plerumque
1084 1531 1172 1618 [ἲ]
1221 1550 1595 1617 permoveor
1634 1539 1707 1596 ut
1744 1531 2114 1615 genetivum
2158 1527 2545 1603 substantivi

197 1634 387 1719 potius
432 1653 575 1701 esse
619 1635 978 1702 existimem
1028 1636 1108 1700 ab
1157 1656 1231 1702 eo
1278 1635 1448 1722 quod
1497 1644 1596 1703 est
1640 1634 1867 1701 serus”
1914 1672 2003 1686 --
2045 1674 2154 1703 -ό
2205 1636 2546 1721 »coiugat,

197 1741 645 1813 communicat;
712 1739 1015 1826 frequens
1069 1742 1423 1828 asyndeton
1477 1740 1935 1807 vetustissimis
1981 1747 2319 1805 auctorum
2371 1738 2548 1805 Lati-

197 1843 482 1912 norom'’.
584 1846 718 1911 His.
758 1844 922 1910 nihil
983 1845 1377 1932 proficimus
1475 1847 1641 1913 Sunt
1690 1843 1845 1911 haec
1896 1842 2549 1929 »intellegentibus''‚

197 1950 244 2014 si
284 1952 390 2037 qui
437 1951 609 2026 sint,
650 1949 1089 2035 relinquenda.
1185 1951 1334 2017 Lusi
1384 1952 1450 2017 in
1498 1971 1573 2018 eo
1621 1950 1856 2036 fragm.
1906 1948 2305 2016 emendando
2354 1948 2544 2017 Goni.

198 2053 266 2120 11.
308 2075 364 2141 p.
414 2059 539 2131 97,
591 2054 728 2142 (ubi
777 2062 927 2121 ante
977 2056 1505 2121 »communie-„at”
1564 2063 1749 2123 erant
1799 2054 2075 2120 omissae
2120 2051 2401 2142 syllabae
2448 2054 2550 2119 iu-

196 2156 343 2226 dicia
389 2158 752 2247 ponenda),
800 2159 912 2226 sed
957 2179 1033 2226 ea
1080 2163 1143 2226 in
1197 2169 1441 2227 textum
1496 2180 1620 2226 non
1670 2161 2074 2246 recepissem.

274 2270 372 2332 79.
419 2264 664 2331 Eodem
711 2283 839 2329 uno
875 2263 980 2330 hic
1022 2264 1208 2331 modo
1247 2267 1417 2332 aeris
1458 2267 1586 2332 iam
1615 2266 1896 2330 rationes
1933 2262 2295 2330 subducent
2332 2283 2502 2330 suas.

197 2368 312 2435 Hoc
369 2369 506 2436 loco
574 2369 656 2435 Μ.
709 2368 971 2454 reliquit
1034 2373 1486 2438 auctoritatem
1551 2368 1879 2436 Leidensis
1945 2368 2314 2456 praebentis
2371 2370 2547 2457 (cum

198 2474 474 2542 omnibus
521 2473 822 2561 reliquis)
867 2474 1251 2543 subduceret.
1327 2474 1716 2544 Coniectura
1754 2474 1999 2542 adscita
2041 2475 2407 2553 subducent,
2449 2474 2553 2542 liic

199 2577 372 2664 (quod
432 2593 532 2648 est
600 2580 665 2644 in
730 2581 993 2664 optimis
1046 2580 1221 2648 Leid.
1272 2583 1415 2649 Par.
1481 2582 1593 2661 G„
1645 2581 1885 2660 'rm-n„
1938 2579 2112 2647 Harl.
2161 2599 2258 2665 pr.
2306 2600 2435 2658 m.‚
2486 2581 2553 2646 in

199 2679 300 2749 boc
342 2684 548 2752 altera
612 2703 844 2749 manus
907 2683 1141 2751 delevit
1185 2686 1246 2775 e)
1291 2688 1523 2752 statuit
1567 2705 1712 2753 esse
1760 2686 2228 2752 nominativum
2287 2683 2556 2771 pluralis

197 2791 457 2858 numeri.
519 2788 748 2856 Heisee
791 2798 855 2855 et
901 2789 1071 2856 hisee
1117 2799 1263 2857 nota
1313 2801 1508 2871 sunt,
1567 2810 1693 2857 non
1746 2790 1848 2857 Ιιίο
1896 2789 2161 2878 (plur.),
2206 2788 2378 2874 quod
2428 2789 2559 2855 sci-

199 2908 326 2971 am,
386 2913 506 2960 nec
575 2892 945 2961 defenditur
1011 2895 1147 2961 loco
1208 2896 1472 2963 xxvn.
1523 2900 1608 2963 52
1661 2894 1768 2962 ubi
1816 2915 1972 2962 saue
2029 2895 2133 2960 llic
2178 2893 2555 2961 adverbium

199 3015 320 3065 csse
378 3007 595 3086 potest
659 2999 766 3087 (cf.
810 2999 986 3065 Coni.
1038 2999 1117 3065 11.
1167 3020 1226 3087 p.
1278 3002 1415 3090 21).
1514 3001 1744 3087 Utique
1792 3019 1917 3067 non
1967 3009 2109 3068 erat
2154 3019 2275 3066 cur
2321 2999 2559 3066 subdu-

201 3116 346 3173 eeu-01
389 3102 893 3193 improbaretur.
989 3104 1328 3173 Librorum
1382 3105 1601 3172 lectio:

430 3209 665 3278 eodem
713 3229 841 3276 uno
886 3208 994 3275 hic
1043 3210 1229 3277 modo
1274 3212 1614 3278 errationes
1659 3208 2052 3278 subduceret
2099 3229 2295 3291 suas;

201 3310 484 3386 sortasse:
549 3359 556 3367 -

335 3421 560 3488 eodem
615 3439 746 3486 uno
790 3418 896 3487 bic
945 3419 1134 3488 modo
1175 3422 1537 3488 errationes
1578 3421 1711 3487 idm
1763 3417 2156 3487 subduceret
2203 3440 2378 3489 suas,

200 3521 375 3593 badii
437 3535 629 3614 poeta
703 3526 769 3590 in
816 3525 1244 3594 similitudine
1292 3524 1747 3592 vocabulorum
1795 3526 2066 3592 rationes
2113 3533 2177 3591 et
2224 3525 2565 3592 motiones

201 3637 256 3694 et
296 3633 818 3719 supputationem
877 3638 1009 3696 tam
1060 3630 1291 3697 malam
1339 3630 1500 3697 dicit
1551 3638 1623 3696 ut
1670 3648 1966 3699 errorum
2018 3630 2218 3696 series
2269 3629 2564 3716 (erratio-

200 3745 317 3820 nes)
366 3740 584 3825 potius
630 3735 913 3804 vocanda
959 3737 1045 3801 sit
1092 3756 1286 3822 quam
1336 3736 1586 3823 accepti
1631 3745 1697 3803 et
1744 3736 2010 3823 expensi
2056 3736 2346 3804 rationes.
2399 3735 2563 3824 Syn·

204 3840 373 3910 izesis
433 3846 504 3910 in
567 3843 782 3912 eodem
844 3840 1085 3908 nullam
1136 3840 1326 3909 habet
1374 3840 1864 3920 difficultatem,
1929 3840 2186 3927 saepius
2232 3860 2270 3907 a
2316 3840 2568 3908 Lucilio

202 3953 259 4010 et
299 3948 442 4017 aliis
488 3945 967 4040 antiquioribus
1013 3945 1335 4025 admissa,
1386 3947 1504 4013 111.
1560 3951 1681 4026 43,
1730 3945 2017 4013 xxvttl.
2076 3950 2196 4025 12,
2245 3945 2382 4014 XX.
2437 3952 2559 4014 13:

206 4060 615 4142 »tempestate
673 4073 791 4120 sua
833 4061 1027 4139 atque
1071 4051 1293 4119 eodem
1346 4071 1473 4117 uno
1523 4060 1808 4139 tempore
1851 4060 1918 4119 et
1967 4049 2248 4129 borae”‚
2310 4070 2387 4118 ex
2436 4071 2571 4139 quo

201 4155 326 4228 loco
385 4160 585 4228 simul
643 4167 946 4247 apparet,
1009 4157 1328 4225 Lucilium
1394 4157 1636 4225 dixisse
1694 4178 1857 4222 unus
1921 4155 2092 4221 idem
2154 4175 2302 4242 pro:
2355 4176 2568 4224 nunus

206 4261 568 4354 idemque'’;
619 4266 786 4333 unde
832 4265 941 4334 lx.
992 4270 1031 4330 5
1078 4264 1236 4332 »hoc
1286 4263 1600 4330 iaciemus
1645 4271 1710 4330 et
1753 4282 1881 4328 uno
1917 4260 2136 4329 eodem
2181 4270 2252 4328 ut
2290 4261 2565 4328 dicimu'

209 4371 427 4452 pacto”
470 4379 683 4460 posset
718 4369 975 4440 delendi
1013 4370 1244 4439 collato
1288 4370 1491 4438 XXX.
1522 4375 1638 4437 48:
1691 4366 1887 4455 »quid
1915 4386 2133 4435 servas
2170 4373 2300 4453 quo
2337 4365 2562 4441 eam'',
