2934 5050
310 287 397 351 68
1403 304 1605 353 vanu.

308 471 536 540 sacta
596 483 741 541 est.
839 471 1312 540 Tusculano
1359 483 1686 561 emptor
1737 493 1965 543 nemo
2007 474 2194 541 suit.
2291 473 2373 542 Si
2422 474 2699 542 condi·

309 581 435 646 cio
486 580 721 648 valde
763 580 964 647 bene
1013 579 1318 658 luerit,
1371 579 1739 646 sortasse
1790 600 1941 646 non
1992 582 2404 648 omittam.
2507 580 2710 648 Certe

307 687 606 774 scripsit:
685 687 1111 753 Culleonis
1172 687 1456 752 auctio
1518 685 1748 753 sacta
1813 696 1956 753 est.
2026 685 2179 753 Sed
2229 707 2377 774 ego
2431 685 2712 753 adhuc

308 794 460 859 emi
515 790 832 860 nihile.
886 814 946 878 q.
996 811 1048 857 s,

402 898 469 964 ln
519 898 785 987 epistola
825 897 1113 984 proxima
1159 898 1492 983 superiore
1535 901 1570 984 ς
1606 905 1670 963 1:
1714 898 2076 966 Senatus
2118 897 2284 965 suit
2323 898 2715 986 frequen·

311 1004 476 1070 tior
544 1024 777 1090 quam
840 1001 1340 1089 putabamus
1409 1024 1590 1070 csse
1656 1024 1894 1090 posse
1945 1025 2218 1071 mense
2269 1003 2716 1071 Decembri

311 1110 459 1175 sub
506 1107 684 1175 dies
732 1108 1016 1174 festos,
1090 1110 1588 1175 Consulares
1640 1130 1784 1175 uos
1835 1108 2147 1176 suimus
2193 1119 2272 1176 et
2320 1111 2474 1176 duo
2524 1130 2717 1176 con-

309 1213 537 1281 sules
606 1212 1071 1298 designati,
1147 1216 1209 1279 Ρ.
1283 1214 1742 1292 ServiliuS,
1813 1216 1894 1281 Μ.
1971 1216 2404 1291 LuculluS‚
2477 1215 2722 1301 Lepi-

311 1321 494 1397 dus,
550 1319 1014 1395 Volcatius,
1063 1318 1442 1401 Glabrio,
1496 1331 1957 1407 praeto-res.
2058 1320 2271 1388 Sane
2321 1320 2720 1408 frequen·

314 1436 437 1493 tes
517 1424 875 1491 suimus:
951 1424 1110 1490 vidit
1172 1423 1524 1491 Scltutzius
1586 1425 1741 1491 «tuo
1811 1425 2206 1493 consules
2276 1425 2721 1513 designati

311 1539 454 1619 post
497 1551 727 1596 nomen
777 1528 1176 1609 Glabrionis,
1241 1532 1351 1617 qui
1402 1532 1575 1598 inter
1621 1530 1996 1598 consulares
2049 1542 2478 1612 numeratur,
2529 1542 2723 1599 tran-

311 1635 709 1725 sponendum
760 1656 921 1703 esse.

405 1745 533 1810 Hos
602 1743 773 1810 locos
834 1744 1202 1828 composui,
1267 1726 1570 1828 quoniam
1620 1743 1683 1807 in
1739 1752 2013 1830 utroque
2060 1745 2457 1831 transposita
2514 1745 2720 1812 verba

317 1859 483 1917 lotos
547 1869 769 1916 versus
834 1849 1200 1936 perantiqui
1268 1848 1496 1913 barum
1547 1847 1967 1935 epistolarum
2017 1848 2166 1914 libri
2216 1849 2509 1936 explesse
2560 1872 2718 1937 pro·

321 1955 525 2022 babile
567 1965 687 2021 est.
783 1955 1044 2041 ltaque,
1096 1964 1418 2040 quatenus
1465 1961 1718 2019 certum
1768 1952 2138 2020 litterarum
2192 1974 2544 2021 numerum
2595 1978 2717 2022 cu·

319 2064 545 2148 iusque
606 2061 753 2126 libri
805 2080 1029 2125 versus
1091 2060 1422 2124 continere
1470 2058 1746 2137 soleant,
1796 2056 1962 2126 effici
2014 2069 2222 2147 potest
2269 2071 2716 2147 quoteuarum

314 2168 681 2235 litterarum
743 2186 968 2232 versus
1020 2167 1081 2229 in
1136 2164 1241 2228 illo
1295 2166 1562 2249 antiquo
1613 2162 1776 2229 libro
1826 2162 2104 2243 suerint,
2156 2165 2325 2232 unde
2378 2166 2728 2235 Medic-,ens

320 2275 649 2353 manavit3
728 2292 920 2359 quem
966 2289 1306 2336 numerum
1360 2277 1579 2335 tenere
1628 2270 1691 2335 in
1744 2271 1974 2336 critica
2021 2280 2162 2339 arte
2210 2273 2578 2339 exercenda
2624 2276 2726 2340 in-

316 2381 564 2466 signem
630 2377 972 2444 utilitatem
1044 2358 1566 2462 lnabcrc'potest.
1668 2375 1906 2443 Versus
1975 2386 2192 2444 autem
2244 2398 2407 2466 quos
2458 2379 2603 2447 dixi
2658 2381 2727 2448 bi

319 2494 508 2553 sunl:

861 2589 1291 2657 culleonis
1337 2588 1637 2655 auctio
1685 2587 2014 2656 factast,

859 2693 1001 2763 sed
1042 2714 1189 2782 ego
1234 2691 1508 2761 adbuc
1555 2696 1713 2760 emi
1765 2693 1982 2761 nihil

1446 2810 1511 2867 et

860 2908 1020 2975 duo
1068 2906 1475 2974 consules
1521 2905 1987 2993 designati.
2080 2979 2095 2992 ⁸

410 3121 526 3190 Ad.
575 3121 648 3203 Q.
697 3121 774 3186 sr.
824 3122 908 3188 11.
962 3120 1082 3207 Ep.
1146 3124 1304 3199 tea,
1357 3123 1418 3184 2.

410 3227 652 3316 Facis
691 3235 778 3293 tu
819 3225 1157 3314 quidem
1199 3225 1619 3300 fraterne,
1667 3222 1881 3310 qnod
1927 3242 2044 3289 me
2085 3222 2519 3303 hortaris,
2571 3228 2726 3295 sed

321 3332 806 3400 mehercule
852 3339 1341 3398 currentem
1393 3349 1611 3395 nunc
1657 3328 2037 3417 quidem,
2088 3338 2174 3395 nt
2216 3332 2501 3396 omnia
2545 3353 2729 3399 mea

321 3438 610 3506 studia
657 3441 733 3504 in
788 3440 1043 3504 istum
1100 3457 1341 3503 unum
1392 3433 1853 3502 conseram.
1950 3434 2114 3519 Ego
2155 3455 2351 3502 vero
2391 3433 2730 3524 —‘‚quo·

323 3548 538 3613 niam
593 3547 671 3611 in
724 3547 889 3611 isto
940 3544 1265 3610 homine
1312 3539 1665 3608 colendo
1716 3550 1875 3606 tam
1919 3538 2378 3607 indormivi
2419 3542 2605 3621 diu,
2643 3581 2732 3596 —

323 3673 576 3720 cursu
640 3654 1067 3736 corrigam
1134 3647 1632 3715 tarditatem
1689 3664 1865 3711 cum
1927 3649 2170 3731 equis
2227 3655 2397 3714 tum
2468 3669 2728 3727 vero.

324 3762 702 3846 quoniam
764 3768 849 3824 tu
905 3756 1223 3823 scribis
1294 3771 1575 3840 poema
1615 3750 1711 3817 ab
1753 3771 1843 3817 eo
1892 3757 2272 3818 nostrum
2326 3752 2730 3839 probari,

325 3865 773 3951 quadrigis
834 3862 1217 3950 poeticis,
1316 3857 1533 3925 Cursu
1607 3856 1649 3921 i.
1704 3876 1758 3922 e.
1807 3856 2130 3921 currendo
2179 3867 2250 3921 ut
2299 3859 2540 3945 aliquis
2594 3872 2732 3928 tar·

323 3970 592 4037 (litatem
631 3970 954 4054 corrigat,
1008 3974 1212 4056 potest
1260 3962 1575 4049 cogitari;
1631 3961 1740 4026 sed
1788 3970 1854 4027 ut
1896 3960 2218 4027 currendo
2256 3964 2550 4049 corrigat
2595 3975 2733 4032 tar·

327 4078 596 4144 dilatem
656 4076 840 4162 equis
892 4084 952 4139 et
996 4071 1366 4158 quadrigiS,
1419 4086 1542 4132 uon
1592 4075 1823 4153 potest.
1921 4064 2397 4134 scribendum:
2449 4091 2737 4140 omn·

330 4184 745 4267 corrigam
825 4178 1344 4245 tarditatem:
1422 4175 1462 4237 i.
1536 4192 1589 4237 e.
1663 4174 1966 4257 quoniam
2037 4190 2181 4235 sero
2252 4193 2330 4239 ac
2397 4175 2589 4243 tarde
2643 4179 2732 4245 ad

330 4309 596 4357 cursum
658 4287 916 4353 surrexi
966 4293 1032 4351 et
1089 4284 1150 4348 iu
1200 4298 1399 4345 cursu
1449 4297 1570 4343 non
1635 4277 1795 4341 satis
1858 4276 2222 4364 properavi,
2291 4289 2439 4346 utar
2487 4284 2734 4368 equiS,

334 4402 409 4461 ut
454 4394 652 4461 citius
700 4391 1066 4479 perveniam
1117 4406 1245 4474 quo
1294 4384 1455 4449 volo.
