2934 5050
989 311 1295 358 ιυειιιΑκΑ
1346 313 1417 357 ar
1466 311 1775 359 ιυειΑηεΛ.
2441 289 2571 351 279

229 470 377 539 dicta
434 476 581 543 sint.
673 476 1039 545 Glutinator
1099 487 1198 546 est
1268 476 1632 545 membrum
1714 477 1920 545 virile.
2017 474 2087 540 Id
2158 472 2240 541 ab
2310 471 2568 558 ingenio

227 576 546 659 Luciliano„
584 602 704 647 non
770 582 1055 671 alienum
1113 603 1253 650 esse
1300 582 1548 651 dabunt
1597 584 1708 670 qui
1762 579 2179 649 meminerint
2227 576 2566 643 »lacrima-

227 701 352 748 rum
398 687 713 752 mutonis”
763 687 931 755 vm,
984 696 1064 767 ὅ,
1114 709 1304 774 porro
1353 688 1434 754 11.
1484 692 1608 753 21:
1666 688 1767 752 »si-
1815 684 2072 752 natibus
2117 684 2420 748 natricem
2468 682 2564 746 in·

223 789 433 874 pressit
478 810 756 858 crassam
802 800 869 859 et
913 793 1337 880 capitatam''.
1434 791 1617 873 Quod
1665 789 1943 857 conferri
1997 796 2204 875 potest
2251 807 2401 854 cum
2450 788 2564 852 Ar·

223 890 466 959 chilochi
514 894 589 961 fr.
645 901 763 965 101
834 897 1009 985 (Ath.
1064 897 1200 965 vn.
1266 902 1425 968 229.
1496 899 1573 984 A)
1642 897 1852 964 verbis
1914 895 1995 963 ad
2058 889 2426 969 Neobulen,
2496 899 2565 956 nt

222 995 489 1078 videtur,
537 1000 763 1067 dictis:

685 1108 927 1181 πολλὰς
975 1109 1040 1174 δὲ
1085 1109 1339 1190 τυφλὰς
1387 1107 1815 1187 ἐγχέλυας
1860 1106 2063 1185 ἐδέξω.

221 1205 374 1274 idem
422 1218 598 1295 poeta
651 1210 802 1277 alibi
851 1232 1104 1299 quoque
1149 1211 1396 1279 Lucilio
1435 1210 1809 1279 obversatus
1847 1221 1980 1286 est.
2020 1212 2072 1276 si
2101 1209 2360 1296 quidem
2389 1211 2563 1272 recte

220 1314 597 1382 emendatum
648 1337 684 1383 a
725 1317 936 1383 Dousa
982 1326 1081 1384 est
1117 1317 1196 1384 fr.
1241 1323 1326 1385 59
1369 1316 1410 1384 l.
1450 1317 1688 1384 xxvil
1724 1315 2097 1383 Archilocho
2125 1336 2237 1401 pro
2260 1312 2562 1379 arciloco:

260 1427 496 1485 »metuo
544 1430 615 1487 ut
665 1421 800 1488 fieri
841 1423 1074 1508 possit,
1119 1443 1236 1508 ego
1274 1441 1464 1508 quom
1507 1423 1689 1496 vivo,
1737 1420 1816 1487 al)
1857 1419 2240 1487 Archilocho
2280 1415 2567 1490 excido”‚

220 1523 275 1588 in
318 1524 540 1612 quibus
583 1546 737 1594 cum
789 1527 964 1593 Harl.
1023 1547 1235 1604 corr..
1301 1527 1521 1604 Leid.‚
1586 1527 1732 1594 Par.
1787 1528 1878 1613 (in
1929 1525 2046 1611 in.)
2097 1524 2377 1590 habeant
2420 1542 2565 1608 erqo

215 1649 319 1713 quo
360 1649 472 1716 pro
509 1652 623 1718 eqo
663 1632 832 1709 vivo,
880 1631 1048 1718 quod
1091 1642 1188 1700 est
1230 1633 1294 1698 in
1335 1632 1513 1698 Harl.
1558 1632 1702 1698 Par.
1743 1631 1938 1696 Torn.
1964 1680 1980 1709 ,
2032 1628 2319 1696 Muelleri
2347 1646 2567 1695 emen·

216 1730 370 1798 datio
412 1757 555 1822 erqo
601 1758 787 1823 quom
834 1738 971 1803 vivo
1019 1735 1364 1804 admodum
1413 1735 1610 1803 dubia
1657 1747 1796 1814 est,
1848 1745 1919 1804 ut
1969 1734 2184 1822 potius
2221 1752 2371 1799 cum
2413 1730 2568 1811 Qui-

216 1836 452 1905 clierato
498 1840 842 1928 legendum
895 1844 1012 1908 sit:

333 1947 554 2012 metuo
594 1956 669 2012 ut
715 1947 851 2014 fieri
910 1950 1161 2034 possin
1228 1967 1419 2033 ergo,
1486 1948 1793 2033 quoniam
1842 1945 1921 2012 ab
1971 1943 2351 2010 Archilocho
2397 1942 2570 2008 exci-

2218 2048 2324 2136 (do
2339 2094 2572 2121 ......

219 2149 397 2219 Nonio
441 2158 494 2220 si
541 2156 908 2234 credimus,
975 2157 1309 2226 »excidere
1371 2157 1451 2224 ab
1508 2157 1767 2244 aliquo’'
1818 2156 1879 2221 h.
1932 2154 1971 2219 Ι.
2021 2151 2347 2238 significat
2395 2149 2568 2216 »dis-

216 2260 499 2327 sentire'’.
542 2261 836 2328 Breviter
880 2265 1080 2348 igitur
1121 2262 1383 2330 »excido
1421 2263 1502 2329 ab
1545 2260 1974 2328 Archilocbo''
2019 2258 2264 2325 dictum
2310 2264 2407 2323 est
2455 2275 2571 2343 pro

217 2382 347 2449 »spe
413 2374 585 2432 mota
649 2365 728 2432 ab
793 2368 988 2433 Arcli.
1052 2368 1347 2435 excido’'.
1445 2367 1573 2435 Sed
1624 2368 1739 2433 hoc
1786 2364 2100 2453 quicquid
2145 2373 2274 2439 est,
2346 2361 2568 2427 admo-

219 2474 272 2531 to
315 2467 676 2540 Archilochi
722 2471 887 2540 loco:
950 2472 1294 2556 χρημάτων
1341 2472 1671 2540 δ’ἅελπτον
1716 2471 1883 2539 οὐδέν
1930 2473 2094 2537 ἐστιν
2139 2471 2259 2535 οὐδ’
2308 2466 2566 2545 ἀπώμο-

215 2595 340 2652 τον,
384 2574 460 2642 de
506 2577 876 2644 Archilochi
928 2581 1188 2645 nomine
1226 2579 1628 2646 restituendo
1666 2579 1948 2645 dubitari
1987 2577 2090 2642 vix
2132 2580 2363 2660 potest.
2426 2573 2564 2638 Iam

217 2677 480 2747 conferre
547 2681 770 2748 licebit
841 2683 1080 2749 Archil.
1152 2688 1236 2750 72
1307 2685 1462 2749 κάπὶ
1534 2685 1760 2765 γαστρὶ
1833 2680 2117 2762 γαστέρα
2186 2679 2566 2759 προσβαλεῖν

215 2784 412 2864 μηρούς
454 2812 526 2851 τε
572 2795 788 2870 μηροῖς
847 2808 996 2854 cum
1066 2788 1216 2855 Luc.
1285 2789 1396 2855 111.
1448 2796 1487 2854 5
1539 2808 1728 2855 »cum
1794 2786 1951 2853 latn'
2005 2784 2331 2870 componit
2377 2781 2565 2848 lateri

217 2898 270 2952 ct
308 2908 445 2956 cum
493 2900 756 2978 pectore
804 2893 1100 2980 pectus''.
1176 2892 1385 2962 Unum
1437 2913 1518 2959 ex
1563 2892 1964 2959 difficillimis
2014 2888 2396 2976 fragmentis
2442 2886 2563 2952 Lu·

215 2989 329 3057 cilii
373 2993 488 3061 hoc
536 3006 670 3063 est:

377 3098 521 3166 idne
569 3102 749 3186 aegri
797 3111 895 3169 est
944 3103 1186 3189 magiS,
1236 3122 1315 3170 an
1358 3102 1529 3189 quod
1568 3121 1730 3189 pane
1770 3109 1836 3168 et
1874 3102 2120 3167 viscere
2159 3097 2383 3186 privo?

374 3204 542 3289 quod
591 3206 810 3272 viscus
856 3205 1126 3273 dederas
1174 3217 1242 3275 tu
1292 3207 1554 3294 quidem
1605 3206 1727 3273 hoc
1772 3215 1873 3274 est
1924 3207 2171 3273 viscera
2230 3204 2418 3291 largi.

218 3302 460 3391 (Nonius
510 3315 665 3378 184.
721 3318 801 3380 13
853 3314 1109 3380 »viscus
1171 3315 1454 3400 positum
1509 3331 1623 3399 pro
1672 3312 1992 3391 viscere”,
2045 3313 2270 3377 immo:
2324 3311 2570 3376 »visce-

215 3409 434 3480 ribus'’.
541 3415 643 3484 ld.
713 3422 858 3484 470.
929 3423 1012 3485 25
1082 3417 1288 3504 »largi
1351 3438 1468 3506 pro
1531 3417 1871 3506 largire'’).
1981 3415 2052 3482 ln
2119 3436 2192 3483 eo
2259 3413 2570 3501 turpiculi

217 3516 351 3600 qnid
393 3518 594 3589 latere
633 3524 949 3609 suspicor.
992 3523 1126 3591 Ael.
1156 3524 1230 3591 V.
1274 3524 1349 3590 Η.
1385 3523 1495 3590 IV.
1544 3529 1650 3589 14:
1699 3520 2007 3596 πολλάκις
2041 3521 2128 3587 τὰ
2167 3523 2310 3585 κατ’
2349 3519 2568 3597 ὀβολὸν

215 3622 382 3694 mo?
406 3633 653 3693 πολλῶν
705 3628 899 3694 πόνων
957 3628 1349 3709 συναχθέντα
1394 3630 1707 3711 χρήματα
1731 3676 1748 3706 ‚
1814 3631 1960 3693 κατ’
2008 3625 2389 3708 Ἀρχίλοχον
2411 3673 2426 3702 ,
2478 3625 2566 3699 εἷς

216 3723 407 3806 πόρνης
453 3732 740 3810 γυναικὸς
789 3731 1018 3815 ἔντερον
1063 3732 1512 3815 καταρρέουσιν.
1582 3732 1676 3798 Eo
1713 3732 1946 3819 respici
1986 3750 2110 3824 non
2151 3727 2570 3815 improbabile

218 3839 321 3898 est.
409 3833 842 3925 Quaecunque
903 3838 1116 3907 adhuc
1179 3841 1504 3926 proposita
1564 3847 1719 3904 sunt
1784 3845 1898 3903 aut
1963 3834 2277 3923 probabili
2344 3844 2569 3902 carent

217 3943 510 4008 sententia
555 3951 669 4010 aut
717 3952 986 4030 peccant
1035 3945 1098 4009 in
1150 3952 1430 4011 metrum
1482 3952 1595 4009 aut
1644 3943 1708 4008 in
1755 3941 1990 4009 lemma
2031 3941 2251 4009 Nonii.
2352 3940 2566 4006 Possis

217 4042 546 4113 coniicere:
607 4048 818 4135 »quod
881 4049 1097 4115 viscus
1156 4047 1495 4125 dederam,
1558 4045 1808 4134 pridem
1854 4045 1971 4114 hoc
2020 4047 2089 4112 in
2138 4050 2388 4113 viscera
2434 4043 2565 4110 lar—

217 4146 347 4227 gis''
393 4151 435 4216 i.
480 4172 537 4219 e.
584 4152 752 4240 quod
805 4153 919 4219 tibi
969 4152 1111 4219 dedi
1164 4154 1227 4218 in
1277 4162 1609 4238 sumptum
1659 4151 1726 4217 id
1771 4149 2017 4219 dudum
2069 4153 2135 4217 in
2181 4158 2392 4217 scorta
2420 4170 2565 4236 pro-

220 4244 438 4320 fudisti.
529 4257 626 4325 Ita
686 4258 844 4325 haec
905 4260 1342 4346 exprimerent
1404 4259 1792 4324 sententiam
1836 4256 2227 4324 Archilochi.
2305 4256 2386 4321 Et
2422 4275 2566 4341 spes

222 4363 306 4419 est
366 4359 575 4445 plnres
643 4362 1031 4431 Graecorum
1108 4364 1503 4431 imitationes
1580 4364 1913 4429 inventum
1988 4364 2067 4428 iri
2135 4364 2198 4428 in
2262 4381 2378 4436 co,
2454 4361 2564 4445 qni
