2934 5050
381 340 512 405 256
1185 358 1497 405 sumnum
1542 357 1615 404 ιτ
1660 356 1975 404 amun.

377 522 624 612 aliquid
667 525 748 591 ab
783 526 1034 614 aliquo,
1073 544 1200 593 non
1237 526 1454 596 aunei.
1547 525 1825 595 Omnino
1862 526 2017 596 talia
2055 545 2181 594 non
2206 535 2397 594 erant
2422 526 2730 593 intextum

376 633 803 703 admittenda.

473 745 600 819 16,
659 746 767 808 26.
855 737 1087 821 »Quid
1130 737 1342 807 dieis?
1393 758 1516 806 eur
1561 747 1661 807 est
1707 738 1992 819 sactum,
2038 739 2212 829 quod
2259 740 2459 808 coicis
2504 736 2733 805 istuc?”

375 847 461 915 ΙΙ.
545 848 784 913 coicere
855 844 1028 912 idem
1102 865 1244 912 esse
1320 846 1649 913 existimat
1726 846 1900 935 quod
1962 848 2277 935 proicere.
2367 850 2464 912 Ita
2524 845 2734 912 coiea-e

379 975 501 1022 non
567 961 962 1041 usurpatur,
1008 952 1132 1018 nisi
1176 950 1398 1018 addito
1443 951 1582 1018 loco
1628 954 1696 1019 in
1743 973 1936 1040 quem
1987 951 2141 1041 quid
2193 953 2553 1040 proiicitnr.
2638 950 2732 1016 Vel

379 1061 544 1128 bano
593 1059 676 1127 ob
721 1078 984 1127 causam
1035 1056 1362 1145 probanda
1409 1067 1550 1125 erat
1598 1058 1966 1127 emendatio
2013 1059 2326 1147 Scaligeri
2370 1081 2511 1148 quo.
2550 1056 2737 1143 Signi·

381 1167 531 1235 fleat
591 1167 831 1233 coicere
889 1164 1064 1231 surto
1126 1163 1567 1245 abscondere3
1621 1167 1823 1253 possit
1871 1168 2100 1234 etiam:
2150 1169 2214 1232 in
2266 1186 2462 1254 quam
2510 1173 2733 1253 partem

377 1270 873 1360 interpretaris?
919 1271 1218 1337 Proximo
1256 1270 1624 1357 fragmento
1664 1270 1936 1339 beamur
1969 1291 2132 1338 novo
2156 1270 2465 1338 vocabulo
2488 1270 2732 1339 Graeco:

375 1379 725 1465 chirodyti,
790 1396 1183 1470 quamquam
1250 1374 1357 1443 bic
1415 1375 1621 1442 bonor
1665 1375 1939 1455 debetur
1985 1377 2359 1456 Gerlaehio,
2408 1380 2518 1466 qui
2563 1398 2732 1458 χειρο-

373 1484 555 1552 Biia-ae
620 1482 815 1550 dedit.
885 1482 1010 1551 Sed
1062 1481 1254 1549 velim
1312 1483 1483 1550 scire
1534 1482 1694 1568 quid
1744 1483 2068 1570 significet
2124 1493 2239 1551 aut
2295 1482 2457 1551 adeo
2517 1479 2734 1571 signifi·

374 1610 526 1656 care
571 1589 796 1676 possit.

464 1701 574 1761 [Π.
633 1701 710 1762 15
736 1746 756 1776 ,
807 1699 894 1762 20
945 1694 1082 1761 »Ad
1121 1703 1377 1783 portum
1422 1695 1598 1765 mille
1640 1715 1678 1763 a
1717 1705 2000 1785 portast:
2034 1717 2145 1765 sex
2172 1695 2321 1765 inde
2346 1695 2730 1765 Salernum'‘.

464 1802 683 1890 Spatia
753 1802 1080 1868 maritima
1127 1820 1278 1869 cum
1344 1803 1620 1870 Romani
1666 1822 1780 1891 per
1824 1802 2077 1884 stadia,
2143 1823 2268 1871 non
2318 1823 2436 1890 per
2478 1801 2734 1870 miliaria

377 1910 733 1976 metiantur
783 1907 877 1996 (id
926 1907 1095 1995 quod
1147 1908 1249 1974 vix
1296 1929 1530 1996 operae
1579 1910 1861 1996 pretium
1914 1919 2012 1977 est
2061 1908 2615 1988 animadvertere,
2660 1905 2732 1974 cf.

378 2024 593 2083 tamen
663 2012 968 2090 Hultscb,
1013 2013 1262 2082 Metrol.
1314 2035 1377 2103 p.
1425 2020 1548 2092 67,
1598 2035 1664 2084 n.
1718 2016 1813 2104 7),
1864 2025 2131 2105 apparet
2180 2015 2260 2084 de
2309 2016 2598 2083 terrestri
2642 2014 2731 2081 iti·

376 2142 528 2189 nere
577 2120 916 2188 Salernum
967 2130 1263 2208 suscepto
1312 2122 1455 2207 θεὶς
1514 2141 1635 2188 non
1678 2123 1883 2208 igitur
1921 2143 1957 2189 a
2000 2131 2185 2210 porta
2223 2123 2496 2190 alterius
2540 2120 2730 2193 urbis,

372 2247 818 2315 quaecumque
853 2226 959 2293 illa
987 2225 1105 2293 l'uit
1124 2277 1143 2305 ‚
1168 2225 1248 2292 ad
1273 2237 1533 2313 portum
1553 2279 1571 2308 ,
1600 2227 1832 2296 deinde
1852 2227 2193 2296 Salernum
2221 2229 2729 2316 proficiscuntur.

373 2333 486 2401 sed
546 2354 584 2400 a
641 2344 861 2419 portu,
930 2333 1037 2400 ubi
1099 2331 1526 2420 appulerant,
1594 2336 1659 2401 in
1728 2334 1980 2403 urbem.
2078 2339 2302 2423 Itaque
2352 2356 2504 2403 cum
2556 2332 2724 2401 codd.

376 2438 562 2507 Gellii
626 2444 673 2505 I.
746 2444 848 2507 16.
904 2447 933 2506 1
996 2448 1062 2507 et
1121 2438 1469 2519 Macrobii,
1520 2445 1569 2506 Ι.
1622 2449 1688 2509 5.
1740 2446 1781 2509 6
1828 2442 1913 2508 ad
1952 2452 2236 2530 portam,
2285 2462 2481 2531 porro
2523 2463 2560 2507 a
2594 2460 2731 2530 por-

367 2557 494 2614 tus!
538 2546 975 2615 scribendum.

458 2661 578 2734 31,
627 2660 734 2722 41.
780 2655 1203 2722 Armamenta
1252 2662 1513 2734 tamen,
1565 2652 1849 2731 malum,
1900 2655 2157 2736 velum,
2205 2657 2425 2724 omnia
2472 2674 2684 2734 εει-νος

789 2761 993 2828 Funis
1039 2762 1211 2828 enim
1262 2761 1586 2849 praecisu’
1632 2761 1765 2828 cito
1803 2771 1998 2850 atque
2044 2763 2331 2850 anquina
2378 2762 2604 2830 soluta.

450 2868 588 2936 Non
637 2867 843 2935 omnia
889 2875 1188 2944 servant,
1228 2865 1341 2934 sed
1391 2868 1600 2933 omnia
1649 2868 1826 2949 vela,
1879 2887 2027 2934 nam
2079 2887 2383 2936 ancoram
2434 2870 2726 2936 amittunt

361 2975 519 3042 sune
562 2976 872 3063 praecis0.
923 2973 1075 3040 Vela
1121 2974 1328 3040 omnia
1375 2957 1779 3060 legendum.'
1838 2974 2017 3041 Libri
2062 2973 2185 3042 vel.

457 3087 583 3160 35,
637 3087 721 3148 48
775 3106 1150 3133 -------
1208 3078 1513 3147 scindunt
1566 3078 1632 3144 bi
1681 3078 1858 3167 ligna
1905 3079 2199 3167 bipenne.

365 3185 543 3253 Libri
571 3186 866 3276 '(CbariS.
921 3188 1068 3277 55):
1117 3187 1364 3253 student
1411 3185 1472 3251 Ιι.
1526 3186 1578 3252 l.
1624 3186 1835 3253 videre
1883 3186 2106 3274 (Neap.
2153 3186 2405 3277 videte).
2455 3186 2643 3275 Lego:

1221 3291 1486 3358 student
1536 3289 1598 3357 bi
1649 3290 1824 3378 ligna
1872 3294 2085 3373 viere,

367 3399 411 3465 i.
457 3417 520 3464 e.
568 3396 740 3484 ligna
792 3397 856 3463 in
908 3396 1112 3466 fasces
1159 3397 1486 3485 colligare.
1562 3395 1769 3484 Varro
1806 3398 1878 3465 L.
1918 3399 1991 3466 L.
2039 3397 2117 3466 V.
2156 3402 2242 3465 62
2284 3399 2371 3465 Μ.
2413 3395 2720 3489 »(οοτοιια)

367 3505 507 3592 ipsa
572 3523 607 3571 a
657 3504 955 3571 vinctura
1003 3504 1245 3572 dicitur
1291 3504 1450 3571 vieo-i
1497 3504 1558 3572 id
1610 3512 1707 3571 est
1758 3505 2024 3585 vinciri,
2073 3525 2109 3571 a
2158 3525 2288 3592 quo
2332 3512 2432 3572 est
2481 3506 2546 3571 in
2592 3503 2723 3570 Sota

366 3610 538 3678 Enni
588 3609 861 3699 (Vahlen
909 3632 974 3699 p.
1031 3611 1229 3699 164):
1280 3609 1459 3677 ibant
1511 3609 1737 3677 malaci
1788 3612 1963 3679 viere
2012 3611 2354 3678 Veneriam
2397 3607 2723 3679 corollam'·

367 3714 527 3781 Inde
572 3715 851 3796 vimina,
903 3716 1135 3784 Festus
1179 3737 1244 3804 p.
1294 3722 1450 3784 375.

458 3820 567 3886 IV.
601 3824 714 3899 16,
742 3826 852 3890 29.
904 3822 1149 3890 Nonius
1176 3826 1327 3890 206.
1359 3828 1480 3890 25;
1510 3820 1935 3890 »fulmentum
1959 3861 2052 3874 —
2075 3823 2387 3891 feminino
2409 3824 2562 3892 Luc.
2593 3875 2608 3891 .
2630 3873 2645 3889 .
2667 3865 2718 3887 ..

365 3933 429 3991 et
500 3924 609 3991 lib.
679 3926 805 3993 IV:
879 3929 1050 3996 sucit
1121 3928 1274 3996 huic
1342 3927 1635 4007 fuldum,
1709 3927 2059 3997 fulmentas
2125 3939 2436 4017 quattuor
2499 3924 2720 3997 addit.'’
2856 3947 2857 3962 ³

370 4031 609 4099 Subicit
670 4031 1049 4101 Salmasius.
1145 4034 1419 4101 Fulcum
1484 4032 1656 4100 Harl.
1719 4055 1754 4100 a
1819 4055 2018 4102 manu
2083 4040 2170 4114 2.,
2231 4034 2405 4103 unde
2464 4036 2719 4120 salonam

373 4137 866 4225 (Bouterweck‚
909 4161 968 4227 p.
1012 4141 1125 4230 20)
1168 4139 1434 4207 baberet
1473 4138 1750 4227 aliquam
1788 4143 2107 4229 speciem,
2150 4143 2206 4209 si
2248 4141 2312 4208 id
2351 4162 2388 4209 a
2414 4138 2719 4211 fulmentis

365 4243 682 4329 distingui
734 4253 971 4332 posset.
1070 4248 1311 4313 Verum
1361 4267 1505 4313 esse
1552 4245 1809 4314 videtur
1850 4248 2142 4336 [undum.
2231 4248 2511 4315 Fuldum
2551 4242 2717 4315 exsti·

369 4350 524 4417 tisse
571 4349 827 4418 videtur
865 4372 938 4418 ex
981 4352 1445 4419 assimilatione
1481 4351 1755 4440 quadam
1784 4373 1933 4422 cum
1963 4355 2254 4443 proximo
2283 4349 2714 4440 »fulmentas”‚

373 4457 562 4522 cuius
609 4455 855 4541 primas
893 4457 1143 4523 litteras
1182 4456 1433 4524 librarii
1477 4460 1694 4525 animo
1732 4461 1861 4526 iam
1901 4470 1962 4528 et
1990 4460 2239 4528 calamo
2262 4461 2715 4550 praeceperant·
