2934 5050
996 315 1394 361 communes
1457 310 1688 381 extrusos.
2404 288 2530 355 405

432 483 581 567 quis
628 480 787 546 bene
831 479 1151 545 dicentem
1210 478 1463 546 Gallum
1522 477 1724 546 terat?

959 583 1201 650 Ibidem
1249 603 1340 647 νε.
1392 588 1520 650 257
1573 602 1735 668 sqq.:

520 690 760 775 exigite
807 700 881 755 ut
930 709 1138 754 mores
1188 697 1442 754 teneros
1488 707 1608 753 ceu
1661 686 1885 773 pollice
1931 684 2171 759 ducat.

523 805 595 861 ut
644 797 698 860 si
747 795 896 881 quis
941 813 1091 860 cera
1140 790 1387 859 vultum
1438 791 1633 871 lacit,
1684 792 1920 876 exigite
1968 799 2037 856 ut
2073 791 2160 855 sit

521 907 586 966 et
632 907 814 986 pater
863 919 1052 964 u’slus
1098 907 1360 976 coetus,
1413 917 1491 964 ne
1543 896 1762 984 turpia
1811 893 2070 972 ludant,

528 1026 608 1070 ne
658 1003 901 1070 saciant
949 1001 1216 1069 vicibus.
1265 1021 1404 1088 sqq.

255 1107 693 1195 Intellegerem
742 1109 913 1194 ipse,
965 1105 1133 1194 quod
1184 1115 1389 1172 metro
1435 1105 1845 1186 excluditur,
1893 1104 2006 1173 sed
2054 1125 2180 1192 qua
2242 1104 2304 1170 vi
2355 1123 2539 1192 prae-

173 1222 378 1300 ceptor
442 1213 701 1279 dicatur
772 1224 958 1299 pater
1011 1213 1208 1300 ipsius
1263 1220 1527 1290 coetus,
1593 1232 1716 1278 non
1772 1221 2027 1298 exputo.
2121 1209 2278 1277 Nam
2345 1208 2541 1276 nullis

172 1317 302 1383 aliis
345 1330 559 1385 coetus
620 1318 1022 1406 (puerorum)
1073 1317 1136 1383 h.
1175 1317 1217 1382 l.
1269 1317 1637 1404 opponitur.
1730 1317 1820 1383 Ne
1870 1316 2113 1382 multa:
2169 1334 2392 1381 verum
2440 1317 2541 1379 vi·

171 1421 386 1490 detur:
445 1436 505 1489 et
544 1436 725 1510 paler
784 1443 975 1489 isrms
1021 1431 1264 1499 coelus,
1315 1422 1694 1506 pronomine
1740 1421 1991 1489 adiecto
2042 1420 2121 1487 ad
2171 1419 2541 1508 significan·

170 1524 309 1594 dum
363 1537 806 1605 contemtum,
857 1537 928 1593 ut
976 1547 1184 1614 saepe.

1015 1630 1147 1696 Sat.
1202 1630 1373 1708 vlu,
1423 1637 1505 1698 87
1550 1651 1691 1717 sqq.

433 1745 766 1825 expectata
813 1737 925 1802 diu
977 1734 1233 1802 tandem
1284 1737 1614 1822 provincia
1665 1756 1815 1803 cum
1868 1746 1930 1804 te

435 1851 748 1909 rectorem
798 1841 1110 1927 accipiet,
1163 1860 1322 1926 pone
1369 1841 1506 1907 irae
1557 1840 1737 1908 frena
1790 1840 2220 1930 modumque,

435 1968 597 2034 pone
640 1957 705 2014 et
747 1947 1101 2024 avaritiae,
1153 1947 1461 2012 miserere
1513 1948 1775 2033 inopum
1824 1947 2177 2013 sociorum:

434 2072 580 2119 ossa
625 2052 805 2118 vides
854 2070 1071 2117 rerum
1121 2052 1334 2117 vacuis
1378 2059 1609 2117 exucta
1654 2050 1974 2131 medullis.

248 2157 412 2227 Ossa
459 2166 691 2224 exucta
723 2178 921 2223 vacua
953 2165 1145 2234 sunt,
1194 2157 1457 2241 opinor,
1511 2175 1634 2221 non
1679 2154 2036 2233 medullae,
2079 2158 2296 2242 itaque
2333 2158 2547 2224 vactcis

166 2263 387 2348 procul
438 2261 633 2328 dubio
677 2261 886 2328 labem
935 2262 1250 2346 concepit.
1350 2260 1684 2347 Suspicor:

436 2386 579 2431 ossa
651 2365 825 2432 vides
898 2385 1158 2443 rerum,
1208 2387 1354 2442 vae,
1400 2369 1545 2452 quis
1589 2373 1821 2431 exucta
1867 2366 2145 2431 medulla
2196 2367 2270 2454 ¹).

252 2472 631 2540 interiectio
687 2491 798 2538 vae
858 2468 1183 2537 interdum
1242 2470 1509 2538 dolentis
1568 2479 1699 2547 est,
1767 2489 1890 2536 non
1959 2472 2304 2550 minantis,
2354 2480 2428 2539 ut
2475 2472 2542 2540 in

170 2578 504 2646 notissimo
550 2595 741 2642 versu
788 2574 1189 2661 Vergiliano:

438 2681 738 2755 Mantua,
781 2703 931 2758 vae,
980 2682 1253 2747 miserae
1303 2680 1580 2747 nimium
1634 2681 1843 2747 vicina
1880 2681 2250 2748 Cremonae.

168 2804 358 2871 quem
409 2804 666 2851 versum
717 2785 881 2853 salse
927 2785 1078 2851 olim
1133 2782 1485 2870 Anglorum
1536 2785 1968 2851 facetissimus
2026 2785 2235 2851 Swirr
2278 2788 2543 2865 citavit,

170 2909 369 2974 quum
424 2891 559 2954 uoti
612 2890 1026 2956 instrumenti
1077 2890 1309 2955 musici
1362 2889 1517 2955 fides
1566 2898 2026 2977 rumperentur
2073 2892 2272 2955 nimia
2308 2900 2548 2959 matro-

173 3013 290 3060 nae
338 2994 555 3059 neseio
617 2996 807 3061 cuius
871 2995 1108 3061 vicinia
1174 2994 1436 3061 indutae
1500 2994 1819 3071 amiculo,
1869 2996 1978 3061 cui
2026 2995 2313 3062 montilla
2358 2995 2550 3066 hodie

174 3117 401 3165 nomen
458 3108 578 3164 est.

263 3201 470 3269 Sensu
525 3203 814 3269 vocabuli
880 3208 1136 3294 proprio
1189 3207 1469 3272 medulla
1516 3204 1681 3289 sing.
1733 3225 1912 3272 num.
1966 3225 2089 3271 non
2139 3224 2359 3273 rarum
2409 3226 2550 3275 esse

177 3307 279 3372 vix
324 3315 422 3374 est
470 3306 640 3393 quod
691 3327 1004 3374 moneam.
1105 3308 1202 3373 Ad
1252 3305 1523 3374 formam
1573 3308 1784 3376 Dativi
1831 3314 1972 3396 quis
2018 3310 2100 3376 ef.
2149 3311 2285 3390 111,
2338 3319 2443 3379 51.

1035 3411 1276 3480 Ibidem
1328 3416 1459 3480 254
1509 3432 1689 3500 sqq.:

536 3515 820 3604 plebeiae
870 3517 1209 3584 Deciorum
1256 3517 1544 3595 animae,
1591 3517 1833 3604 plebeia
1881 3519 2147 3585 suerunt

536 3622 827 3688 nomina:
880 3642 994 3708 pro
1041 3624 1193 3689 totis
1237 3621 1598 3708 legionibus
1645 3622 1713 3689 hi
1768 3634 1986 3689 tamen
2032 3633 2096 3689 et
2148 3642 2265 3709 pro

531 3725 831 3792 omnibus
880 3727 1137 3793 auxiliis
1188 3738 1381 3813 atque
1428 3729 1603 3792 omni
1654 3727 1823 3814 pube
1875 3728 2104 3794 Latina

533 3829 867 3896 sufficiunt
913 3831 1014 3897 dis
1063 3831 1332 3898 infernis
1381 3840 1718 3917 terraeque
1768 3833 2055 3917 parenti:

542 3934 776 4023 [pluris
824 3937 995 4002 enim
1046 3936 1261 4014 Decii,
1311 3957 1506 4022 quam
1556 3956 1720 4022 quae
1767 3944 2109 4002 servantur
2148 3936 2229 4002 ab
2276 3935 2456 4025 illis]

267 4039 399 4106 Non
447 4038 634 4106 facile
680 4039 1007 4120 adducar,
1061 4052 1131 4108 ut
1176 4042 1436 4108 credam
1486 4041 1658 4106 hunc
1709 4060 1963 4107 versum
2002 4061 2041 4108 a
2078 4041 2366 4109 Iuvenali
2412 4063 2551 4131 pro-

180 4139 412 4211 fectum
486 4164 650 4211 esse.
755 4145 1049 4212 Absurda
1114 4146 1210 4213 vel
1284 4148 1497 4234 potius
1567 4143 1841 4213 ridicula
1906 4155 2005 4214 est
2073 4146 2401 4214 conclusio
2472 4169 2553 4217 ex

188 4391 199 4401 .
255 4315 301 4378 l)
369 4317 503 4376 Aut,
554 4320 597 4368 ai
647 4321 831 4379 mavis,
880 4320 1153 4372 medullast.
1227 4323 1329 4372 Pro
1391 4337 1553 4371 rerum
1620 4321 1946 4373 Heinrichius
1989 4323 2171 4373 iniuria
2222 4340 2387 4389 requm
2436 4341 2550 4376 con·

186 4393 351 4444 iecisse
378 4397 584 4448 videtur.
