2934 5050
1030 303 1117 350 An
1163 301 1693 351 rmormsruu.
2468 282 2551 348 53

275 474 498 552 ἀμέλει
548 474 608 539 δὲ
656 472 838 546 δεινὸς
888 472 988 536 καὶ
1039 468 1190 547 ἕλκη
1239 470 1406 552 ἔχειν
1455 473 1515 535 ἐν
1575 479 1701 546 τοῖς
1753 471 2166 547 ἀντικνημίοις
2215 471 2318 534 καὶ
2367 495 2552 551 προσ-

187 579 565 657 παίσματα
612 580 674 642 ἐν
734 586 859 649 τοῖς
905 575 1231 649 δακτύλοις
1283 577 1387 641 καὶ
1445 578 1537 653 μὴ
1583 577 1954 657 θεραπεῦσαι
2012 576 2162 640 ἀλλ’
2226 577 2408 641 ἕᾶσαι
2447 579 2551 651 θη-

184 684 509 769 nsaiwan]
580 703 704 749 non
747 680 1030 766 simplici
1072 682 1267 747 verbo
1310 683 1379 745 in
1425 703 1502 746 ea
1544 703 1612 747 re
1661 682 1770 748 sed
1818 683 2164 766 composito
2210 682 2552 746 utebantur

182 788 677 867 ἆποθηριωόῆναι.
744 786 860 850 Est
899 788 1379 871 praepositionis
1421 785 1552 850 ἀπό
1589 783 2096 870 compendiolum
2114 833 2132 862 ,
2181 786 2348 870 quod
2382 786 2557 852 facili

182 895 442 980 negotio
486 891 853 978 neglectum
894 893 1082 977 perit.
1166 890 1382 956 Huius
1426 895 1524 956 est
1582 893 1648 954 in
1695 887 1888 955 Codd.
1939 891 2320 973 quibusdam
2364 897 2553 956 tenue

181 997 504 1082 quoddam
559 997 907 1072 indicium,
972 1017 1246 1081 namque
1302 995 1673 1074 ἐθηριωθῆναι
1737 994 2055 1059 exhibent.
2134 997 2366 1060 Fuerat
2412 993 2548 1072 ζόη·

182 1102 490 1180 ριωθῆναι,
555 1104 705 1187 quia
766 1102 1214 1186 compendium
1267 1103 1746 1186 praepositionis
1807 1100 1936 1163 οὶπό
1988 1099 2209 1165 literae
2255 1105 2294 1179 ζ
2353 1099 2553 1163 simil-

182 1208 423 1272 limum
469 1212 581 1272 est.

269 1416 441 1480 Ibid.
465 1414 668 1479 ἐσθίων
705 1413 1172 1492 ἀπομύττεσθαι
1197 1462 1214 1491 ,
1255 1412 1405 1479 θύων
1443 1413 1944 1493 ἁπομόρξασθαι,
1983 1422 2339 1493 προσλαλῶν
2372 1417 2555 1494 οὶπορ·

184 1528 461 1600 ρῙΠΤειν
521 1519 648 1585 ἀπὸ
692 1522 801 1584 τοῦ
847 1517 1179 1604 ςόματος]
1250 1519 1505 1584 Atridet
1553 1519 1834 1584 Editoris
1880 1519 2237 1585 coniectura
2284 1519 2557 1597 ἀπομόρ-

183 1623 416 1701 ξασθαι
459 1645 574 1710 pro
633 1620 775 1702 ἅμα
835 1623 888 1688 δ’
935 1621 1274 1703 ἄρξασθαι,
1339 1623 1449 1688 sed
1508 1644 1622 1708 pro
1680 1624 2069 1704 ἀπορρίπτειν
2093 1673 2109 1702 ,
2177 1625 2342 1709 quod
2396 1625 2561 1689 nihil

185 1733 450 1796 omnino
493 1729 647 1796 facit
683 1729 766 1794 ad
807 1748 977 1806 rem,
1024 1728 1403 1808 οὶπορραίνειν
1447 1749 1488 1792 a
1530 1727 1962 1814 Theophrasto
2008 1731 2318 1814 scriptum
2365 1730 2559 1795 fuisse

186 1838 510 1901 existimo.
580 1834 827 1899 Notum
885 1839 979 1898 est
1039 1836 1106 1897 in
1152 1853 1226 1898 ea
1274 1854 1342 1898 re
1398 1834 1670 1897 verbum
1728 1833 2122 1912 προσραίνειν.
2194 1832 2560 1920 Hesychius

186 1962 248 2005 v.
296 1939 804 2018 Σιαλόχους;
865 1940 1005 2010 τοὺς
1058 1939 1524 2017 προσραίνοντας
1586 1939 1799 2001 σίαλον
1862 1938 1922 2001 ἐν
1967 1940 2051 2017 τῷ
2115 1938 2560 2018 προσδιαλέγε-

187 2046 331 2110 σθαι
357 2094 375 2122 ,
407 2045 523 2109 ubi
545 2046 680 2109 sine
716 2045 1138 2110 controversia
1176 2054 1587 2125 Σιαλοχοους
1633 2044 2071 2119 scribendum,
2112 2048 2186 2106 ut
2224 2043 2522 2122 οἰνοχόους
2546 2093 2562 2116 ,

186 2147 569 2233 χρυσοχόους
593 2196 612 2226 ,
661 2169 820 2233 quae
865 2169 989 2214 non
1028 2148 1502 2214 contrahuntur.
1574 2146 1681 2212 Sic
1727 2155 1790 2211 et
1830 2147 2257 2212 Antimachus
2288 2150 2317 2210 ὁ
2348 2147 2567 2227 ψακάς

189 2275 545 2343 cognomen
600 2257 902 2338 reperisse
962 2259 1254 2319 narratur
1308 2253 1518 2327 ἐπειδὴ
1566 2251 1944 2331 προσέρραινε
2008 2254 2147 2323 τοὺς
2197 2253 2566 2328 ὁμιλοῦντας

191 2358 630 2439 διαλεγόμενος
677 2363 839 2423 teste
882 2358 1237 2425 Scholiasta
1279 2358 1360 2424 ad
1404 2360 1664 2422 Acham.
1727 2355 1922 2446 llos).
1993 2356 2290 2423 Notabile
2333 2363 2429 2423 est
2474 2361 2567 2423 vi-

192 2469 361 2532 tium
408 2468 481 2530 in
537 2461 769 2531 Galeni
821 2462 1007 2531 libris
1050 2464 1406 2530 indicatum
1453 2483 1492 2528 a
1534 2459 1858 2528 Dindorfio
1914 2462 1993 2527 ad
2039 2460 2346 2548 Stephani
2407 2461 2569 2529 'Phe-

192 2591 476 2637 saurum.
561 2568 979 2655 Hippocrates
1040 2568 1320 2634 dixerat:
1379 2567 1806 2645 διαλεγόμενοι
1868 2568 2183 2648 σιαλοχόοι
2208 2617 2225 2645 ,
2290 2589 2402 2652 pro
2448 2590 2571 2654 quo

193 2677 361 2761 apud
408 2672 730 2741 Galenum
774 2674 1074 2739 scribitur
1116 2675 1514 2758 ineptissime
1553 2670 2122 2749 διαλεγομένοιΟΙΝ
2171 2673 2568 2754 ’ΛΛΛοχόοι.

195 2778 750 2860 Quemadmodum
803 2780 1009 2865 igitur
1052 2778 1422 2859 προσραίνειν
1467 2777 1610 2841 τινα
1666 2772 1963 2842 dicebant
2024 2779 2115 2841 sic
2175 2782 2238 2841 et
2284 2779 2571 2857 ἀπορραί-

196 2908 310 2949 νεΙν
351 2907 442 2952 Tl-

282 3097 448 3162 Ibid.
496 3100 1055 3169 ἄναπῙΠΤΟΝτος
1104 3099 1163 3161 ἐν
1200 3104 1328 3170 τοῖς
1367 3098 1643 3175 ςρώμασι
1687 3096 1855 3171 μετὰ
1897 3100 2007 3166 τῆς
2042 3094 2332 3184 γυναικὸς
2380 3095 2567 3158 αὐτοῦ

198 3202 582 3288 κοιμᾶσθαι]
641 3207 815 3267 certa
856 3207 922 3267 et
976 3201 1235 3267 evidens
1277 3200 1594 3266 Badhami
1658 3199 2015 3296 emendatio
2076 3200 2571 3270 ἀναπΟΝΙΠτος

198 3309 473 3374 ostendit
517 3327 712 3393 quam
753 3306 920 3372 nihil
965 3308 1387 3393 cogitaverint
1443 3312 1737 3371 veterum
1783 3301 2092 3370 Codicum
2137 3303 2567 3389 descriptores.

287 3515 451 3594 Ibid,
496 3515 602 3581 καὶ
666 3513 1014 3595 εὐχομένων
1056 3515 1160 3580 καὶ
1224 3513 1597 3579 σπενδόντων
1659 3513 1955 3590 ἐκβαλεῖν
2016 3514 2086 3577 τὸ
2133 3516 2408 3592 ποτήριον
2468 3514 2571 3577 καὶ

199 3618 474 3696 γελάσαι
518 3623 616 3686 ὣς
664 3619 1002 3688 ΤΕΡοὶςιόν
1048 3642 1108 3684 τι
1157 3620 1556 3702 πεποιηκώς]
1639 3618 1841 3683 Multi
1895 3618 2054 3683 olim
2099 3638 2317 3683 veram
2358 3617 2575 3682 lectio-

199 3745 350 3790 nem
405 3729 807 3810 repererunt,
865 3728 1037 3809 quae'
1083 3723 1238 3789 haec
1300 3729 1429 3789 est:
1495 3720 1750 3788 ὣὍΠΕΡ
1813 3723 2020 3790 ἆςεῒόν
2074 3745 2134 3786 τι
2197 3723 2570 3796 πεποιηκώς.

208 3852 468 3913 „parum
508 3829 688 3912 σφω’
732 3833 809 3893 ut
851 3828 1095 3893 iudicat
1137 3828 1380 3893 Editor.
1452 3825 1751 3914 Cogitato
1798 3827 2028 3911 aliquis
2073 3826 2242 3911 apud
2286 3829 2576 3891 animum

203 3953 391 3997 suum
446 3933 600 4019 quid
644 3935 732 3998 sit
774 3932 1177 3999 TGPACrao‘v
1223 3956 1283 3996 τι
1331 3940 1524 3997 ποιεῖν
1546 3981 1562 4007 ,
1627 3938 1691 3996 et
1734 3952 1926 4016 quam
1978 3933 2065 3996 sit
2109 3930 2416 3996 absonum
2463 3956 2571 4008 γε·

206 4035 397 4102 λα’σαι
441 4041 519 4109 ὥς
559 4036 934 4118 τεραςιόν
979 4062 1040 4103 τι
1087 4037 1427 4112 πεποιηκώς
1475 4035 1913 4102 intellecturus
1960 4042 2075 4101 est.

297 4244 453 4312 Ibid.
501 4247 606 4311 καὶ
652 4245 1021 4324 αὖλούμενος
1055 4245 1119 4311 δὲ
1149 4251 1377 4327 κροτεῖν
1422 4254 1566 4317 ταῖς
1613 4245 1790 4324 χερσὶ
1838 4244 2014 4321 μόνος
2063 4250 2179 4308 τῶν
2217 4244 2427 4311 ἄλλων
2467 4250 2581 4311 καὶ

213 4352 631 4434 συντερετίζειν
692 4352 794 4416 καὶ
850 4351 1144 4430 ἐπιτιμᾶν
1186 4362 1265 4433 τῇ
1312 4349 1630 4430 αὐλητρίδι
1675 4357 1766 4414 ΤῙ
1818 4358 1932 4414 ΟΥ
1979 4349 2155 4430 ταχὺ
2206 4352 2567 4437 παύσαιτο]
