<?xml version="1.0" encoding="UTF-8"?>
<!DOCTYPE html PUBLIC "-//W3C//DTD XHTML 1.0 Transitional//EN"
    "http://www.w3.org/TR/xhtml1/DTD/xhtml1-transitional.dtd">
<html xmlns="http://www.w3.org/1999/xhtml" xml:lang="en" lang="en">
 <head>
  <title>
</title>
<meta http-equiv="Content-Type" content="text/html;charset=utf-8" />
  <meta name='ocr-system' content='tesseract 3.04.00' />
  <meta name='ocr-capabilities' content='ocr_page ocr_carea ocr_par ocr_line ocrx_word'/>
</head>
<body>
  <div class='ocr_page' id='page_1' title='image "./mnemosynebiblio09servgoog/mnemosynebiblio09servgoog_0864.png"; bbox 0 0 2934 5050; ppageno 0'>
   <div class='ocr_carea' id='block_1_1' title="bbox 316 293 1717 358">
    <p class='ocr_par' dir='ltr' id='par_1_1' title="bbox 316 293 1717 358">
     <span class='ocr_line' id='line_1_1' title="bbox 316 293 1717 358; baseline -0.001 0"><span class='ocrx_word' id='word_1_1' title='bbox 316 293 447 358; x_wconf 74' lang='lat'>292</span> <span class='ocrx_word' id='word_1_2' title='bbox 1289 309 1717 357; x_wconf 62' lang='lat' dir='ltr'>nummu.</span> 
     </span>
    </p>
   </div>
   <div class='ocr_carea' id='block_1_2' title="bbox 315 476 2717 4497">
    <p class='ocr_par' dir='ltr' id='par_1_2' title="bbox 315 476 2711 1094">
     <span class='ocr_line' id='line_1_2' title="bbox 319 476 2708 568; baseline -0.002 -18"><span class='ocrx_word' id='word_1_3' title='bbox 319 490 426 552; x_wconf 87' lang='lat' dir='ltr'>cit.</span> <span class='ocrx_word' id='word_1_4' title='bbox 537 483 693 549; x_wconf 85' lang='lat' dir='ltr'>Mox</span> <span class='ocrx_word' id='word_1_5' title='bbox 778 482 916 548; x_wconf 89' lang='lat' dir='ltr'>dele</span> <span class='ocrx_word' id='word_1_6' title='bbox 978 482 1131 563; x_wconf 89' lang='grc' dir='ltr'><strong><em>περί.</em></strong></span> <span class='ocrx_word' id='word_1_7' title='bbox 1209 520 1293 530; x_wconf 93' lang='grc'>--</span> <span class='ocrx_word' id='word_1_8' title='bbox 1376 480 1553 561; x_wconf 84' lang='lat' dir='ltr'>Quae</span> <span class='ocrx_word' id='word_1_9' title='bbox 1632 480 1823 547; x_wconf 86' lang='lat' dir='ltr'>hodie</span> <span class='ocrx_word' id='word_1_10' title='bbox 1890 480 2227 568; x_wconf 75' lang='lat' dir='ltr'>leguntur,</span> <span class='ocrx_word' id='word_1_11' title='bbox 2314 476 2428 544; x_wconf 80' lang='grc' dir='ltr'><strong><em>εἶτ’</em></strong></span> <span class='ocrx_word' id='word_1_12' title='bbox 2498 480 2708 554; x_wconf 67' lang='grc' dir='ltr'><strong><em>ἐπειδὴ</em></strong></span> 
     </span>
     <span class='ocr_line' id='line_1_3' title="bbox 317 586 2709 671; baseline -0.002 -15"><span class='ocrx_word' id='word_1_13' title='bbox 317 595 780 671; x_wconf 72' lang='grc' dir='ltr'>ἀναχωροῦντες</span> <span class='ocrx_word' id='word_1_14' title='bbox 850 591 1062 655; x_wconf 74' lang='grc' dir='ltr'><strong><em>ἐκεῖνοί</em></strong></span> <span class='ocrx_word' id='word_1_15' title='bbox 1120 595 1177 652; x_wconf 88' lang='grc' dir='ltr'>τ’</span> <span class='ocrx_word' id='word_1_16' title='bbox 1220 586 1490 668; x_wconf 81' lang='grc' dir='ltr'><strong><em>ἔκρυψαν</em></strong></span> <span class='ocrx_word' id='word_1_17' title='bbox 1525 586 1630 651; x_wconf 70' lang='grc' dir='ltr'><strong><em>καὶ</em></strong></span> <span class='ocrx_word' id='word_1_18' title='bbox 1676 592 1860 666; x_wconf 80' lang='grc' dir='ltr'><em>σφεῖς</em></span> <span class='ocrx_word' id='word_1_19' title='bbox 1903 586 2219 668; x_wconf 77' lang='grc' dir='ltr'><strong><em>ἡσύχαζον</em></strong></span> <span class='ocrx_word' id='word_1_20' title='bbox 2256 589 2490 653; x_wconf 81' lang='lat' dir='ltr'>vitiosa</span> <span class='ocrx_word' id='word_1_21' title='bbox 2536 594 2709 653; x_wconf 81' lang='lat' dir='ltr'>sunt.</span> 
     </span>
     <span class='ocr_line' id='line_1_4' title="bbox 319 675 2711 781; baseline -0.002 -18"><span class='ocrx_word' id='word_1_22' title='bbox 319 697 491 763; x_wconf 90' lang='lat' dir='ltr'>Nam</span> <span class='ocrx_word' id='word_1_23' title='bbox 538 721 603 760; x_wconf 84' lang='grc' dir='ltr'><strong><em>τε</em></strong></span> <span class='ocrx_word' id='word_1_24' title='bbox 654 700 748 761; x_wconf 86' lang='lat' dir='ltr'>ita</span> <span class='ocrx_word' id='word_1_25' title='bbox 790 698 1074 781; x_wconf 85' lang='lat' dir='ltr'>positum</span> <span class='ocrx_word' id='word_1_26' title='bbox 1122 701 1219 761; x_wconf 88' lang='lat' dir='ltr'>est</span> <span class='ocrx_word' id='word_1_27' title='bbox 1279 701 1352 759; x_wconf 89' lang='lat' dir='ltr'>ut</span> <span class='ocrx_word' id='word_1_28' title='bbox 1373 675 1390 686; x_wconf 53' lang='grc'>’</span> <span class='ocrx_word' id='word_1_29' title='bbox 1411 695 1668 780; x_wconf 88' lang='lat' dir='ltr'>utrique</span> <span class='ocrx_word' id='word_1_30' title='bbox 1706 695 2110 774; x_wconf 68' lang='grc' dir='ltr'><strong><em>ἀναχωρῆσαι</em></strong></span> <span class='ocrx_word' id='word_1_31' title='bbox 2148 694 2509 759; x_wconf 81' lang='lat' dir='ltr'>videantur.</span> <span class='ocrx_word' id='word_1_32' title='bbox 2582 692 2711 758; x_wconf 84' lang='lat' dir='ltr'>Sed</span> 
     </span>
     <span class='ocr_line' id='line_1_5' title="bbox 318 800 2709 886; baseline -0.002 -17"><span class='ocrx_word' id='word_1_33' title='bbox 318 825 397 869; x_wconf 90' lang='lat' dir='ltr'>ne</span> <span class='ocrx_word' id='word_1_34' title='bbox 478 802 993 868; x_wconf 78' lang='lat' dir='ltr'><strong>Lacedaemoniis</strong></span> <span class='ocrx_word' id='word_1_35' title='bbox 1072 800 1333 886; x_wconf 88' lang='lat' dir='ltr'>quidem</span> <span class='ocrx_word' id='word_1_36' title='bbox 1381 801 1677 865; x_wconf 85' lang='lat' dir='ltr'>convenit</span> <span class='ocrx_word' id='word_1_37' title='bbox 1694 847 1711 877; x_wconf 86' lang='lat'>,</span> <span class='ocrx_word' id='word_1_38' title='bbox 1775 802 2078 885; x_wconf 89' lang='lat' dir='ltr'>quoniam</span> <span class='ocrx_word' id='word_1_39' title='bbox 2124 806 2270 886; x_wconf 89' lang='lat' dir='ltr'>post</span> <span class='ocrx_word' id='word_1_40' title='bbox 2316 800 2709 882; x_wconf 69' lang='grc' dir='ltr'>ἀναχώρησιν</span> 
     </span>
     <span class='ocr_line' id='line_1_6' title="bbox 318 906 2711 994; baseline -0.002 -19"><span class='ocrx_word' id='word_1_41' title='bbox 318 913 452 976; x_wconf 87' lang='lat' dir='ltr'>iam</span> <span class='ocrx_word' id='word_1_42' title='bbox 513 909 749 974; x_wconf 83' lang='lat' dir='ltr'>factam</span> <span class='ocrx_word' id='word_1_43' title='bbox 810 929 887 973; x_wconf 85' lang='lat' dir='ltr'>ex</span> <span class='ocrx_word' id='word_1_44' title='bbox 947 906 1148 973; x_wconf 89' lang='lat' dir='ltr'>oculis</span> <span class='ocrx_word' id='word_1_45' title='bbox 1190 907 1586 994; x_wconf 80' lang='lat' dir='ltr'>Argivorum</span> <span class='ocrx_word' id='word_1_46' title='bbox 1626 906 1991 971; x_wconf 84' lang='lat' dir='ltr'>abscedunt.</span> <span class='ocrx_word' id='word_1_47' title='bbox 2035 945 2119 956; x_wconf 89' lang='lat'>—</span> <span class='ocrx_word' id='word_1_48' title='bbox 2158 906 2361 972; x_wconf 87' lang='lat' dir='ltr'>Video</span> <span class='ocrx_word' id='word_1_49' title='bbox 2398 928 2569 972; x_wconf 88' lang='lat' dir='ltr'>nunc</span> <span class='ocrx_word' id='word_1_50' title='bbox 2615 928 2711 971; x_wconf 80' lang='lat' dir='ltr'>sa·</span> 
     </span>
     <span class='ocr_line' id='line_1_7' title="bbox 315 1013 2415 1094; baseline -0.002 -12"><span class='ocrx_word' id='word_1_51' title='bbox 315 1019 661 1082; x_wconf 87' lang='lat' dir='ltr'>nissimum</span> <span class='ocrx_word' id='word_1_52' title='bbox 707 1034 841 1079; x_wconf 86' lang='lat' dir='ltr'>esse</span> <span class='ocrx_word' id='word_1_53' title='bbox 887 1013 1031 1094; x_wconf 81' lang='grc' dir='ltr'><strong><em>πρὸς</em></strong></span> <span class='ocrx_word' id='word_1_54' title='bbox 1071 1016 1296 1091; x_wconf 73' lang='grc' dir='ltr'><strong><em>’Ἄργει</em></strong></span> <span class='ocrx_word' id='word_1_55' title='bbox 1345 1018 1408 1078; x_wconf 88' lang='lat' dir='ltr'>et</span> <span class='ocrx_word' id='word_1_56' title='bbox 1455 1034 1493 1077; x_wconf 88' lang='lat' dir='ltr'>a</span> <span class='ocrx_word' id='word_1_57' title='bbox 1538 1032 1645 1077; x_wconf 88' lang='lat' dir='ltr'>me</span> <span class='ocrx_word' id='word_1_58' title='bbox 1687 1015 1925 1078; x_wconf 87' lang='lat' dir='ltr'>iniuria</span> <span class='ocrx_word' id='word_1_59' title='bbox 1969 1013 2415 1080; x_wconf 79' lang='lat' dir='ltr'>sollicitatum.</span> 
     </span>
    </p>

    <p class='ocr_par' dir='ltr' id='par_1_3' title="bbox 318 1116 2709 1626">
     <span class='ocr_line' id='line_1_8' title="bbox 409 1116 2707 1200; baseline 0 -16"><span class='ocrx_word' id='word_1_60' title='bbox 409 1120 485 1186; x_wconf 86' lang='lat' dir='ltr'>V.</span> <span class='ocrx_word' id='word_1_61' title='bbox 537 1119 643 1186; x_wconf 87' lang='lat'>66.</span> <span class='ocrx_word' id='word_1_62' title='bbox 692 1118 915 1200; x_wconf 84' lang='grc' dir='ltr'><strong><em>σχεδὸν</em></strong></span> <span class='ocrx_word' id='word_1_63' title='bbox 961 1117 1089 1198; x_wconf 78' lang='grc' dir='ltr'><strong><em>γοὶρ</em></strong></span> <span class='ocrx_word' id='word_1_64' title='bbox 1137 1142 1197 1183; x_wconf 86' lang='grc' dir='ltr'>τι</span> <span class='ocrx_word' id='word_1_65' title='bbox 1247 1123 1374 1183; x_wconf 72' lang='grc' dir='ltr'><strong><em>πᾶν</em></strong></span> <span class='ocrx_word' id='word_1_66' title='bbox 1430 1116 1727 1198; x_wconf 76' lang='grc' dir='ltr'><strong><em>ἄρχοντες</em></strong></span> <span class='ocrx_word' id='word_1_67' title='bbox 1776 1119 2088 1198; x_wconf 70' lang='grc' dir='ltr'><strong><em>ἀρχόντων</em></strong></span> <span class='ocrx_word' id='word_1_68' title='bbox 2137 1121 2251 1184; x_wconf 74' lang='grc' dir='ltr'><strong><em>εἶσὶ</em></strong></span> <span class='ocrx_word' id='word_1_69' title='bbox 2305 1121 2410 1184; x_wconf 79' lang='grc' dir='ltr'><strong><em>καὶ</em></strong></span> <span class='ocrx_word' id='word_1_70' title='bbox 2454 1120 2524 1184; x_wconf 79' lang='grc' dir='ltr'>τὸ</span> <span class='ocrx_word' id='word_1_71' title='bbox 2574 1120 2707 1184; x_wconf 74' lang='grc' dir='ltr'><strong><em>ἐπι-</em></strong></span> 
     </span>
     <span class='ocr_line' id='line_1_9' title="bbox 319 1223 2709 1312; baseline 0 -21"><span class='ocrx_word' id='word_1_72' title='bbox 319 1228 507 1307; x_wconf 74' lang='grc' dir='ltr'><strong><em>μελὲς</em></strong></span> <span class='ocrx_word' id='word_1_73' title='bbox 571 1229 677 1290; x_wconf 78' lang='grc' dir='ltr'>τοῦ</span> <span class='ocrx_word' id='word_1_74' title='bbox 736 1223 1028 1305; x_wconf 80' lang='grc' dir='ltr'><em>δρωμένου</em></span> <span class='ocrx_word' id='word_1_75' title='bbox 1083 1233 1332 1297; x_wconf 78' lang='grc' dir='ltr'><em>πολλοῖς</em></span> <span class='ocrx_word' id='word_1_76' title='bbox 1384 1228 1690 1304; x_wconf 78' lang='grc' dir='ltr'><strong><em>προσήκει.</em></strong></span> <span class='ocrx_word' id='word_1_77' title='bbox 1764 1225 1970 1290; x_wconf 89' lang='lat' dir='ltr'>Nemo</span> <span class='ocrx_word' id='word_1_78' title='bbox 2017 1231 2113 1289; x_wconf 87' lang='lat' dir='ltr'>est</span> <span class='ocrx_word' id='word_1_79' title='bbox 2158 1225 2349 1292; x_wconf 73' lang='lat' dir='ltr'>hodie</span> <span class='ocrx_word' id='word_1_80' title='bbox 2396 1230 2508 1312; x_wconf 85' lang='lat' dir='ltr'>qui</span> <span class='ocrx_word' id='word_1_81' title='bbox 2556 1227 2709 1292; x_wconf 78' lang='lat' dir='ltr'>haec</span> 
     </span>
     <span class='ocr_line' id='line_1_10' title="bbox 318 1329 2707 1419; baseline -0.001 -19"><span class='ocrx_word' id='word_1_82' title='bbox 318 1334 854 1419; x_wconf 69' lang='lat' dir='ltr'>interpretationis</span> <span class='ocrx_word' id='word_1_83' title='bbox 916 1352 1103 1419; x_wconf 80' lang='lat' dir='ltr'>egere</span> <span class='ocrx_word' id='word_1_84' title='bbox 1164 1331 1393 1396; x_wconf 85' lang='lat' dir='ltr'>credat.</span> <span class='ocrx_word' id='word_1_85' title='bbox 1438 1367 1524 1378; x_wconf 88' lang='lat'>-—</span> <span class='ocrx_word' id='word_1_86' title='bbox 1564 1329 1689 1396; x_wconf 82' lang='lat' dir='ltr'>Sed</span> <span class='ocrx_word' id='word_1_87' title='bbox 1750 1334 2175 1419; x_wconf 81' lang='lat' dir='ltr'>grammatico</span> <span class='ocrx_word' id='word_1_88' title='bbox 2220 1331 2411 1398; x_wconf 82' lang='lat' dir='ltr'>aliter</span> <span class='ocrx_word' id='word_1_89' title='bbox 2455 1335 2673 1398; x_wconf 78' lang='lat' dir='ltr'>visum</span> <span class='ocrx_word' id='word_1_90' title='bbox 2690 1381 2707 1406; x_wconf 90' lang='lat'>‚</span> 
     </span>
     <span class='ocr_line' id='line_1_11' title="bbox 320 1436 2708 1526; baseline -0 -21"><span class='ocrx_word' id='word_1_91' title='bbox 320 1443 429 1526; x_wconf 88' lang='lat' dir='ltr'>qui</span> <span class='ocrx_word' id='word_1_92' title='bbox 475 1440 638 1512; x_wconf 67' lang='grc' dir='ltr'><strong><em>πλὴν</em></strong></span> <span class='ocrx_word' id='word_1_93' title='bbox 684 1439 896 1515; x_wconf 78' lang='grc' dir='ltr'><strong><em>ὀλίγον</em></strong></span> <span class='ocrx_word' id='word_1_94' title='bbox 942 1443 1007 1502; x_wconf 87' lang='lat' dir='ltr'>et</span> <span class='ocrx_word' id='word_1_95' title='bbox 1050 1438 1119 1501; x_wconf 83' lang='grc' dir='ltr'>τὸ</span> <span class='ocrx_word' id='word_1_96' title='bbox 1168 1436 1541 1518; x_wconf 73' lang='grc' dir='ltr'><strong><em>ςρατόπεδον</em></strong></span> <span class='ocrx_word' id='word_1_97' title='bbox 1582 1443 1700 1501; x_wconf 79' lang='grc' dir='ltr'><strong><em>τῶν</em></strong></span> <span class='ocrx_word' id='word_1_98' title='bbox 1740 1436 2241 1515; x_wconf 70' lang='grc' dir='ltr'><strong><em>Λακεδαιμονίων</em></strong></span> <span class='ocrx_word' id='word_1_99' title='bbox 2278 1438 2531 1504; x_wconf 81' lang='lat' dir='ltr'>adiecit.</span> <span class='ocrx_word' id='word_1_100' title='bbox 2584 1436 2708 1503; x_wconf 85' lang='lat' dir='ltr'>Pro</span> 
     </span>
     <span class='ocr_line' id='line_1_12' title="bbox 321 1542 1787 1626; baseline -0.001 -17"><span class='ocrx_word' id='word_1_101' title='bbox 321 1545 494 1626; x_wconf 73' lang='grc' dir='ltr'><strong><em>παρὰ</em></strong></span> <span class='ocrx_word' id='word_1_102' title='bbox 541 1545 594 1609; x_wconf 82' lang='grc' dir='ltr'>δ’</span> <span class='ocrx_word' id='word_1_103' title='bbox 641 1545 850 1614; x_wconf 79' lang='grc' dir='ltr'><strong><em>αὐτοῖς</em></strong></span> <span class='ocrx_word' id='word_1_104' title='bbox 897 1543 1169 1609; x_wconf 77' lang='lat' dir='ltr'>rescribe</span> <span class='ocrx_word' id='word_1_105' title='bbox 1217 1543 1390 1622; x_wconf 71' lang='grc' dir='ltr'><strong><em>παρὰ</em></strong></span> <span class='ocrx_word' id='word_1_106' title='bbox 1435 1542 1492 1605; x_wconf 90' lang='grc' dir='ltr'>δ’</span> <span class='ocrx_word' id='word_1_107' title='bbox 1542 1543 1787 1612; x_wconf 77' lang='grc' dir='ltr'><strong><em>αὐτούς.</em></strong></span> 
     </span>
    </p>

    <p class='ocr_par' dir='ltr' id='par_1_4' title="bbox 319 1647 2712 2153">
     <span class='ocr_line' id='line_1_13' title="bbox 409 1647 2709 1738; baseline 0.002 -24"><span class='ocrx_word' id='word_1_108' title='bbox 409 1649 484 1714; x_wconf 85' lang='lat' dir='ltr'>V.</span> <span class='ocrx_word' id='word_1_109' title='bbox 537 1648 642 1715; x_wconf 88' lang='grc'>68.</span> <span class='ocrx_word' id='word_1_110' title='bbox 709 1652 815 1714; x_wconf 81' lang='grc' dir='ltr'>οὐκ</span> <span class='ocrx_word' id='word_1_111' title='bbox 878 1647 956 1713; x_wconf 70' lang='grc' dir='ltr'><strong><em>ἂν</em></strong></span> <span class='ocrx_word' id='word_1_112' title='bbox 1002 1649 1305 1728; x_wconf 69' lang='grc' dir='ltr'><strong><em>ἐδυνάμην</em></strong></span> <span class='ocrx_word' id='word_1_113' title='bbox 1352 1655 1448 1716; x_wconf 86' lang='lat' dir='ltr'>est</span> <span class='ocrx_word' id='word_1_114' title='bbox 1494 1672 1612 1714; x_wconf 75' lang='lat' dir='ltr'>non</span> <span class='ocrx_word' id='word_1_115' title='bbox 1647 1649 1987 1733; x_wconf 57' lang='lat' dir='ltr'>potamau.</span> <span class='ocrx_word' id='word_1_116' title='bbox 2062 1648 2236 1738; x_wconf 77' lang='lat' dir='ltr'>Ergo</span> <span class='ocrx_word' id='word_1_117' title='bbox 2279 1655 2508 1736; x_wconf 81' lang='lat' dir='ltr'>potest.</span> <span class='ocrx_word' id='word_1_118' title='bbox 2584 1649 2709 1718; x_wconf 82' lang='lat' dir='ltr'>Sed</span> 
     </span>
     <span class='ocr_line' id='line_1_14' title="bbox 322 1754 2707 1847; baseline 0 -24"><span class='ocrx_word' id='word_1_119' title='bbox 322 1759 620 1847; x_wconf 88' lang='lat' dir='ltr'>quoniam</span> <span class='ocrx_word' id='word_1_120' title='bbox 680 1755 868 1842; x_wconf 88' lang='lat' dir='ltr'>plane</span> <span class='ocrx_word' id='word_1_121' title='bbox 929 1757 1317 1821; x_wconf 89' lang='lat' dir='ltr'>contrarium</span> <span class='ocrx_word' id='word_1_122' title='bbox 1369 1756 1640 1822; x_wconf 89' lang='lat' dir='ltr'>scribere</span> <span class='ocrx_word' id='word_1_123' title='bbox 1684 1754 1896 1821; x_wconf 84' lang='lat' dir='ltr'>voluit</span> <span class='ocrx_word' id='word_1_124' title='bbox 1938 1755 2281 1821; x_wconf 87' lang='lat' dir='ltr'>reddamus</span> <span class='ocrx_word' id='word_1_125' title='bbox 2327 1755 2427 1822; x_wconf 88' lang='lat' dir='ltr'>illi</span> <span class='ocrx_word' id='word_1_126' title='bbox 2475 1778 2671 1823; x_wconf 91' lang='lat' dir='ltr'>suum</span> <span class='ocrx_word' id='word_1_127' title='bbox 2689 1805 2707 1834; x_wconf 90' lang='lat'><strong>,</strong></span> 
     </span>
     <span class='ocr_line' id='line_1_15' title="bbox 321 1858 2712 1941; baseline 0 -11"><span class='ocrx_word' id='word_1_128' title='bbox 321 1866 426 1930; x_wconf 78' lang='grc' dir='ltr'>οὐκ</span> <span class='ocrx_word' id='word_1_129' title='bbox 489 1863 565 1930; x_wconf 75' lang='grc' dir='ltr'><strong><em>ἂν</em></strong></span> <span class='ocrx_word' id='word_1_130' title='bbox 625 1862 937 1938; x_wconf 74' lang='grc' dir='ltr'><strong><em>δυναίμην.</em></strong></span> <span class='ocrx_word' id='word_1_131' title='bbox 1011 1859 1169 1927; x_wconf 81' lang='lat' dir='ltr'>Mox</span> <span class='ocrx_word' id='word_1_132' title='bbox 1215 1863 1281 1925; x_wconf 92' lang='lat' dir='ltr'>in</span> <span class='ocrx_word' id='word_1_133' title='bbox 1327 1867 1444 1926; x_wconf 79' lang='grc' dir='ltr'><strong><em>τῶν</em></strong></span> <span class='ocrx_word' id='word_1_134' title='bbox 1491 1862 1546 1926; x_wconf 80' lang='grc' dir='ltr'>δ’</span> <span class='ocrx_word' id='word_1_135' title='bbox 1594 1858 1673 1926; x_wconf 82' lang='grc' dir='ltr'>αὖ</span> <span class='ocrx_word' id='word_1_136' title='bbox 1719 1860 1819 1925; x_wconf 73' lang='grc' dir='ltr'>διὰ</span> <span class='ocrx_word' id='word_1_137' title='bbox 1869 1860 1938 1924; x_wconf 81' lang='grc' dir='ltr'>τὸ</span> <span class='ocrx_word' id='word_1_138' title='bbox 1986 1861 2343 1941; x_wconf 72' lang='grc' dir='ltr'><strong><em>ἀνθρώπειον</em></strong></span> <span class='ocrx_word' id='word_1_139' title='bbox 2389 1863 2712 1941; x_wconf 78' lang='grc' dir='ltr'><strong><em>κομπῶδες</em></strong></span> 
     </span>
     <span class='ocr_line' id='line_1_16' title="bbox 319 1967 2710 2042; baseline -0.001 -6"><span class='ocrx_word' id='word_1_140' title='bbox 319 1975 379 2042; x_wconf 82' lang='grc' dir='ltr'>ἐς</span> <span class='ocrx_word' id='word_1_141' title='bbox 419 1971 505 2036; x_wconf 72' lang='grc' dir='ltr'>τὰ</span> <span class='ocrx_word' id='word_1_142' title='bbox 544 1973 736 2036; x_wconf 79' lang='grc' dir='ltr'><strong><em>οἰκεῖα</em></strong></span> <span class='ocrx_word' id='word_1_143' title='bbox 778 1968 978 2042; x_wconf 73' lang='grc' dir='ltr'><strong><em>πλήθη</em></strong></span> <span class='ocrx_word' id='word_1_144' title='bbox 1021 1969 1297 2041; x_wconf 76' lang='grc' dir='ltr'><strong><em>ἦπιςεῖτο</em></strong></span> <span class='ocrx_word' id='word_1_145' title='bbox 1316 2019 1330 2038; x_wconf 85' lang='grc'><strong>.</strong></span> <span class='ocrx_word' id='word_1_146' title='bbox 1377 1967 1721 2035; x_wconf 88' lang='lat' dir='ltr'>delendum</span> <span class='ocrx_word' id='word_1_147' title='bbox 1760 1969 1850 2042; x_wconf 73' lang='grc' dir='ltr'>ἐς,</span> <span class='ocrx_word' id='word_1_148' title='bbox 1900 1973 1975 2033; x_wconf 89' lang='lat' dir='ltr'>ut</span> <span class='ocrx_word' id='word_1_149' title='bbox 2008 1975 2298 2035; x_wconf 80' lang='lat' dir='ltr'>servetur</span> <span class='ocrx_word' id='word_1_150' title='bbox 2334 1970 2710 2036; x_wconf 83' lang='lat' dir='ltr'>antithesis:</span> 
     </span>
     <span class='ocr_line' id='line_1_17' title="bbox 321 2074 1749 2153; baseline -0.002 -11"><span class='ocrx_word' id='word_1_151' title='bbox 321 2080 390 2142; x_wconf 81' lang='grc' dir='ltr'>τὸ</span> <span class='ocrx_word' id='word_1_152' title='bbox 433 2079 658 2150; x_wconf 75' lang='grc' dir='ltr'><strong><em>πλῆθος</em></strong></span> <span class='ocrx_word' id='word_1_153' title='bbox 706 2078 976 2153; x_wconf 80' lang='grc' dir='ltr'><strong><em>ἠγνοεῖτο</em></strong></span> <span class='ocrx_word' id='word_1_154' title='bbox 998 2078 1034 2151; x_wconf 61' lang='lat' dir='ltr'>s</span> <span class='ocrx_word' id='word_1_155' title='bbox 1063 2074 1151 2138; x_wconf 72' lang='grc' dir='ltr'>τὰ</span> <span class='ocrx_word' id='word_1_156' title='bbox 1198 2075 1400 2149; x_wconf 72' lang='grc' dir='ltr'><strong><em>πλήθη</em></strong></span> <span class='ocrx_word' id='word_1_157' title='bbox 1449 2077 1749 2149; x_wconf 73' lang='grc' dir='ltr'><strong><em>ἦπιςεῖτο.</em></strong></span> 
     </span>
    </p>

    <p class='ocr_par' dir='ltr' id='par_1_5' title="bbox 316 2178 2717 3216">
     <span class='ocr_line' id='line_1_18' title="bbox 412 2178 2715 2262; baseline 0 -15"><span class='ocrx_word' id='word_1_158' title='bbox 412 2182 488 2248; x_wconf 85' lang='lat' dir='ltr'>V.</span> <span class='ocrx_word' id='word_1_159' title='bbox 540 2181 645 2247; x_wconf 82' lang='lat'>69.</span> <span class='ocrx_word' id='word_1_160' title='bbox 711 2180 1184 2259; x_wconf 83' lang='grc' dir='ltr'><strong><em>Λακεδαιμόνιοι</em></strong></span> <span class='ocrx_word' id='word_1_161' title='bbox 1245 2181 1307 2246; x_wconf 78' lang='grc' dir='ltr'>δὲ</span> <span class='ocrx_word' id='word_1_162' title='bbox 1349 2219 1435 2231; x_wconf 90' lang='grc'>-</span> <span class='ocrx_word' id='word_1_163' title='bbox 1477 2182 1536 2247; x_wconf 80' lang='grc' dir='ltr'><strong><em>ἕν</em></strong></span> <span class='ocrx_word' id='word_1_164' title='bbox 1582 2182 1797 2262; x_wconf 83' lang='grc' dir='ltr'><strong><em>σφίσιν</em></strong></span> <span class='ocrx_word' id='word_1_165' title='bbox 1863 2184 2073 2255; x_wconf 77' lang='grc' dir='ltr'><strong><em>αὐτοῖς</em></strong></span> <span class='ocrx_word' id='word_1_166' title='bbox 2123 2178 2198 2247; x_wconf 82' lang='grc' dir='ltr'><strong><em>ὧν</em></strong></span> <span class='ocrx_word' id='word_1_167' title='bbox 2247 2185 2550 2259; x_wconf 75' lang='grc' dir='ltr'><strong><em>ἧπίςαντο</em></strong></span> <span class='ocrx_word' id='word_1_168' title='bbox 2597 2188 2715 2258; x_wconf 67' lang='grc' dir='ltr'><strong><em>τὴν</em></strong></span> 
     </span>
     <span class='ocr_line' id='line_1_19' title="bbox 322 2284 2717 2371; baseline 0.001 -16"><span class='ocrx_word' id='word_1_169' title='bbox 322 2290 772 2371; x_wconf 80' lang='grc' dir='ltr'><strong><em>παρακέλευσιν</em></strong></span> <span class='ocrx_word' id='word_1_170' title='bbox 834 2294 944 2360; x_wconf 81' lang='grc' dir='ltr'>τῆς</span> <span class='ocrx_word' id='word_1_171' title='bbox 1008 2288 1252 2364; x_wconf 72' lang='grc' dir='ltr'><strong><em>μνήμης</em></strong></span> <span class='ocrx_word' id='word_1_172' title='bbox 1309 2289 1570 2365; x_wconf 68' lang='grc' dir='ltr'><strong><em>ἀγαθοῖς</em></strong></span> <span class='ocrx_word' id='word_1_173' title='bbox 1615 2284 1777 2353; x_wconf 80' lang='grc' dir='ltr'><strong><em>οὖσιν</em></strong></span> <span class='ocrx_word' id='word_1_174' title='bbox 1823 2290 2148 2354; x_wconf 78' lang='grc' dir='ltr'><strong><em>ἐποιοῦντο.</em></strong></span> <span class='ocrx_word' id='word_1_175' title='bbox 2219 2290 2717 2357; x_wconf 80' lang='lat' dir='ltr'>Lacedaemonii</span> 
     </span>
     <span class='ocr_line' id='line_1_20' title="bbox 323 2393 2713 2480; baseline 0 -19"><span class='ocrx_word' id='word_1_176' title='bbox 323 2417 387 2461; x_wconf 90' lang='lat' dir='ltr'>se</span> <span class='ocrx_word' id='word_1_177' title='bbox 431 2397 727 2480; x_wconf 57' lang='lat' dir='ltr'>⁸invicem</span> <span class='ocrx_word' id='word_1_178' title='bbox 782 2414 1000 2459; x_wconf 87' lang='lat' dir='ltr'>earum</span> <span class='ocrx_word' id='word_1_179' title='bbox 1048 2414 1262 2460; x_wconf 90' lang='lat' dir='ltr'>rerum</span> <span class='ocrx_word' id='word_1_180' title='bbox 1309 2393 1683 2472; x_wconf 86' lang='lat' dir='ltr'>admonent,</span> <span class='ocrx_word' id='word_1_181' title='bbox 1733 2395 1800 2459; x_wconf 92' lang='lat' dir='ltr'>in</span> <span class='ocrx_word' id='word_1_182' title='bbox 1846 2396 2080 2480; x_wconf 90' lang='lat' dir='ltr'>quibus</span> <span class='ocrx_word' id='word_1_183' title='bbox 2127 2395 2431 2470; x_wconf 73' lang='grc' dir='ltr'><strong><em>ἧπίςαντο</em></strong></span> <span class='ocrx_word' id='word_1_184' title='bbox 2480 2398 2713 2475; x_wconf 73' lang='grc' dir='ltr'><strong><em>ἁγαθοὶ</em></strong></span> 
     </span>
     <span class='ocr_line' id='line_1_21' title="bbox 320 2499 2715 2579; baseline 0.001 -12"><span class='ocrx_word' id='word_1_185' title='bbox 320 2501 509 2574; x_wconf 76' lang='grc' dir='ltr'><strong><em>ὄντες.</em></strong></span> <span class='ocrx_word' id='word_1_186' title='bbox 580 2499 805 2566; x_wconf 85' lang='lat' dir='ltr'><strong>Nonne</strong></span> <span class='ocrx_word' id='word_1_187' title='bbox 866 2499 1047 2567; x_wconf 81' lang='lat' dir='ltr'>vides</span> <span class='ocrx_word' id='word_1_188' title='bbox 1093 2503 1262 2567; x_wconf 79' lang='lat' dir='ltr'>inter</span> <span class='ocrx_word' id='word_1_189' title='bbox 1307 2500 1609 2577; x_wconf 76' lang='grc' dir='ltr'><strong><em>ἠπίςαντο</em></strong></span> <span class='ocrx_word' id='word_1_190' title='bbox 1655 2505 1720 2567; x_wconf 76' lang='lat' dir='ltr'>et</span> <span class='ocrx_word' id='word_1_191' title='bbox 1764 2502 2024 2579; x_wconf 69' lang='grc' dir='ltr'><strong><em>ἀγαθοῖς</em></strong></span> <span class='ocrx_word' id='word_1_192' title='bbox 2074 2499 2201 2569; x_wconf 79' lang='grc' dir='ltr'><strong><em>οὖσι</em></strong></span> <span class='ocrx_word' id='word_1_193' title='bbox 2248 2523 2330 2569; x_wconf 89' lang='lat' dir='ltr'>ne</span> <span class='ocrx_word' id='word_1_194' title='bbox 2375 2502 2715 2570; x_wconf 68' lang='lat' dir='ltr'>litei-ulam</span> 
     </span>
     <span class='ocr_line' id='line_1_22' title="bbox 320 2606 2717 2697; baseline 0.001 -23"><span class='ocrx_word' id='word_1_195' title='bbox 320 2608 578 2697; x_wconf 89' lang='lat' dir='ltr'>quidem</span> <span class='ocrx_word' id='word_1_196' title='bbox 640 2610 777 2672; x_wconf 91' lang='lat' dir='ltr'>sine</span> <span class='ocrx_word' id='word_1_197' title='bbox 840 2608 1141 2673; x_wconf 88' lang='lat' dir='ltr'>orationis</span> <span class='ocrx_word' id='word_1_198' title='bbox 1204 2606 1435 2672; x_wconf 86' lang='lat' dir='ltr'>damno</span> <span class='ocrx_word' id='word_1_199' title='bbox 1495 2627 1676 2692; x_wconf 89' lang='lat' dir='ltr'>posse</span> <span class='ocrx_word' id='word_1_200' title='bbox 1721 2606 2154 2674; x_wconf 75' lang='lat' dir='ltr'>intercedere?</span> <span class='ocrx_word' id='word_1_201' title='bbox 2208 2608 2717 2676; x_wconf 72' lang='lat' dir='ltr'>Meminerimus</span> 
     </span>
     <span class='ocr_line' id='line_1_23' title="bbox 319 2711 2713 2800; baseline 0.001 -18"><span class='ocrx_word' id='word_1_202' title='bbox 319 2718 515 2783; x_wconf 88' lang='lat' dir='ltr'>etiam</span> <span class='ocrx_word' id='word_1_203' title='bbox 575 2712 741 2778; x_wconf 85' lang='lat' dir='ltr'>nihil</span> <span class='ocrx_word' id='word_1_204' title='bbox 802 2715 869 2777; x_wconf 96' lang='lat' dir='ltr'>in</span> <span class='ocrx_word' id='word_1_205' title='bbox 930 2713 1033 2777; x_wconf 90' lang='lat' dir='ltr'>his</span> <span class='ocrx_word' id='word_1_206' title='bbox 1103 2711 1287 2780; x_wconf 80' lang='lat' dir='ltr'>libris</span> <span class='ocrx_word' id='word_1_207' title='bbox 1357 2716 1609 2799; x_wconf 90' lang='lat' dir='ltr'>saepius</span> <span class='ocrx_word' id='word_1_208' title='bbox 1687 2716 1939 2779; x_wconf 81' lang='lat' dir='ltr'>evenire</span> <span class='ocrx_word' id='word_1_209' title='bbox 2007 2736 2201 2800; x_wconf 89' lang='lat' dir='ltr'>quam</span> <span class='ocrx_word' id='word_1_210' title='bbox 2263 2722 2340 2781; x_wconf 88' lang='lat' dir='ltr'>ut</span> <span class='ocrx_word' id='word_1_211' title='bbox 2392 2717 2713 2784; x_wconf 76' lang='lat' dir='ltr'>vocabula</span> 
     </span>
     <span class='ocr_line' id='line_1_24' title="bbox 316 2818 2713 2907; baseline 0 -18"><span class='ocrx_word' id='word_1_212' title='bbox 316 2843 435 2889; x_wconf 84' lang='lat' dir='ltr'>sua</span> <span class='ocrx_word' id='word_1_213' title='bbox 493 2821 571 2886; x_wconf 91' lang='lat' dir='ltr'>de</span> <span class='ocrx_word' id='word_1_214' title='bbox 631 2819 776 2886; x_wconf 88' lang='lat' dir='ltr'>sede</span> <span class='ocrx_word' id='word_1_215' title='bbox 836 2822 1136 2906; x_wconf 83' lang='lat' dir='ltr'>migrent.</span> <span class='ocrx_word' id='word_1_216' title='bbox 1223 2818 1416 2884; x_wconf 88' lang='lat' dir='ltr'>Velut</span> <span class='ocrx_word' id='word_1_217' title='bbox 1473 2822 1542 2884; x_wconf 92' lang='lat' dir='ltr'>in</span> <span class='ocrx_word' id='word_1_218' title='bbox 1602 2820 1722 2886; x_wconf 89' lang='lat' dir='ltr'>hoc</span> <span class='ocrx_word' id='word_1_219' title='bbox 1779 2823 1918 2904; x_wconf 92' lang='lat' dir='ltr'>ipso</span> <span class='ocrx_word' id='word_1_220' title='bbox 1967 2824 2173 2906; x_wconf 84' lang='lat' dir='ltr'>capite</span> <span class='ocrx_word' id='word_1_221' title='bbox 2192 2870 2209 2899; x_wconf 92' lang='lat'><strong>,</strong></span> <span class='ocrx_word' id='word_1_222' title='bbox 2270 2824 2342 2886; x_wconf 92' lang='lat' dir='ltr'>in</span> <span class='ocrx_word' id='word_1_223' title='bbox 2385 2843 2513 2907; x_wconf 88' lang='lat' dir='ltr'>quo</span> <span class='ocrx_word' id='word_1_224' title='bbox 2558 2826 2618 2888; x_wconf 83' lang='lat' dir='ltr'>A</span> <span class='ocrx_word' id='word_1_225' title='bbox 2650 2823 2713 2889; x_wconf 89' lang='lat' dir='ltr'>B</span> 
     </span>
     <span class='ocr_line' id='line_1_25' title="bbox 318 2925 2715 3015; baseline 0 -21"><span class='ocrx_word' id='word_1_226' title='bbox 318 2929 670 3006; x_wconf 67' lang='grc' dir='ltr'><strong><em>ἀμύνασθαι</em></strong></span> <span class='ocrx_word' id='word_1_227' title='bbox 715 2926 1018 3012; x_wconf 79' lang='lat' dir='ltr'>praebent</span> <span class='ocrx_word' id='word_1_228' title='bbox 1061 2946 1174 3011; x_wconf 88' lang='lat' dir='ltr'>pro</span> <span class='ocrx_word' id='word_1_229' title='bbox 1224 2925 1561 3005; x_wconf 71' lang='grc' dir='ltr'><strong><em>ἀνέχεσθαι</em></strong></span> <span class='ocrx_word' id='word_1_230' title='bbox 1605 2931 1668 2990; x_wconf 88' lang='lat' dir='ltr'>et</span> <span class='ocrx_word' id='word_1_231' title='bbox 1706 2928 1991 2991; x_wconf 83' lang='lat' dir='ltr'>vicissim</span> <span class='ocrx_word' id='word_1_232' title='bbox 2032 2928 2369 3008; x_wconf 68' lang='grc' dir='ltr'><strong><em>ἀνέχεσθαι</em></strong></span> <span class='ocrx_word' id='word_1_233' title='bbox 2406 2950 2520 3015; x_wconf 88' lang='lat' dir='ltr'>pro</span> <span class='ocrx_word' id='word_1_234' title='bbox 2542 2931 2715 3006; x_wconf 70' lang='grc' dir='ltr'><strong><em>ἀμύ-</em></strong></span> 
     </span>
     <span class='ocr_line' id='line_1_26' title="bbox 322 3030 2709 3120; baseline 0 -21"><span class='ocrx_word' id='word_1_235' title='bbox 322 3035 561 3100; x_wconf 89' lang='grc' dir='ltr'><strong><em>νασθαι.</em></strong></span> <span class='ocrx_word' id='word_1_236' title='bbox 633 3034 842 3120; x_wconf 80' lang='lat' dir='ltr'>Lege,</span> <span class='ocrx_word' id='word_1_237' title='bbox 889 3033 951 3095; x_wconf 79' lang='grc' dir='ltr'><strong><em>ἐν</em></strong></span> <span class='ocrx_word' id='word_1_238' title='bbox 996 3031 1211 3114; x_wconf 84' lang='grc' dir='ltr'><strong><em>σφίσιν</em></strong></span> <span class='ocrx_word' id='word_1_239' title='bbox 1254 3035 1464 3105; x_wconf 84' lang='grc' dir='ltr'><strong><em>αὐτοῖς</em></strong></span> <span class='ocrx_word' id='word_1_240' title='bbox 1513 3032 1623 3105; x_wconf 69' lang='grc' dir='ltr'><strong><em>τὴν</em></strong></span> <span class='ocrx_word' id='word_1_241' title='bbox 1669 3030 2121 3110; x_wconf 80' lang='grc' dir='ltr'><strong><em>παρακέλευσιν</em></strong></span> <span class='ocrx_word' id='word_1_242' title='bbox 2167 3039 2280 3107; x_wconf 74' lang='grc' dir='ltr'>τῆς</span> <span class='ocrx_word' id='word_1_243' title='bbox 2329 3035 2579 3113; x_wconf 74' lang='grc' dir='ltr'><strong><em>μνήμης</em></strong></span> <span class='ocrx_word' id='word_1_244' title='bbox 2627 3032 2709 3099; x_wconf 72' lang='grc' dir='ltr'><strong><em>ὧν</em></strong></span> 
     </span>
     <span class='ocr_line' id='line_1_27' title="bbox 321 3133 2663 3216; baseline -0 -10"><span class='ocrx_word' id='word_1_245' title='bbox 321 3140 620 3216; x_wconf 73' lang='grc' dir='ltr'><strong><em>ἠπίςαντο</em></strong></span> <span class='ocrx_word' id='word_1_246' title='bbox 666 3139 924 3215; x_wconf 72' lang='grc' dir='ltr'><strong><em>ἀγαθοῖς</em></strong></span> <span class='ocrx_word' id='word_1_247' title='bbox 970 3133 1131 3203; x_wconf 80' lang='grc' dir='ltr'><strong><em>οὖσιν</em></strong></span> <span class='ocrx_word' id='word_1_248' title='bbox 1176 3138 1513 3210; x_wconf 75' lang='grc' dir='ltr'><strong><em>ἐποιοῦντο,</em></strong></span> <span class='ocrx_word' id='word_1_249' title='bbox 1562 3136 1628 3201; x_wconf 91' lang='lat' dir='ltr'>h.</span> <span class='ocrx_word' id='word_1_250' title='bbox 1681 3157 1733 3202; x_wconf 86' lang='lat' dir='ltr'>e.</span> <span class='ocrx_word' id='word_1_251' title='bbox 1783 3137 2015 3202; x_wconf 83' lang='grc' dir='ltr'><strong><em>τούτων</em></strong></span> <span class='ocrx_word' id='word_1_252' title='bbox 2055 3134 2098 3203; x_wconf 78' lang='grc' dir='ltr'><em>ἃ</em></span> <span class='ocrx_word' id='word_1_253' title='bbox 2149 3141 2455 3214; x_wconf 72' lang='grc' dir='ltr'><strong><em>ἧπίςαντο</em></strong></span> <span class='ocrx_word' id='word_1_254' title='bbox 2495 3141 2562 3205; x_wconf 74' lang='grc' dir='ltr'>ἆ.</span> <span class='ocrx_word' id='word_1_255' title='bbox 2610 3143 2663 3206; x_wconf 80' lang='grc' dir='ltr'>δ.</span> 
     </span>
    </p>

    <p class='ocr_par' dir='ltr' id='par_1_6' title="bbox 319 3241 2714 4497">
     <span class='ocr_line' id='line_1_28' title="bbox 410 3241 2713 3332; baseline 0.001 -23"><span class='ocrx_word' id='word_1_256' title='bbox 410 3244 485 3309; x_wconf 84' lang='lat' dir='ltr'>V.</span> <span class='ocrx_word' id='word_1_257' title='bbox 538 3242 644 3309; x_wconf 88' lang='lat'>71.</span> <span class='ocrx_word' id='word_1_258' title='bbox 709 3243 1014 3308; x_wconf 87' lang='lat' dir='ltr'>Omnium</span> <span class='ocrx_word' id='word_1_259' title='bbox 1074 3241 1573 3328; x_wconf 79' lang='lat' dir='ltr'>pulcherrimam</span> <span class='ocrx_word' id='word_1_260' title='bbox 1633 3245 1983 3309; x_wconf 84' lang='lat' dir='ltr'>orationem</span> <span class='ocrx_word' id='word_1_261' title='bbox 2028 3264 2158 3309; x_wconf 89' lang='lat' dir='ltr'>una</span> <span class='ocrx_word' id='word_1_262' title='bbox 2199 3243 2391 3311; x_wconf 83' lang='lat' dir='ltr'>litera</span> <span class='ocrx_word' id='word_1_263' title='bbox 2430 3245 2713 3332; x_wconf 86' lang='lat' dir='ltr'>locuple-</span> 
     </span>
     <span class='ocr_line' id='line_1_29' title="bbox 323 3348 2707 3433; baseline 0 -16"><span class='ocrx_word' id='word_1_264' title='bbox 323 3359 456 3418; x_wconf 88' lang='lat' dir='ltr'>tare</span> <span class='ocrx_word' id='word_1_265' title='bbox 514 3350 739 3426; x_wconf 82' lang='lat' dir='ltr'>liceat,</span> <span class='ocrx_word' id='word_1_266' title='bbox 805 3350 906 3413; x_wconf 76' lang='grc' dir='ltr'><strong><em>καὶ</em></strong></span> <span class='ocrx_word' id='word_1_267' title='bbox 974 3350 1358 3430; x_wconf 82' lang='grc' dir='ltr'><strong><em>περιίσχουσι</em></strong></span> <span class='ocrx_word' id='word_1_268' title='bbox 1420 3349 1591 3413; x_wconf 72' lang='grc' dir='ltr'><strong><em>κατὰ</em></strong></span> <span class='ocrx_word' id='word_1_269' title='bbox 1656 3348 1726 3413; x_wconf 79' lang='grc' dir='ltr'>τὸ</span> <span class='ocrx_word' id='word_1_270' title='bbox 1774 3355 1890 3413; x_wconf 80' lang='grc' dir='ltr'><strong><em>τῶν</em></strong></span> <span class='ocrx_word' id='word_1_271' title='bbox 1940 3348 2222 3414; x_wconf 77' lang='grc' dir='ltr'><strong><em>ἐναντίων</em></strong></span> <span class='ocrx_word' id='word_1_272' title='bbox 2269 3352 2575 3429; x_wconf 78' lang='grc' dir='ltr'><strong><em>εὐώνυμον</em></strong></span> <span class='ocrx_word' id='word_1_273' title='bbox 2622 3356 2707 3433; x_wconf 59' lang='lat' dir='ltr'>‘ri-3</span> 
     </span>
     <span class='ocr_line' id='line_1_30' title="bbox 321 3453 2707 3537; baseline 0.001 -15"><span class='ocrx_word' id='word_1_274' title='bbox 321 3455 494 3537; x_wconf 71' lang='grc' dir='ltr'><strong><em>δεξιῷ</em></strong></span> <span class='ocrx_word' id='word_1_275' title='bbox 546 3456 647 3522; x_wconf 71' lang='grc' dir='ltr'>διὰ</span> <span class='ocrx_word' id='word_1_276' title='bbox 696 3457 764 3521; x_wconf 82' lang='grc' dir='ltr'>τὸ</span> <span class='ocrx_word' id='word_1_277' title='bbox 811 3454 1228 3537; x_wconf 80' lang='grc' dir='ltr'><strong><em>Φοβουμένους</em></strong></span> <span class='ocrx_word' id='word_1_278' title='bbox 1275 3454 1632 3535; x_wconf 73' lang='grc' dir='ltr'><strong><em>προςέλλειν</em></strong></span> <span class='ocrx_word' id='word_1_279' title='bbox 1679 3456 1762 3519; x_wconf 73' lang='grc' dir='ltr'>τὰ</span> <span class='ocrx_word' id='word_1_280' title='bbox 1811 3456 2029 3533; x_wconf 71' lang='grc' dir='ltr'><strong><em>γυμνὰ</em></strong></span> <span class='ocrx_word' id='word_1_281' title='bbox 2076 3453 2297 3526; x_wconf 77' lang='grc' dir='ltr'><strong><em>ἕκαςον</em></strong></span> <span class='ocrx_word' id='word_1_282' title='bbox 2338 3461 2416 3529; x_wconf 78' lang='grc' dir='ltr'>ὥς</span> <span class='ocrx_word' id='word_1_283' title='bbox 2453 3457 2707 3536; x_wconf 63' lang='lat' dir='ltr'>,cadmea</span> 
     </span>
     <span class='ocr_line' id='line_1_31' title="bbox 322 3560 2710 3645; baseline 0.002 -18"><span class='ocrx_word' id='word_1_284' title='bbox 322 3572 400 3644; x_wconf 68' lang='grc' dir='ltr'>τῇ·</span> <span class='ocrx_word' id='word_1_285' title='bbox 447 3567 552 3628; x_wconf 80' lang='grc' dir='ltr'>τοῦ</span> <span class='ocrx_word' id='word_1_286' title='bbox 600 3563 661 3626; x_wconf 75' lang='grc' dir='ltr'><strong><em>ἐν</em></strong></span> <span class='ocrx_word' id='word_1_287' title='bbox 707 3561 876 3645; x_wconf 78' lang='grc' dir='ltr'><strong><em>δεξιᾷ</em></strong></span> <span class='ocrx_word' id='word_1_288' title='bbox 925 3560 1489 3640; x_wconf 78' lang='grc' dir='ltr'><strong><em>παρατεταγμένου</em></strong></span> <span class='ocrx_word' id='word_1_289' title='bbox 1528 3563 1763 3627; x_wconf 69' lang='grc' dir='ltr'><strong><em>ἀσπίδι.</em></strong></span> <span class='ocrx_word' id='word_1_290' title='bbox 1830 3561 2092 3628; x_wconf 81' lang='lat' dir='ltr'>Scilicet</span> <span class='ocrx_word' id='word_1_291' title='bbox 2128 3584 2206 3629; x_wconf 81' lang='lat' dir='ltr'>ex</span> <span class='ocrx_word' id='word_1_292' title='bbox 2246 3585 2375 3629; x_wconf 88' lang='lat' dir='ltr'>uno</span> <span class='ocrx_word' id='word_1_293' title='bbox 2413 3565 2533 3631; x_wconf 87' lang='lat' dir='ltr'>hoc</span> <span class='ocrx_word' id='word_1_294' title='bbox 2571 3566 2710 3631; x_wconf 81' lang='lat' dir='ltr'>loco</span> 
     </span>
     <span class='ocr_line' id='line_1_32' title="bbox 321 3668 2709 3756; baseline 0 -21"><span class='ocrx_word' id='word_1_295' title='bbox 321 3669 675 3751; x_wconf 72' lang='grc' dir='ltr'><strong><em>προςέλλειν</em></strong></span> <span class='ocrx_word' id='word_1_296' title='bbox 738 3690 884 3734; x_wconf 88' lang='lat' dir='ltr'>eum</span> <span class='ocrx_word' id='word_1_297' title='bbox 943 3671 1010 3733; x_wconf 91' lang='lat' dir='ltr'>in</span> <span class='ocrx_word' id='word_1_298' title='bbox 1070 3668 1336 3735; x_wconf 91' lang='lat' dir='ltr'>modum</span> <span class='ocrx_word' id='word_1_299' title='bbox 1395 3670 1794 3752; x_wconf 87' lang='lat' dir='ltr'>interpretati</span> <span class='ocrx_word' id='word_1_300' title='bbox 1857 3673 2041 3747; x_wconf 90' lang='lat' dir='ltr'>sunt,</span> <span class='ocrx_word' id='word_1_301' title='bbox 2104 3689 2295 3754; x_wconf 91' lang='lat' dir='ltr'>quem</span> <span class='ocrx_word' id='word_1_302' title='bbox 2342 3673 2485 3756; x_wconf 88' lang='lat' dir='ltr'>ipsa</span> <span class='ocrx_word' id='word_1_303' title='bbox 2528 3672 2709 3738; x_wconf 78' lang='lat' dir='ltr'>verbi</span> 
     </span>
     <span class='ocr_line' id='line_1_33' title="bbox 322 3772 2707 3861; baseline 0 -19"><span class='ocrx_word' id='word_1_304' title='bbox 322 3777 695 3861; x_wconf 78' lang='lat' dir='ltr'>compositio</span> <span class='ocrx_word' id='word_1_305' title='bbox 756 3795 880 3840; x_wconf 91' lang='lat' dir='ltr'>non</span> <span class='ocrx_word' id='word_1_306' title='bbox 944 3777 1206 3859; x_wconf 85' lang='lat' dir='ltr'>patitur.</span> <span class='ocrx_word' id='word_1_307' title='bbox 1294 3775 1419 3839; x_wconf 83' lang='lat' dir='ltr'>Fac</span> <span class='ocrx_word' id='word_1_308' title='bbox 1476 3777 1648 3839; x_wconf 91' lang='lat' dir='ltr'>enim</span> <span class='ocrx_word' id='word_1_309' title='bbox 1705 3772 1947 3841; x_wconf 73' lang='grc' dir='ltr'><strong><em>ςέλλειν</em></strong></span> <span class='ocrx_word' id='word_1_310' title='bbox 1996 3796 2129 3841; x_wconf 85' lang='lat' dir='ltr'>esse</span> <span class='ocrx_word' id='word_1_311' title='bbox 2170 3775 2347 3840; x_wconf 89' lang='lat' dir='ltr'>idem</span> <span class='ocrx_word' id='word_1_312' title='bbox 2394 3777 2567 3861; x_wconf 91' lang='lat' dir='ltr'>quod</span> <span class='ocrx_word' id='word_1_313' title='bbox 2613 3780 2707 3843; x_wconf 80' lang='grc' dir='ltr'>τί·</span> 
     </span>
     <span class='ocr_line' id='line_1_34' title="bbox 324 3878 2707 3967; baseline 0.002 -21"><span class='ocrx_word' id='word_1_314' title='bbox 324 3883 556 3959; x_wconf 87' lang='grc' dir='ltr'><strong><em>θεσθαι,</em></strong></span> <span class='ocrx_word' id='word_1_315' title='bbox 607 3902 686 3947; x_wconf 88' lang='lat' dir='ltr'>an</span> <span class='ocrx_word' id='word_1_316' title='bbox 735 3883 932 3946; x_wconf 87' lang='lat' dir='ltr'>etiam</span> <span class='ocrx_word' id='word_1_317' title='bbox 970 3878 1083 3961; x_wconf 83' lang='grc' dir='ltr'>πρό</span> <span class='ocrx_word' id='word_1_318' title='bbox 1121 3901 1600 3967; x_wconf 81' lang='lat' dir='ltr'>nonnumquam</span> <span class='ocrx_word' id='word_1_319' title='bbox 1638 3900 1752 3966; x_wconf 93' lang='lat' dir='ltr'>pro</span> <span class='ocrx_word' id='word_1_320' title='bbox 1791 3878 2000 3944; x_wconf 79' lang='grc' dir='ltr'><strong><em>ὄπισθε</em></strong></span> <span class='ocrx_word' id='word_1_321' title='bbox 2044 3879 2343 3966; x_wconf 75' lang='lat' dir='ltr'>ponitur?</span> <span class='ocrx_word' id='word_1_322' title='bbox 2392 3881 2707 3967; x_wconf 82' lang='lat' dir='ltr'>Equidem</span> 
     </span>
     <span class='ocr_line' id='line_1_35' title="bbox 321 3986 2704 4071; baseline -0 -17"><span class='ocrx_word' id='word_1_323' title='bbox 321 3988 480 4054; x_wconf 89' lang='lat' dir='ltr'>olim</span> <span class='ocrx_word' id='word_1_324' title='bbox 524 3987 939 4054; x_wconf 87' lang='lat' dir='ltr'>coniiciebam</span> <span class='ocrx_word' id='word_1_325' title='bbox 986 3986 1335 4067; x_wconf 70' lang='grc' dir='ltr'><strong><em>προσίλλειν</em></strong></span> <span class='ocrx_word' id='word_1_326' title='bbox 1352 4035 1369 4063; x_wconf 87' lang='grc'><strong><em>,</em></strong></span> <span class='ocrx_word' id='word_1_327' title='bbox 1417 3987 1527 4053; x_wconf 92' lang='lat' dir='ltr'>sed</span> <span class='ocrx_word' id='word_1_328' title='bbox 1574 3988 1958 4071; x_wconf 84' lang='lat' dir='ltr'>comparatis</span> <span class='ocrx_word' id='word_1_329' title='bbox 2000 3986 2159 4053; x_wconf 90' lang='lat' dir='ltr'>locis</span> <span class='ocrx_word' id='word_1_330' title='bbox 2178 4034 2195 4064; x_wconf 89' lang='lat'><em>,</em></span> <span class='ocrx_word' id='word_1_331' title='bbox 2250 3988 2367 4052; x_wconf 89' lang='lat' dir='ltr'>ubi</span> <span class='ocrx_word' id='word_1_332' title='bbox 2414 3990 2704 4068; x_wconf 74' lang='grc' dir='ltr'><strong><em>προσςέλ-</em></strong></span> 
     </span>
     <span class='ocr_line' id='line_1_36' title="bbox 322 4091 2710 4179; baseline 0.002 -21"><span class='ocrx_word' id='word_1_333' title='bbox 322 4109 450 4158; x_wconf 76' lang='grc' dir='ltr'><strong><em>λειν</em></strong></span> <span class='ocrx_word' id='word_1_334' title='bbox 496 4092 859 4170; x_wconf 79' lang='lat' dir='ltr'>adhibetur,</span> <span class='ocrx_word' id='word_1_335' title='bbox 907 4092 1070 4157; x_wconf 87' lang='lat' dir='ltr'>hanc</span> <span class='ocrx_word' id='word_1_336' title='bbox 1114 4112 1333 4158; x_wconf 84' lang='lat' dir='ltr'>veram</span> <span class='ocrx_word' id='word_1_337' title='bbox 1381 4091 1722 4158; x_wconf 86' lang='lat' dir='ltr'>lectionem</span> <span class='ocrx_word' id='word_1_338' title='bbox 1777 4113 1910 4157; x_wconf 87' lang='lat' dir='ltr'>esse</span> <span class='ocrx_word' id='word_1_339' title='bbox 1957 4093 2188 4159; x_wconf 89' lang='lat' dir='ltr'>iudico.</span> <span class='ocrx_word' id='word_1_340' title='bbox 2262 4094 2456 4179; x_wconf 91' lang='lat' dir='ltr'>Apud</span> <span class='ocrx_word' id='word_1_341' title='bbox 2503 4094 2710 4162; x_wconf 85' lang='lat' dir='ltr'>Xeno-</span> 
     </span>
     <span class='ocr_line' id='line_1_37' title="bbox 320 4198 2708 4284; baseline 0.001 -20"><span class='ocrx_word' id='word_1_342' title='bbox 320 4199 627 4284; x_wconf 83' lang='lat' dir='ltr'>phontem</span> <span class='ocrx_word' id='word_1_343' title='bbox 673 4219 901 4263; x_wconf 85' lang='lat' dir='ltr'>canum</span> <span class='ocrx_word' id='word_1_344' title='bbox 939 4198 1124 4277; x_wconf 79' lang='grc' dir='ltr'><strong><em>ίσχία</em></strong></span> <span class='ocrx_word' id='word_1_345' title='bbox 1165 4198 1636 4279; x_wconf 73' lang='grc' dir='ltr'><strong><em>προσεςαλμένα</em></strong></span> <span class='ocrx_word' id='word_1_346' title='bbox 1680 4204 1829 4263; x_wconf 85' lang='lat' dir='ltr'>sunt</span> <span class='ocrx_word' id='word_1_347' title='bbox 1868 4222 2045 4263; x_wconf 65' lang='lat' dir='ltr'>comae</span> <span class='ocrx_word' id='word_1_348' title='bbox 2083 4208 2245 4263; x_wconf 70' lang='lat' dir='ltr'>arcte</span> <span class='ocrx_word' id='word_1_349' title='bbox 2284 4203 2673 4267; x_wconf 69' lang='lat' dir='ltr'>adhaerentes</span> <span class='ocrx_word' id='word_1_350' title='bbox 2692 4251 2708 4278; x_wconf 93' lang='lat'>‚</span> 
     </span>
     <span class='ocr_line' id='line_1_38' title="bbox 321 4304 2714 4390; baseline 0.003 -23"><span class='ocrx_word' id='word_1_351' title='bbox 321 4307 461 4369; x_wconf 76' lang='lat' dir='ltr'>bene</span> <span class='ocrx_word' id='word_1_352' title='bbox 506 4311 865 4385; x_wconf 73' lang='lat' dir='ltr'>compactae,</span> <span class='ocrx_word' id='word_1_353' title='bbox 915 4324 1071 4389; x_wconf 77' lang='lat' dir='ltr'>quas</span> <span class='ocrx_word' id='word_1_354' title='bbox 1115 4307 1225 4390; x_wconf 86' lang='lat' dir='ltr'>qui</span> <span class='ocrx_word' id='word_1_355' title='bbox 1272 4324 1396 4371; x_wconf 89' lang='lat' dir='ltr'>non</span> <span class='ocrx_word' id='word_1_356' title='bbox 1434 4304 1629 4371; x_wconf 84' lang='lat' dir='ltr'>habet</span> <span class='ocrx_word' id='word_1_357' title='bbox 1667 4304 1902 4383; x_wconf 80' lang='grc' dir='ltr'><strong><em>βαρέως</em></strong></span> <span class='ocrx_word' id='word_1_358' title='bbox 1947 4306 2270 4389; x_wconf 75' lang='grc' dir='ltr'><strong><em>διαφοιτᾷ.</em></strong></span> <span class='ocrx_word' id='word_1_359' title='bbox 2323 4306 2714 4374; x_wconf 75' lang='lat' dir='ltr'>Hortensius</span> 
     </span>
     <span class='ocr_line' id='line_1_39' title="bbox 319 4405 2713 4497; baseline 0.003 -25"><span class='ocrx_word' id='word_1_360' title='bbox 319 4407 484 4490; x_wconf 90' lang='lat' dir='ltr'>apud</span> <span class='ocrx_word' id='word_1_361' title='bbox 544 4405 962 4470; x_wconf 82' lang='lat' dir='ltr'>Plutarchum</span> <span class='ocrx_word' id='word_1_362' title='bbox 1026 4412 1092 4471; x_wconf 93' lang='lat' dir='ltr'>in</span> <span class='ocrx_word' id='word_1_363' title='bbox 1140 4407 1323 4494; x_wconf 80' lang='lat' dir='ltr'>Sylla</span> <span class='ocrx_word' id='word_1_364' title='bbox 1367 4412 1625 4497; x_wconf 84' lang='lat' dir='ltr'>urgenti</span> <span class='ocrx_word' id='word_1_365' title='bbox 1672 4410 1967 4476; x_wconf 88' lang='lat' dir='ltr'>Archelai</span> <span class='ocrx_word' id='word_1_366' title='bbox 2012 4415 2331 4496; x_wconf 87' lang='lat' dir='ltr'>equitatui</span> <span class='ocrx_word' id='word_1_367' title='bbox 2380 4416 2713 4495; x_wconf 72' lang='grc' dir='ltr'><strong><em>προσεςέλ-</em></strong></span> 
     </span>
    </p>
   </div>
   <div class='ocr_carea' id='block_1_3' title="bbox 2842 10 2902 420">
    <p class='ocr_par' dir='ltr' id='par_1_7' title="bbox 2741 10 2902 420">
     <span class='ocr_line' id='line_1_40' title="bbox 2842 10 2902 420; baseline 0 0"><span class='ocrx_word' id='word_1_368' title='bbox 2842 10 2902 420; x_wconf 52' lang='lat' dir='ltr'>l</span> 
     </span>
    </p>
   </div>
   <div class='ocr_carea' id='block_1_4' title="bbox 2900 2429 2902 3367">
    <p class='ocr_par' dir='ltr' id='par_1_8' title="bbox 2900 2429 2902 3367">
     <span class='ocr_line' id='line_1_41' title="bbox 2900 2429 2902 3367; baseline 0 0"><span class='ocrx_word' id='word_1_369' title='bbox 2900 2429 2902 3367; x_wconf 95' lang='lat' dir='ltr'> </span> 
     </span>
    </p>
   </div>
  </div>
 </body>
</html>
