2934 5050
311 281 449 350 288
1292 296 1718 348 rnuommm.

314 469 483 555 quod
525 469 748 549 γίγνου
794 468 1033 535 omisit.
1104 466 1472 555 Strophicos
1515 488 1739 536 versus
1783 484 2097 553 apponam
2112 510 2131 542 ,
2178 469 2255 529 ut
2297 464 2539 532 iudicet
2574 462 2703 531 lec-

315 578 418 640 tor
458 579 682 641 utrum
729 573 911 661 digni
955 575 1085 639 sint
1128 593 1403 658 quorum
1446 572 1531 638 ad
1565 593 1861 638 normam
1906 570 2093 636 alteri
2136 572 2492 657 exigantur.

768 678 950 745 ἑλλοὶ
995 702 1099 758 μοι
1145 678 1421 761 δυσμόρῳ
1467 683 1565 758 γᾶ
1609 678 1912 761 <palmam
1954 675 2173 759 τρύχει

721 785 994 867 ψψυχαν
1038 782 1183 851 τάδ’
1229 787 1282 851 εἰ
1330 792 1544 878 κακοῖς
1590 784 1763 849 κακὰ
1808 781 2118 865 noo-doen
2132 830 2152 860 ,

770 897 899 963 τοῖς
943 888 1152 955 πάλαι
1198 890 1285 956 τὰ
1332 891 1479 970 πρὸς
1525 891 1720 971 σφῷν.

313 996 374 1061 si
418 993 720 1062 hariolari
762 993 946 1073 licet,
992 993 1177 1061 credo
1222 994 1380 1060 olim
1425 994 1622 1061 fuisse
1666 1001 1777 1075 κῆρ
1821 1014 1938 1081 pro
1980 993 2241 1074 ψυχάν,
2307 997 2374 1058 et
2416 997 2701 1079 transpo-

314 1102 459 1167 sitis
501 1101 763 1167 secundi
806 1105 874 1166 et
918 1103 1097 1166 tertii
1137 1121 1359 1168 versus
1404 1101 1711 1167 extremis
1751 1099 2043 1185 partibus
2092 1096 2480 1186 legendum:

578 1215 585 1222 ’
768 1213 879 1285 κῆρ
923 1205 1052 1272 τόδ’
1099 1207 1152 1271 εἶ
1200 1213 1412 1277 κακοῖς
1459 1204 1651 1271 κακὸν
1697 1203 1768 1270 τὸ
1815 1202 1962 1284 πρὸς
2008 1204 2184 1286 σφῷν

768 1318 894 1383 τοῖς
939 1309 1149 1377 πάλαι
1195 1309 1563 1392 ξυνάψετον.

405 1417 483 1483 V.
535 1416 643 1481 10.
704 1414 733 1479 ὅ
797 1415 862 1481 δὲ
922 1417 1198 1489 οἰκούσας
1246 1416 1495 1492 ἐπῆλθε.
1567 1412 1880 1480 Minimel
1927 1412 2056 1480 Sed
2097 1418 2285 1481 antea
2327 1432 2699 1501 promus

313 1544 483 1588 nune
525 1523 903 1598 revertitur,
949 1521 1279 1596 ἐπανῆλθε.

404 1627 482 1692 V.
535 1624 641 1691 15.
687 1626 795 1691 καὶ
842 1628 961 1705 οὐχ
998 1624 1178 1704 ἧσσον
1221 1633 1348 1699 τοῖς
1396 1635 1479 1692 Λ.
1527 1624 1825 1704 ἐπιθυμία
1868 1630 1988 1689 τῶν
2032 1621 2256 1705 ἀνδρῶν
2299 1629 2419 1689 τῶν
2466 1624 2538 1691 ἐκ
2582 1632 2697 1698 τῆς

315 1733 494 1807 νήσου
540 1730 952 1809 κομίσασθαι·
1022 1727 1178 1806 ἦσαν
1227 1731 1356 1810 γὰρ
1402 1731 1453 1796 οἱ
1501 1733 1903 1811 Σπαρτιᾶται
1950 1732 2154 1795 αὐτῶν
2198 1729 2425 1811 πρῶτοί
2467 1753 2539 1794 τε
2587 1730 2697 1796 καὶ

315 1838 532 1915 ὁμοίως
577 1836 756 1917 σφίσι
804 1836 1154 1915 ξυγγενεῖς.
1204 1836 1308 1902 Ad
1351 1836 1508 1903 haee
1550 1836 1914 1903 Bekkerus:
1968 1859 2091 1914 „cm
2135 1832 2439 1912 ὃμοίοιςΡ
2497 1835 2701 1902 Recte

313 1944 624 2029 suspicari
682 1941 939 2008 videtur
995 1940 1074 2006 de
1131 1939 1589 2027 Spartanorum
1647 1941 2069 2028 optimatibus
2118 1960 2481 2008 sermonem
2523 1961 2698 2020 esse,
2774 1986 2789 1996 -

314 2048 427 2115 sed
471 2049 742 2114 orationi
785 2046 1035 2111 nullam
1076 2046 1463 2113 medicinam
1510 2046 1751 2113 attulit.
1821 2045 1979 2111 Post
2024 2045 2202 2120 νήσου
2246 2044 2440 2131 plena
2473 2045 2703 2111 distin-

314 2155 524 2220 ctione
582 2155 791 2238 posita
846 2150 1192 2238 legendum
1235 2157 1428 2236 puto:
1479 2151 1851 2229 κομίσασθαι
1899 2150 2026 2232 γὰρ
2072 2148 2337 2228 ἔμελλον
2382 2152 2435 2215 οἱ
2485 2161 2703 2231 Σπαρ-

318 2262 545 2323 τιατῶν
591 2256 815 2336 πρῶτοί
848 2279 921 2320 τε
956 2256 1064 2323 καὶ
1104 2257 1290 2333 ὁμοῖοι
1330 2256 1470 2329 τοὺς
1510 2257 1695 2337 σφίσι
1731 2255 2058 2336 ξυγγενεῖς
2081 2306 2103 2332 ,
2148 2255 2257 2323 vel
2279 2255 2497 2322 simile
2517 2255 2698 2342 quid.

241 2356 250 2364 ”
407 2361 482 2429 V.
535 2360 642 2427 16.
687 2361 1021 2439 Ἔνθυμίαν
1068 2381 1147 2427 ex
1189 2360 1308 2427 hoc
1353 2361 1494 2427 loco
1537 2367 1873 2427 mutuatus
1919 2367 2015 2427 est
2054 2360 2179 2428 Dio
2222 2358 2501 2428 Cassius.
2561 2360 2703 2427 Sei·

313 2466 468 2534 licet
511 2466 618 2533 hic
660 2471 737 2532 ut
781 2468 851 2532 in
896 2466 1085 2533 ἐποίει
1129 2486 1244 2553 pro
1289 2466 1464 2549 ἐπῄει
1484 2515 1502 2543 ,
1559 2466 1638 2534 de
1684 2485 1810 2553 quo
1855 2486 2048 2553 supra
2091 2468 2348 2555 egimus
2362 2513 2380 2543 ,
2426 2486 2701 2552 pravam

314 2573 654 2640 lectionem
713 2592 827 2657 pro
882 2572 1202 2660 elegantia
1242 2572 1491 2638 habuit.
1560 2571 1686 2636 Pro
1728 2579 1960 2651 χρῆσαι
2006 2581 2134 2645 τοῖς
2183 2571 2701 2649 Λακεδαιμονίοις

317 2679 419 2743 ἐπὶ
482 2678 642 2744 πολὺ
693 2676 847 2744 τάδε
906 2675 1367 2759 ἀφικνουμένοις
1427 2678 1730 2754 conficio,
1779 2677 1881 2742 ἐπ’
1925 2678 1992 2742 οὔ
2037 2676 2211 2744 τάδε.
2289 2677 2533 2765 Pythis
2575 2677 2701 2744 IA-

311 2783 751 2851 cedaemonios
809 2802 1210 2869 quacumque
1270 2782 1347 2848 de
1406 2803 1477 2848 re
1535 2783 1856 2849 venissent
1904 2783 2332 2849 revocandum
2377 2804 2512 2849 esse
2557 2781 2706 2849 Pli-

301 2893 703 2955 -stoanactem
759 2908 1018 2954 monere
1066 2907 1194 2953 non
1240 2886 1507 2953 destitit.
1557 2924 1646 2936 -
1690 2886 1925 2952 Veram
1970 2892 2128 2972 puto
2173 2908 2308 2953 esse
2351 2888 2701 2954 lectionem

313 3014 478 3079 quae
533 2993 722 3059 hodie
783 2992 1227 3058 circumfertur
1269 2992 1372 3058 διὰ
1418 2993 1530 3068 τὴν
1556 3029 1643 3041 --
1666 2991 1839 3070 μετὰ
1885 2990 2076 3070 δώρων
2120 2993 2415 3059 δοκοῦσαν
2459 2993 2701 3058 ἔοι-ανα-

314 3100 582 3179 χώρησιν
598 3146 618 3174 ,
681 3103 748 3164 et
795 3117 956 3184 quae
1000 3117 1040 3162 a
1081 3096 1374 3165 Bekkero
1418 3101 1857 3162 memorantur
1903 3096 2255 3175 ,,δωιιοῦσαν
2298 3097 2403 3175 Ε.,
2451 3097 2703 3171 δόκησιν

311 3226 468 3268 corr.
532 3200 694 3281 FG„
759 3201 1051 3267 δοκοῦσαν
1096 3201 1230 3267 AB.
1295 3224 1491 3266 omnes
1532 3203 1740 3266 addito
1786 3224 1897 3273 εως
1940 3209 2236 3289 tamquam
2262 3204 2481 3290 fuerit
2522 3203 2700 3277 δοκή-

311 3307 503 3382 σεως”
548 3328 627 3373 ex
670 3307 942 3373 alicuius
986 3307 1346 3372 coniectura
1389 3311 1559 3372 ortas
1602 3327 1738 3373 esse
1782 3308 1896 3393 qui
1933 3309 2003 3371 in
2039 3310 2334 3394 marg-ine
2370 3310 2700 3393 scripserit

313 3411 776 3493 δωροδοκήσεως.

405 3516 482 3581 V.
535 3513 642 3583 1¹7.
688 3515 1053 3597 παρασκευή
1098 3539 1168 3582 τε
1215 3517 1729 3598 προεπανεσείσθη
1756 3555 1842 3566 —-
1864 3519 1944 3591 ὥς
1982 3517 2086 3583 ἐπὶ
2126 3516 2477 3600 τειχισριόν.
2528 3518 2701 3599 Quo-

314 3624 491 3687 niam
549 3641 677 3687 non
743 3622 1097 3707 quemlibet
1161 3621 1519 3702 σειχισμόν,
1589 3622 1701 3689 sed
1768 3622 2199 3702 ἕτιτειχισμόν
2264 3622 2701 3690 formidabant

315 3726 763 3804 Athenienses,
809 3726 1155 3814 leg-endum
1199 3728 1277 3799 ὦς
1323 3727 1386 3801 ἐς
1433 3725 1883 3808 ἔπιτειχισμάν.
1953 3727 2081 3794 Sed
2127 3728 2284 3814 quid
2330 3735 2429 3794 est
2473 3752 2702 3809 προετ-

316 3829 676 3905 ανεσείσθηῗ
735 3842 792 3896 Π
797 3831 861 3912 ρδ
919 3836 1065 3897 ante
1120 3831 1277 3898 alias
1320 3835 1815 3918 praepositiones
1858 3853 1985 3900 non
2021 3838 2231 3919 potest
2268 3833 2459 3900 aliter
2495 3836 2703 3921 accipi

317 3958 514 4022 quam
573 3942 650 4001 ut
707 3958 845 4002 rem
889 3938 1074 4021 prius
1129 3936 1266 4003 fieri
1314 3938 1623 4017 declaret3
1673 3940 1785 4023 qui
1828 3959 2049 4004 sensus
2086 3938 2194 4003 hic
2237 3940 2515 4005 minime
2558 3959 2704 4005 con-

317 4045 514 4108 venit.
584 4038 820 4108 Contra
865 4041 1157 4123 προσείειν
1202 4048 1299 4108 est
1341 4049 1636 4108 ostentare
1651 4090 1668 4121 ,
1716 4045 1850 4109 sive
1895 4044 1965 4108 id
2010 4042 2335 4109 alliciendi
2379 4045 2519 4110 sive
2563 4044 2707 4109 abs·

319 4147 597 4213 terrendi
657 4151 868 4234 gratia
910 4147 1018 4227 fit,
1087 4155 1161 4213 ut
1203 4151 1272 4212 in
1315 4149 1454 4213 his:
1504 4150 1610 4214 οὐκ
1656 4145 1850 4213 ἄλλον
1886 4148 2030 4213 τινα
2068 4148 2447 4227 προσείοντες
2472 4148 2703 4232 Φόβον.

320 4248 396 4315 Si
438 4249 592 4336 quid
633 4250 819 4318 video
835 4301 852 4331 ,
897 4254 1177 4340 reliquae
1221 4255 1710 4339 praepositiones
1756 4273 1791 4317 e
1836 4253 2270 4341 dittographia
2309 4260 2485 4321 ortae
2522 4258 2671 4320 suut
2687 4302 2705 4331 ,

321 4353 756 4438 dittographia
800 4364 1016 4423 autem
1061 4380 1095 4424 e
1143 4379 1335 4442 prava
1382 4361 1745 4443 interpretis
1792 4358 2147 4424 sedulitate.

2854 10 2904 174 ¹1
