2934 5050
265 269 353 331 92
1238 282 1664 331 momorum.

268 452 538 539 intelligi
615 460 841 539 potest.
952 451 1361 519 Heindorlius
1423 451 1661 517 dudum
1722 450 2049 537 corrigere
2110 446 2378 525 maluit,
2449 466 2659 535 quam

265 557 521 644 vulgata
581 555 854 624 lectione
899 560 1330 644 acquiescere.
1426 555 1741 644 Equidem
1795 556 2211 644 praetulerim
2266 555 2514 641 hiemps
2558 563 2662 620 est

263 674 322 729 et
369 664 614 730 clusum
660 684 836 729 mare
881 663 1205 730 hibernum
1225 688 1248 742 ,·
1297 663 1515 729 adesse
1561 685 1681 729 non
1723 663 1946 750 potuit.

355 769 449 846 11,
499 773 576 849 6,
627 789 688 855 p.
741 774 848 836 30.
935 768 1277 857 Postquam
1339 769 1422 835 ad
1483 780 1541 834 te
1569 769 1869 856 proxime
1917 767 2178 854 scripsi,
2225 776 2436 854 postea
2482 764 2662 832 nihil

206 926 218 938 .
264 896 483 962 operae
537 875 850 960 praetium
914 875 1080 963 quod
1139 876 1222 940 od
1284 885 1342 941 te
1394 875 1808 952 scriberetur,
1853 885 1962 941 aut
2005 872 2172 962 quod
2217 873 2518 938 monitum
2563 871 2657 936 ad

263 980 541 1068 aliquem
586 980 834 1046 modum
882 982 1144 1049 iuvaret.
1242 979 1403 1047 Nam
1453 983 1554 1048 διὰ
1602 987 1719 1048 τῶν
1769 984 1970 1048 αὐτῶν
2014 984 2153 1067 sere
2199 979 2334 1045 dies
2371 978 2658 1045 tramisi-

265 1108 425 1152 mus.
520 1083 702 1151 Idem
749 1086 1060 1153 theatrum
1088 1136 1106 1165 ,
1150 1087 1320 1153 idem
1357 1087 1606 1168 odium,
1656 1088 1823 1154 idem
1869 1085 2247 1152 desiderium
2296 1096 2494 1150 tuum.

355 1191 654 1258 Forsitan
724 1191 805 1257 Μ.
875 1191 1143 1272 Caesar,
1219 1193 1398 1259 urbis
1461 1192 2079 1260 oblectamentorum
2156 1190 2317 1257 varii
2382 1190 2652 1276 generis

268 1295 477 1363 taedio
534 1294 843 1378 affectuS,
908 1299 1244 1385 scripserit
1307 1299 1477 1364 idem
1537 1299 1884 1377 theatrum,
1941 1297 2111 1364 idem
2157 1297 2418 1375 odeum,
2478 1296 2657 1363 idem

265 1401 645 1467 desiderium
707 1412 905 1468 tuum.
992 1403 1082 1469 De
1146 1403 1316 1473 Odeo
1363 1403 1445 1472 ci.
1512 1424 1675 1491 quae
1722 1403 2012 1491 disputat
2060 1400 2651 1482 FriedlaenderuS,

268 1507 756 1595 Darstelluugen
805 1508 927 1588 111,
975 1532 1037 1598 p.
1088 1514 1240 1577 254.

356 1612 455 1693 ΙΙ,
504 1617 586 1695 6,
652 1637 713 1703 p.
764 1621 874 1683 31.
975 1617 1231 1684 Caelum
1291 1615 1756 1704 neapolitanum
1807 1616 2002 1703 plane
2046 1615 2483 1695 commodum,
2537 1614 2656 1681 sed

268 1718 660 1788 veliementer
705 1722 973 1790 varium.
1071 1722 1150 1788 In
1195 1722 1465 1809 sinqulis
1510 1722 1806 1811 scripulis
1849 1722 2152 1789 horarum
2192 1721 2497 1809 friqidius
2536 1730 2653 1785 aut

269 1826 536 1913 tepidius
578 1836 688 1893 aut
733 1826 1054 1896 horridius
1096 1828 1195 1915 fit.

362 1932 570 1999 Immo
608 1953 758 2000 vero
794 1935 1125 2007 torridiusz
1173 1935 1239 2000 in
1281 1955 1457 2023 seqq.
1506 1935 1677 2002 enim
1725 1934 2058 2001 meridiem
2099 1931 2411 2000 fervidam
2440 1929 2649 1999 ruisse

271 2036 570 2125 legimus.
2426 2087 2432 2096 ι

363 2143 495 2224 ΙΙΙ,
567 2149 687 2226 12,
755 2165 814 2231 p.
882 2150 990 2213 49.
1075 2145 1236 2223 Quid
1294 2155 1384 2213 est
1426 2146 1677 2232 iqilur?
1739 2145 1904 2234 quod
1951 2166 2169 2212 verum
2213 2143 2420 2212 dicere
2466 2164 2549 2209 ex
2595 2152 2656 2209 te

270 2249 461 2317 disco.
564 2248 659 2316 Ea
697 2272 798 2315 res
843 2250 1096 2339 [verum
1139 2251 1382 2340 dicere]
1424 2273 1720 2338 prorsum
1759 2251 1882 2316 diis
1922 2250 2396 2337 hominibusque
2426 2248 2651 2314 ardua.

368 2354 610 2434 Verba,
675 2374 839 2442 quae
903 2357 1087 2423 uncis
1149 2357 1418 2434 inclusi,
1485 2356 1908 2445 expungenda
1970 2357 2312 2434 videntur,
2363 2365 2436 2422 ut
2484 2373 2653 2442 quae

273 2459 436 2528 male
483 2481 518 2528 e
563 2461 1093 2548 praecedentibus
1141 2464 1409 2552 repetita
1459 2466 1616 2532 sint.

365 2566 493 2647 ΙΙΙ,
550 2572 670 2645 15,
736 2588 796 2655 p.
850 2572 956 2635 52.
1049 2569 1283 2647 Quibus
1326 2570 1439 2636 ille
1492 2571 1563 2660 [i.
1612 2591 1666 2637 e.
1719 2569 2041 2660 Socrates]
2096 2568 2298 2635 modis
2343 2567 2652 2655 Protaqo-

268 2694 408 2738 ram
447 2684 506 2739 et
543 2672 771 2739 Polum
810 2683 869 2740 et
918 2674 1456 2762 Thrasymachum
1494 2687 1554 2743 et
1594 2675 1902 2762 sophistas
1934 2688 2165 2744 ceteros
2189 2695 2439 2741 versare
2463 2683 2656 2762 atque

267 2779 524 2845 inretire
567 2779 836 2846 solitus?

363 2884 484 2951 Pro
538 2886 738 2952 modis
784 2886 1127 2975 nescio-'an
1179 2888 1420 2954 rectius
1466 2888 1808 2975 scripseris
1852 2887 2031 2953 nodis
2081 2887 2122 2953 i.
2172 2907 2232 2954 e.
2278 2883 2656 2952 difficilibus

181 3014 187 3019 ·
267 2991 751 3078 quaestionibus
802 2991 895 3059 vel
948 2992 1596 3079 interrogationibus,
1644 2993 1880 3081 quibus
1939 2991 2310 3060 satisfacere
2368 2988 2652 3057 arduum

265 3105 386 3163 est.
434 3096 527 3163 Cf.
573 3098 738 3164 Coei.
789 3098 868 3165 ad
915 3100 1045 3166 Cic.
1096 3099 1275 3165 Fam.
1326 3103 1405 3172 8,
1464 3107 1580 3175 11,
1637 3108 1709 3166 1:
1782 3099 2031 3166 Acriter
2068 3121 2180 3165 nos
2225 3109 2368 3165 tuae
2407 3097 2651 3184 suppli·

269 3203 535 3268 cationes
572 3212 919 3283 torserunt,
968 3205 1392 3271 incideramus
1428 3205 1599 3271 enim
1639 3205 1706 3270 in
1744 3205 2068 3294 difficilem
2101 3205 2376 3278 nodum:
2426 3203 2654 3270 Iuven.

271 3306 404 3374 Sat.
451 3312 532 3386 8,
582 3313 706 3375 50:
769 3307 888 3385 Qui
931 3309 1092 3375 iuris
1138 3310 1327 3376 nodos
1372 3319 1430 3376 et
1477 3309 1687 3399 lequm
1737 3311 2094 3398 aeniqmata
2144 3310 2365 3378 solvat.

362 3412 491 3492 ΙΙΙ,
555 3417 637 3493 6,
695 3436 759 3500 p.
827 3419 933 3480 54.
1001 3412 1173 3482 Haec
1233 3437 1477 3483 mecum
1541 3416 1731 3483 anxie
1792 3416 2081 3483 volutans
2138 3415 2529 3483 inveniebam
2595 3426 2658 3481 te

271 3519 538 3585 inultum
591 3541 783 3607 supra
830 3530 1096 3587 aetatem
1145 3532 1377 3607 quanta
1433 3532 1564 3601 est,
1624 3523 1895 3590 multum
1950 3544 2140 3611 supra
2187 3533 2468 3607 tempus,
2532 3542 2658 3609 quo

269 3646 516 3711 operam
580 3625 681 3691 his
741 3625 964 3692 studiis
1017 3626 1282 3705 dedisti,
1329 3628 1602 3695 multum
1649 3630 1835 3696 etiam
1884 3649 2076 3715 supra
2121 3628 2473 3716 opinionem
2520 3649 2657 3693 me·

270 3752 407 3796 am.
572 3732 642 3797 in
688 3732 1035 3820 eloquentia
1075 3735 1479 3819 promovisse.

366 3836 485 3901 Pro
529 3848 760 3924 quanta
809 3840 1068 3925 requiro
1119 3840 1460 3926 quantula,
1531 3860 1658 3928 quo
1715 3839 1906 3908 verbo
1949 3840 2164 3927 aptius
2212 3838 2405 3907 credo
2447 3840 2659 3926 signi-

275 3939 544 4024 ficatur,
606 3942 939 4011 Caesarem
1008 3945 1325 4012 teneriore
1386 3947 1582 4013 etiem
1652 3955 1790 4014 tum
1850 3953 2060 4013 aetate
2129 3944 2349 4012 luisse.
2447 3944 2659 4013 Codex

275 4046 464 4113 habet
509 4057 811 4135 quantus,
858 4070 1007 4117 cum
1056 4059 1427 4118 correctura
1477 4065 1799 4140 quantum.

365 4153 482 4230 tv,
538 4159 614 4234 l,
685 4175 742 4242 p.
794 4160 899 4222 59.
981 4154 1207 4223 Omnes
1259 4158 1484 4226 deinde
1522 4160 1831 4247 paulatim
1880 4157 2034 4223 vitia
2080 4157 2268 4223 insita
2313 4169 2656 4233 exuerent,

273 4260 564 4326 virtutem
622 4271 1036 4341 sectarentur,
1093 4263 1467 4349 probitatem
1527 4265 1983 4337 condiscerent,-
2036 4262 2276 4348 pudore
2321 4264 2659 4349 impuden-

274 4369 444 4445 tiam,
468 4367 756 4453 obsequio
779 4368 1238 4448 contumeliam,
1264 4370 1640 4458 beniqnitate
1665 4369 2153 4436 malivolentiam
2178 4380 2660 4438 commutarent.
