2934 5050
964 306 1272 353 nucitum
1319 306 1392 352 εἰ·
1439 307 1746 353 rucuma.
2404 292 2533 354 287

169 474 439 539 matium
498 471 704 559 Epist.
771 476 835 537 7.
886 473 1007 539 vol.
1057 472 1165 539 1v.
1212 475 1294 551 2,
1357 492 1420 560 p.
1479 478 1562 540 14
1607 470 1829 549 Mart„
1879 477 2011 540 340
2062 492 2167 561 ap.
2218 473 2533 559 Mignium

170 575 355 644 habet
397 575 640 663 aliquot
689 576 1024 662 proverbia
1070 576 1307 664 quibus
1346 577 1756 664 significatur
1797 596 1994 664 prava
2033 580 2253 664 pravis
2289 581 2532 645 socian-

169 682 244 749 da
289 702 462 749 esse:
513 683 823 748 »accessit
861 681 1011 750 huic
1052 683 1325 770 patellae
1363 683 1635 769 dignum
1676 682 2098 770 operculum”
2151 680 2345 773 (εὗρεν
2372 685 2406 759 ἦ
2431 698 2531 750 λο-

167 788 288 861 πὰς
347 787 422 853 τὸ
483 788 741 875 πῶμα),
791 786 1213 874 »perforatam
1265 807 1493 855 navem
1552 786 1780 854 debilis
1825 785 2220 873 gubernator
2269 788 2533 873 regat”‚

169 912 432 958 ›caecus
479 911 702 959 caecos
744 890 939 959 ducat
981 894 1048 958 in
1084 890 1403 959 foveam.''
1453 893 1570 960 His
1594 892 1889 959 additur:
1944 891 2261 959 »similem
2291 892 2529 958 habent

163 995 334 1063 labra
390 996 759 1063 lactucam'’
820 1016 900 1063 ex
961 997 1203 1063 Lucilio
1265 1005 1600 1076 sumtum,
1671 999 1713 1062 i.
1777 1017 1837 1064 e.
1902 997 2068 1063 dura
2135 997 2315 1064 labra
2361 999 2532 1065 inve-

163 1102 347 1168 niunt
393 1100 678 1180 durum,
743 1100 955 1169 mollia
1005 1101 1194 1167 molle
1241 1102 1578 1189 pabulum,
1645 1102 1868 1169 asinus
1914 1102 2190 1168 carduos
2238 1101 2528 1169 devorat.

163 1204 254 1271 lta
292 1213 711 1292 comparatur
748 1205 1078 1273 labrorum
1116 1226 1267 1273 cum
1301 1207 1515 1293 pabuli
1541 1206 1842 1283 durities:
1893 1208 2248 1275 rusticitati
2289 1215 2533 1283 terrae,

165 1309 238 1377 de
280 1329 409 1396 qua
457 1311 882 1396 conqueritur
927 1311 1398 1399 Hieronymus,
1446 1311 1868 1379 conveniebat
1907 1314 2193 1379 rusticus
2235 1310 2534 1381 sacerdos

164 1415 530 1502 Lupicinus.
575 1418 656 1482 At
701 1417 756 1480 si
802 1416 1251 1502 proverbium,
1297 1426 1369 1484 ut
1415 1417 1718 1485 Muellero
1763 1416 2058 1497 videtur,
2109 1417 2265 1484 suit:
2312 1418 2533 1483 »simi-

162 1518 280 1585 lem
327 1519 575 1587 habent
620 1519 938 1586 lactucam
988 1519 1165 1586 labra
1213 1519 1588 1589 comedente
1629 1521 1937 1611 (dativus)
1985 1525 2164 1589 asino
2213 1522 2534 1589 carduos”

167 1624 401 1691 dictum
449 1643 581 1689 non
628 1632 727 1690 est
772 1626 838 1691 in
884 1624 1047 1692 duas
1092 1646 1198 1693 res
1242 1647 1408 1713 quae
1456 1637 1603 1713 apte
1650 1631 2142 1707 consocientur,
2192 1628 2303 1695 sed
2353 1648 2535 1695 com-

167 1738 427 1816 paratur
472 1729 805 1796 labrorum
855 1729 1232 1799 deformitas
1279 1751 1429 1799 cum
1470 1733 1766 1799 asininis,
1815 1733 1897 1800 Ut
1935 1753 2053 1799 sua
2094 1734 2189 1797 vis
2224 1734 2311 1799 sit
2333 1732 2535 1810 dicto,

169 1853 280 1901 non
341 1834 525 1901 labra
590 1854 739 1901 cum
805 1835 1041 1916 labris,
1109 1857 1228 1903 nec
1286 1837 1595 1924 pabulum
1660 1858 1809 1904 cum
1858 1836 2129 1925 pabulo,
2195 1837 2307 1904 sed
2357 1836 2537 1905 labra

169 1957 304 2006 cum
368 1939 609 2026 pabulo
654 1940 1088 2026 componenda
1136 1952 1322 2018 sunt:
1382 1944 1656 2009 similem
1702 1964 1827 2009 non
1865 1952 1964 2010 est
2011 1946 2225 2020 asino,
2278 1943 2385 2009 sed
2434 1944 2538 2009 sui

171 2042 455 2111 similem.
554 2044 824 2111 Brevius
879 2047 978 2123 id,
1042 2056 1116 2114 ut
1163 2050 1226 2113 in
1275 2047 1450 2115 dicto
1497 2050 1785 2114 omnium
1832 2050 1989 2115 trito
2036 2068 2371 2126 sermone,
2445 2051 2536 2114 si-

172 2147 540 2233 gnificatur,
587 2170 787 2237 quare
827 2151 1320 2238 explicationem
1362 2152 1611 2219 addidit
1635 2153 2099 2242 Hieronymus:
2151 2155 2372 2219 »asino
2396 2173 2534 2219 car·

174 2252 318 2321 duos
366 2254 829 2333 comedente''‚
877 2255 1133 2322 malim:
1184 2256 1301 2323 »de
1345 2259 1529 2324 asino
1576 2278 1631 2324 c.
1669 2277 1726 2324 c.
1782 2258 1894 2346 (sc.
1939 2259 2333 2341 sumtum).'’
2395 2260 2534 2340 Qua

176 2363 643 2445 opportunitate
688 2360 962 2428 Crassus
1007 2361 1367 2440 ἀγέλαστος
1415 2361 1532 2428 hoc
1580 2361 1995 2449 proverbium
2044 2363 2366 2432 audiverit
2407 2366 2535 2439 sic,

177 2473 242 2529 ut
297 2467 499 2533 risum
570 2469 630 2532 ei
678 2468 1105 2554 exprimeret,
1169 2465 1411 2535 frustra
1458 2469 1872 2555 quaerimuS,
1924 2467 2032 2535 sed
2085 2489 2207 2535 non
2258 2477 2388 2536 tam
2441 2469 2535 2536 fa-

181 2577 317 2637 tuus
365 2571 490 2638 fuit
551 2572 692 2638 sine
739 2570 934 2638 dubio
982 2571 1209 2652 homo,
1278 2581 1349 2639 ut
1408 2592 1558 2639 cum
1608 2587 1723 2659 per
1773 2582 1969 2638 totam
2021 2576 2216 2640 vitam
2268 2595 2392 2640 non
2448 2577 2536 2640 ri-

181 2674 391 2757 sisset,
463 2674 669 2744 semel
740 2677 919 2742 asino
981 2676 1282 2764 adspecto
1347 2677 1600 2744 solitam
1665 2679 2076 2744 severitatem
2139 2678 2527 2765 deponeret3

183 2777 284 2846 hoc
327 2782 744 2868 proverbium
794 2782 873 2849 de
917 2785 1099 2849 asino
1147 2791 1435 2852 sumtum
1488 2783 1577 2848 ita
1622 2790 1769 2871 apte
1817 2782 2052 2869 aliquis
2090 2803 2163 2849 eo
2204 2793 2537 2869 praesente

185 2889 540 2974 usurpavit,
622 2896 695 2953 ut
756 2887 881 2953 sihi
944 2897 1303 2975 temperare
1369 2907 1497 2953 non
1562 2898 1795 2974 posset.
1892 2888 2101 2954 Verba
2161 2886 2534 2975 Hieronymi

187 3000 344 3056 sunt:
412 2994 531 3059 »ln
601 3012 744 3060 mea
792 2995 964 3059 enim
1016 2996 1224 3081 patria
1271 2994 1662 3060 rusticitatis
1709 2993 2053 3059 vernacula
2101 2993 2270 3058 Deus
2316 3003 2540 3058 venter

187 3103 269 3161 est
309 3106 372 3163 et
420 3099 485 3163 in
535 3096 707 3164 diem
764 3099 1037 3175 vivitur:
1075 3107 1140 3166 et
1186 3100 1470 3164 sanctior
1518 3106 1617 3164 est
1664 3097 1798 3173 ille.
1849 3098 1959 3184 qui
2002 3095 2200 3163 ditior
2244 3107 2363 3164 est.
2415 3098 2529 3162 Ac-

188 3201 362 3267 cessit
420 3202 580 3270 huic
638 3202 908 3289 patellae
969 3193 1150 3270 iuxta
1216 3206 1444 3270 tritum
1504 3201 1715 3289 populi
1775 3222 2069 3268 sermone
2130 3202 2538 3288 proverbium

190 3302 436 3390 dignum
500 3306 919 3394 operculum,
983 3309 1341 3395 Lupicinus
1387 3306 1725 3386 sacerdos,
1777 3306 2131 3373 secundum
2182 3307 2341 3374 illud
2385 3327 2543 3392 quo·

192 3429 335 3494 que,
395 3412 476 3479 de
523 3432 656 3499 quo
701 3412 897 3480 semel
948 3414 1012 3479 in
1058 3415 1194 3480 vita
1239 3413 1540 3480 Crassum
1590 3413 1680 3478 ait
1731 3413 1949 3478 risisse
1996 3411 2316 3478 Lucilius:
2366 3413 2541 3477 simi·

192 3511 300 3583 lem
346 3515 585 3586 liabent
631 3517 810 3585 labra
863 3517 1180 3586 lactucam
1230 3520 1412 3585 asino
1457 3516 1732 3583 carduos
1771 3515 2167 3583 comedente.
2234 3516 2546 3583 Videlicet

197 3626 259 3684 ut
302 3622 690 3708 perforatam
733 3643 959 3691 navem
1002 3623 1229 3691 debilis
1267 3621 1663 3709 gubernator
1711 3631 1890 3708 regat
1939 3631 2004 3689 et
2043 3641 2274 3688 caecus
2322 3641 2546 3688 caecos

195 3721 372 3794 ducat
412 3729 476 3794 in
523 3727 770 3795 foveam
797 3778 816 3807 ,
875 3728 1151 3815 talisque
1195 3730 1281 3794 sit
1316 3736 1560 3803 rector,
1618 3726 1839 3813 quales
1880 3726 1971 3793 illi
2012 3728 2122 3812 qui
2159 3730 2547 3811 reguntur.’'

275 3830 572 3900 Poteram·
628 3833 813 3920 plura
879 3842 1171 3919 tangere,
1238 3831 1348 3900 sed
1411 3832 1705 3898 consulto
1765 3851 1839 3897 ea
1889 3834 2333 3917 praetermisi,
2383 3852 2548 3919 quac

205 3931 341 4001 olim
404 3957 442 4004 a
515 3958 620 4005 me
691 3945 969 4004 tractata
1016 3946 1169 4003 sunt
1219 3938 1284 4002 in
1329 3938 1807 4016 Coniectaneis,
1858 3938 1985 4003 nisi
2035 3936 2141 4002 ubi
2194 3935 2273 4003 ad
2323 3947 2547 4003 notan-

204 4034 334 4106 dam
381 4041 547 4108 hanc
596 4041 946 4109 editionem
995 4061 1255 4109 necesse
1302 4051 1461 4108 erat.
1526 4043 1667 4108 Non
1720 4043 1785 4108 in
1830 4043 2047 4108 animo
2093 4051 2269 4121 erat,
2320 4044 2374 4108 si
2425 4063 2551 4109 un-

206 4161 380 4226 quam
444 4145 524 4213 ad
583 4146 927 4214 editionem
977 4148 1445 4233 pervenissem,
1505 4148 1910 4213 coniecturas
1959 4166 1994 4212 a
2043 4166 2146 4212 me
2196 4150 2553 4234 propositas

209 4246 267 4310 in
311 4260 672 4319 contextum
715 4253 1004 4340 recipere
1050 4270 1309 4327 omnes:
1373 4271 1496 4318 non
1547 4261 1852 4337 tanquam
1906 4251 2384 4319 emendationes
2430 4251 2551 4318 du-

212 4346 302 4417 bio
374 4358 644 4427 maiores
710 4377 749 4424 a
810 4376 914 4425 me
978 4355 1501 4444 proponebantur
1564 4356 1807 4432 multa;
1898 4356 2007 4424 sed
2070 4365 2285 4424 tamen
2356 4358 2550 4422 etiam
