2934 5050
357 311 487 377 244
1157 328 1467 378 nucinum
1514 329 1587 377 nr
1636 328 1942 378 humanm.

451 503 550 569 lta
595 500 714 576 Μ.;
752 500 980 587 optimi
1027 499 1210 568 codd.
1260 500 1316 567 si
1359 500 1459 579 im
1508 508 1773 589 propter
1820 498 2011 566 Bern.
2063 505 2129 565 et
2164 498 2324 565 Gen.
2364 496 2688 587 praebentes

358 630 427 675 se
468 608 539 674 in
590 606 760 697 (add.
811 604 985 673 Harl.
1036 627 1072 673 a
1115 626 1213 694 pr.
1265 626 1353 673 m.
1405 627 1472 672 se
1515 604 1918 695 impericqu,
1964 623 2135 672 corr.
2182 604 2240 671 si
2276 603 2448 693 imp.)
2486 603 2562 672 Μ.
2598 601 2691 677 σάς

361 713 476 781 sed
525 713 699 781 nulla
748 711 1039 780 addenda
1088 721 1187 779 est
1232 711 1490 791 littera,
1542 712 1760 781 scrib.:
1935 722 1947 729 “

820 821 1009 886 cuius
1057 816 1197 886 sine
1245 818 1486 907 periclo
1533 818 1766 886 seceris
1815 817 2200 906 periculum.

457 926 551 994 lb.
593 930 715 994 30:
759 925 1103 993 -chremes
1145 928 1210 991 in
1253 925 1575 1002 medium,
1619 927 1679 993 in
1720 943 2050 991 summum
2077 910 2254 989 eii-ad
2278 921 2699 991 Demaenetus”

368 1054 597 1100 novam
648 1033 932 1099 continet
982 1031 1255 1098 sormam
1306 1029 1485 1097 verbi
1532 1032 1665 1110 ire,
1710 1049 1873 1117 quae
1921 1029 2190 1096 sortasse
2238 1049 2468 1116 magno
2510 1026 2701 1115 plausu

369 1139 728 1226 excipietur
782 1136 862 1204 ab
911 1135 1276 1203 istiusmodi
1328 1137 1828 1204 »inventorun1”
1878 1135 2294 1203 amatoribus,
2390 1133 2511 1202 Sed
2553 1130 2702 1201 codd.

368 1246 465 1311 ire
509 1245 592 1310 ad
636 1245 1032 1321 demenetus,
1085 1244 1151 1308 in
1201 1263 1328 1330 quo
1379 1242 1791 1329 transpositis
1839 1250 2094 1308 tantum
2144 1241 2385 1308 litteris
2424 1261 2575 1329 opus
2604 1245 2703 1306 est:

372 1353 555 1416 ierat.
655 1348 1078 1416 Contractum
1131 1346 1397 1436 plqperl'.
1445 1349 1607 1414 iram
1659 1368 1784 1414 non
1836 1358 1994 1435 puto
2040 1348 2391 1415 exstitisse.

466 1455 662 1521 Paulo
709 1464 851 1542 post
895 1459 1016 1521 56:
1065 1455 1237 1541 agite
1285 1454 1457 1541 agite
1504 1452 1672 1520 [urei
1718 1453 2049 1520 mendacei
2095 1454 2556 1540 argutamini.”
2627 1451 2710 1519 Ni·

373 1560 467 1627 hil
531 1559 786 1629 facilius
847 1559 1143 1627 videatur
1198 1580 1392 1646 quam
1456 1579 1535 1626 ex
1599 1558 1912 1626 librorum
1980 1559 2277 1626 lectione.
2313 1560 2587 1627 mendaci
2624 1562 2714 1624 aut

374 1667 689 1744 mendaci,
740 1685 889 1732 cum
937 1674 1249 1753 sequatur
1286 1687 1363 1741 a,
1408 1663 1689 1733 efficere:
1733 1663 2109 1732 »mendacia
2151 1665 2605 1750 argutamini”,
2637 1681 2715 1728 ea·

373 1772 520 1841 dem
566 1793 717 1840 cum
767 1771 1040 1861 synisesi
1083 1791 1212 1858 qua
1263 1768 1587 1836 »dominia
1624 1772 1892 1857 atque”‚
1936 1771 2117 1838 XIII.
2170 1775 2286 1848 14,
2330 1771 2394 1837 ia
2432 1792 2471 1836 a
2511 1778 2576 1838 ut
2606 1766 2716 1837 effi·

377 1881 555 1947 ciant
620 1897 812 1945 unam
881 1876 1213 1966 syllabam.
1310 1877 1433 1944 Sed
1502 1886 1762 1965 propter
1824 1878 2218 1944 Beruensem
2265 1896 2391 1943 uon
2441 1878 2718 1964 optimum

375 1985 615 2052 librum
666 1984 776 2071 qui
829 2003 941 2070 pro
986 1986 1195 2071 sures,
1245 1982 1413 2068 quod
1463 1984 1528 2049 in
1574 1984 1841 2071 reliquis
1888 1981 2186 2048 omnibus
2223 1968 2364 2062 est,
2407 1985 2542 2071 suri
2574 1998 2719 2069 prae·

379 2092 526 2169 bet,
593 2099 922 2177 receptum
987 2097 1085 2155 est
1146 2089 1317 2177 [urci
1371 2089 1691 2155 mendaces
1754 2087 1925 2175 quod
1985 2087 2305 2176 quomodo
2350 2089 2437 2156 M.
2488 2087 2723 2175 explicet

378 2197 679 2264 videatur
739 2193 910 2283 apud
968 2195 1205 2281 ipsum.
1305 2192 1676 2260 »Mendacia
1730 2195 2071 2279 argutari”
2119 2194 2319 2260 etiam
2371 2196 2513 2262 sine
2558 2196 2723 2260 inter·

381 2313 563 2390 prete
625 2303 784 2367 satis
847 2303 1263 2389 perspicuum
1326 2310 1449 2368 est.
1548 2298 1732 2366 Nulla
1797 2299 1916 2366 hoc
1966 2299 2105 2365 loco
2148 2310 2289 2366 erat
2330 2320 2528 2368 caiisa
2572 2318 2725 2385 repo·

382 2407 577 2474 nendi
641 2408 719 2475 ei.
815 2404 942 2472 Nec
1002 2426 1061 2473 v,
1137 2410 1263 2472 109
1325 2406 1507 2494 »quei
1567 2416 1624 2470 et
1671 2415 1938 2493 poscent
1988 2407 2204 2472 minus
2249 2414 2316 2472 et
2368 2405 2727 2494 praebebunt

383 2514 614 2581 rectiu’
666 2511 934 2590 multo”‚
988 2512 1091 2578 ubi
1142 2512 1406 2600 propius
1459 2510 1541 2578 ad
1581 2510 1778 2578 libros
1819 2512 2071 2580 accedit
2110 2521 2174 2579 et
2212 2514 2536 2579 sententia
2573 2528 2727 2599 prae·

381 2629 510 2688 stat
571 2620 682 2708 qui
727 2629 785 2685 et
830 2630 909 2685 te.
1005 2618 1179 2685 Libri
1229 2619 1467 2707 quiete,
1516 2620 1755 2685 omissa
1801 2639 1927 2686 una
1977 2630 2021 2684 t.
2117 2617 2210 2685 lb.
2270 2625 2396 2686 115
2448 2617 2731 2687 »nostreis

380 2728 628 2793 animos
690 2724 1037 2791 adtendere
1089 2725 1336 2791 dictis”
1396 2723 1564 2811 quod
1632 2724 1780 2791 libri
1841 2724 2078 2792 habent
2137 2736 2383 2792 nostros
2444 2746 2564 2792 nou
2610 2741 2734 2789 con·

385 2834 543 2900 tinet
594 2832 939 2918 vestigium
983 2828 1363 2918 diphthongi
1409 2830 1522 2898 sed
1564 2831 1791 2897 vitiose
1830 2841 2072 2897 nostros
2108 2833 2291 2898 exitu
2332 2831 2731 2899 assimilatum

382 2954 480 3006 est
543 2940 837 3027 proximo
901 2935 1223 3004 vocabulo.
1318 2936 1652 3003 Ablativus
1698 2938 1950 3003 virtulei
1997 2937 2256 3005 xxvn.
2312 2942 2400 3005 49
2451 2963 2589 2997 »-υ
2621 2934 2732 3023 pri·

383 3064 562 3110 mum
611 3063 739 3131 qua
784 3043 1053 3110 virtutei
1101 3043 1479 3110 servitutem
1529 3042 1923 3109 excluserit”
1970 3045 2215 3110 incerto
2255 3045 2497 3112 nititur
2535 3039 2731 3110 lunda·

386 3158 608 3215 mento
647 3149 853 3215 ‘unius
910 3149 1137 3226 Bern.,
1190 3149 1257 3213 in
1306 3167 1434 3234 quo
1481 3149 1808 3227 virtulem,
1857 3169 2013 3236 ergo
2068 3169 2183 3235 pro
2233 3151 2521 3219 »virtute
2562 3146 2733 3217 servi·

384 3254 637 3322 tutem”
707 3254 787 3342 (si
855 3253 1015 3320 haec
1076 3272 1225 3321 vera
1292 3253 1506 3342 lectio)
1574 3255 1924 3321 »virtutem
1991 3256 2351 3322 servitute”
2413 3259 2733 3344 scriptum,

385 3358 760 3427 confusione
805 3359 1014 3426 solita.
1110 3359 1235 3426 Nec
1284 3359 1464 3425 locus
1512 3378 1586 3425 ex
1640 3358 1720 3425 Μ.
1770 3359 2219 3429 emendatione
2266 3364 2567 3432 convenit
2607 3376 2733 3428 cum

383 3466 571 3535 Nonii
614 3465 1072 3553 explicatione:
1122 3466 1495 3545 excludere,
1546 3465 1815 3531 liberare
1866 3466 2181 3555 (revocare
2231 3467 2330 3557 B.)

479 3572 592 3642 His
650 3572 921 3659 aliisque
982 3570 1062 3638 de
1107 3591 1377 3638 numero
1424 3570 1810 3638 substractis
1859 3571 2174 3659 quaedam
2228 3582 2485 3641 tantum
2532 3573 2735 3657 exigua

385 3678 659 3764 vestigia
721 3675 1103 3765 diphthongi
1167 3686 1538 3764 supersunt.
1633 3675 1849 3743 Veluti
1916 3677 2145 3747 XXVI.
2222 3683 2308 3745 52
2380 3679 2627 3768 quidni
2681 3675 2734 3739 in

385 3783 540 3871 quid
584 3783 653 3848 πί
697 3794 756 3850 el
802 3783 993 3861 abiit,
1041 3782 1210 3871 quod
1257 3804 1334 3850 ex
1384 3781 1626 3850 unciali
1674 3783 1997 3870 scriptura
2043 3784 2106 3849 in
2160 3804 2288 3872 qua
2335 3798 2361 3852 t
2401 3795 2467 3852 et
2507 3788 2534 3852 i
2574 3779 2733 3850 facile

384 3886 874 3956 confunduntur
917 3889 1225 3974 explicari
1276 3897 1525 3975 potest3
1598 3887 2005 3976 eundemque
2049 3910 2337 3959 errorem
2387 3891 2579 3959 habes
2623 3890 2730 3955 inc.

388 3999 470 4061 77
520 3993 817 4080 quidnei?
880 4006 1088 4061 scruta
1134 3994 1415 4082 quidem,
1475 3992 1659 4060 codd.
1708 3995 1929 4081 quidni
1973 4005 2071 4075 et,
2120 4017 2293 4065 nunc
2341 4017 2378 4065 a
2427 3997 2507 4064 Μ.
2555 4000 2730 4063 muta·

383 4107 549 4166 tum.
646 4099 784 4164 Huc
853 4100 1093 4167 referas
1162 4101 1345 4167 vetite
1413 4121 1487 4168 ex
1549 4100 1784 4178 veitae,
1859 4101 2090 4169 XXVI.
2160 4107 2284 4180 793
2356 4102 2581 4170 XXVI.
2635 4100 2735 4165 26:

386 4206 644 4273 »animo
691 4206 800 4291 qui
849 4208 1185 4291 aegrotat'’
1234 4206 1383 4273 libri
1432 4227 1585 4294 que,
1640 4205 1809 4291 quod
1858 4206 2109 4274 librarii
2160 4225 2284 4276 non
2336 4208 2651 4277 dedissent
2688 4202 2733 4268 si
2832 4191 2833 4204 ¹

384 4311 493 4398 qui
533 4310 962 4385 invenissent;
1007 4331 1083 4377 ex
1133 4312 1275 4397 quei
1326 4313 1492 4378 male
1539 4309 1862 4378 intellecto
1911 4313 2120 4381 fecere
2165 4337 2304 4402 que.
2380 4316 2502 4382 Pro
2544 4311 2735 4381 simitu
2832 4291 2833 4368 Ῑ

385 4415 581 4484 XXX.
648 4420 725 4481 17
787 4415 853 4480 in
902 4414 1083 4482 Leid.
1138 4415 1492 4485 secundum
1550 4416 1629 4484 Μ.
1678 4425 1778 4485 est
1823 4418 2086 4497 simeln,
2137 4419 2311 4489 unde
2354 4420 2602 4490 simaicu
2640 4432 2730 4483 su·
