2934 5050
1243 289 1587 338 nouarum.
2477 269 2605 335 199

184 470 359 527 tum
414 458 673 547 postea?
741 461 964 527 Nonne
1009 461 1283 546 pendent
1327 461 1639 526 librorum
1687 464 2033 546 scripturae
2081 461 2159 523 ab
2208 460 2609 544 opinionibus

185 564 861 634 Grammaticorum?
924 565 1000 632 In
1043 568 1520 652 antiquissimis.
1555 565 1846 632 Platonis
1891 572 1958 632 et
2003 564 2316 631 Herodoti
2360 562 2609 632 Codici-

183 674 331 739 bus
388 675 479 746 εΞς
529 674 763 745 καλλος
806 671 1269 753 γεγραμμένοις
1316 672 1531 758 ubique
1577 671 1898 739 adverbiis
1942 673 2012 736 in
2061 669 2250 752 -τέρω
2289 676 2356 737 et
2395 670 2606 737 -τῶτω

180 780 667 865 importunum
712 777 746 845 I
790 778 1084 844 additum
1129 777 1425 843 videmus
1443 824 1460 856 ,
1510 782 1587 841 ut
1638 775 1958 844 ἀνωτάτωι
1974 827 1990 855 ,
2055 775 2366 847 {mairac
2386 827 2402 855 ,
2465 801 2605 857 πορ-

182 882 496 963 ρωτάτωι
520 935 535 962 ,
586 882 951 950 κατωτάτωι
998 884 1144 949 sim.
1239 881 1367 949 Sed
1410 903 1511 948 res
1557 884 1756 948 etiam
1804 882 2064 970 longius
2105 883 2446 971 repetenda
2490 888 2605 949 est.

184 988 535 1055 Plurimis
579 995 645 1055 et
688 990 1091 1078 gravissimis
1134 987 1391 1055 indiciis
1437 991 1594 1055 satis
1640 993 1887 1055 constat
1922 992 1994 1055 in
2028 990 2302 1057 vetustis
2339 986 2609 1054 Homeri

183 1094 401 1161 libris
417 1143 437 1174 ‚
477 1098 711 1181 quibus
749 1093 977 1162 Critici
1013 1093 1432 1161 Alexandrini
1466 1094 1816 1161 utebantur
1830 1140 1848 1173 ,
1889 1094 1960 1160 τὸ
1993 1092 2609 1175 παραγεγραμμένων

189 1201 368 1265 ἰῶτα
421 1201 553 1266 fere
597 1202 960 1286 admnsptm
1002 1222 1124 1265 non
1150 1200 1397 1287 sui-ue,
1449 1204 1516 1266 et
1559 1200 1639 1266 de
1683 1202 1992 1285 cuiusque
2035 1196 2260 1267 Critici
2293 1201 2609 1266 sententia

189 1310 503 1372 centenis
546 1306 707 1373 locis
747 1308 1148 1393 pronuntiari
1190 1306 1489 1373 videmus
1536 1310 1761 1371 utrum
1805 1306 1917 1371 σὺν
1963 1307 2048 1387 τῷ
2097 1315 2124 1371 1
2145 1354 2163 1384 ,
2211 1306 2383 1384 μετὰ
2428 1309 2534 1372 τοῦ
2579 1314 2605 1368 1

190 1410 628 1478 scribendum
676 1414 777 1478 sit
834 1434 916 1478 an
975 1411 1167 1494 χωρὶς
1229 1416 1338 1478 τοῦ
1389 1422 1453 1488 Ι,
1527 1410 1672 1478 ἄνευ
1735 1417 1843 1477 τοῦ
1905 1423 1957 1479 1.
2049 1411 2350 1481 Indicabo
2401 1432 2606 1478 unum

187 1516 436 1584 locum
498 1510 577 1583 ut
620 1517 916 1585 lacunam
958 1517 1312 1605 suppleam.
1360 1517 1443 1584 ad
1490 1516 1673 1584 Hiad.
1723 1527 1819 1584 Ω.
1872 1516 1935 1584 8.
1986 1540 2064 1584 ex
2108 1517 2475 1585 Aristarcho
2518 1517 2607 1583 af-

192 1622 454 1688 fertur:
524 1621 647 1692 ἔςιν
709 1620 806 1690 οὖν
854 1623 1055 1690 διττὸν
1099 1624 1172 1689 τὸ
1233 1626 1403 1705 ῥῆμα
1453 1622 1750 1711 (ne-11³1).
1798 1630 1865 1689 et
1907 1623 2176 1710 ΠΕΡΩ.)
2227 1624 2330 1689 κα)
2379 1625 2447 1690 τὸ
2495 1623 2609 1702 μὲν

196 1729 317 1794 σὺν
386 1730 477 1810 τῷ
525 1739 552 1795 1
602 1730 1169 1810 περισπασθήσεται
1190 1778 1207 1805 ,
1268 1730 1405 1795 imo
1465 1747 1652 1796 vero:
1716 1729 1828 1795 σὺν
1881 1731 1968 1811 τῷ
2013 1739 2040 1795 1
2090 1728 2567 1812 (βαρυνθήσεται
2586 1779 2604 1802 ,

196 1835 274 1899 τὸ
324 1835 398 1900 δὲ
449 1833 596 1901 ἄνευ
641 1841 750 1902 τοῦ
788 1843 846 1920 Ι)
884 1835 1473 1917 περισπασθήσεται.
1538 1834 1756 1902 Multa
1798 1837 2008 1923 igitur
2041 1834 2211 1921 apud
2247 1833 2606 1901 Homerum

199 1940 533 2008 vocabula
589 1963 663 2009 ea
726 1942 806 2010 de
864 1962 1055 2009 causa
1096 1940 1287 2008 hodie
1330 1942 1737 2027 primitivam
1782 1941 2057 2008 formam
2103 1942 2457 2007 amiserunt
2499 1960 2605 2005 ne-

199 2045 432 2134 glecto
489 2055 557 2114 et
617 2051 853 2115 omisso
911 2048 1264 2115 necessario
1322 2048 1496 2113 ἰῶτα.
1589 2045 1770 2113 Dabo
1827 2067 2031 2132 pauca
2089 2046 2167 2112 de
2211 2045 2473 2124 multis,
2536 2049 2605 2111 in

202 2153 451 2238 quibus
514 2153 881 2220 Bekkerum
935 2174 1141 2220 errare
1200 2152 1407 2221 video.
1500 2150 1600 2217 Ex
1659 2153 1830 2233 Τρώς
1874 2151 2188 2219 formatur
2231 2151 2434 2232 Τρωΐη
2459 2200 2476 2229 ,
2526 2172 2604 2217 ex

205 2256 377 2335 δμώς
453 2259 647 2339 Baetin
672 2310 687 2331 ,
757 2281 921 2347 quae
977 2262 1048 2326 in
1107 2260 1285 2341 Τρφῆ
1346 2263 1413 2325 et
1469 2256 1644 2340 δμῳή
1706 2258 2182 2324 contrahuntur.
2275 2257 2606 2325 Bekkerus

205 2364 455 2451 ubique
516 2365 728 2445 Τρωαί
789 2365 966 2431 dedit
1028 2369 1095 2431 et
1141 2363 1361 2444 δμωαί.
1408 2363 1542 2431 vid.
1590 2362 1908 2430 Mnemos.
1960 2363 2157 2432 1873.
2204 2385 2354 2453 pag.
2405 2362 2493 2430 54
2540 2369 2605 2429 et

210 2467 319 2535 56.
422 2470 861 2539 Admonuerat
918 2471 1324 2538 Aristarchus
1382 2470 1462 2537 ad
1525 2468 1751 2558 Odyss.
1798 2478 1881 2537 T.
1933 2470 2083 2537 121.
2143 2470 2447 2552 δμωιῶν
2491 2470 2600 2538 σὺν

210 2578 294 2657 τῷ
343 2577 507 2644 ἰῶτα
567 2579 670 2643 καὶ
737 2576 1227 2657 περισπωμένως.
1290 2574 1546 2655 θηλυκόν
1592 2575 1723 2658 γαρ
1770 2577 1917 2646 ἐςιν.
1968 2575 2156 2650 οὕτως
2203 2577 2596 2659 ’ΛρΙςαρχος.

210 2699 403 2750 nemo
460 2685 724 2771 praebet
780 2705 1021 2751 aurem.
1070 2683 1281 2766 Πρῶην
1325 2689 1426 2750 est
1465 2682 1649 2749 iliad.
1702 2691 1781 2747 0.
1832 2680 1965 2748 470
2010 2689 2076 2748 et
2143 2681 2318 2748 alibi.
2390 2681 2600 2748 analo-

212 2789 326 2874 gia
369 2796 438 2857 et
480 2790 888 2857 Aristarchus
933 2786 1131 2872 πρῴην
1178 2789 1371 2856 scribi
1414 2790 1659 2855 iubent.
1737 2788 1913 2863 Θωήν
1956 2786 2240 2876 legimus
2284 2785 2465 2853 Iliad.
2515 2796 2596 2853 N.

216 2890 370 2959 669.
419 2900 488 2961 et
532 2894 759 2984 Odyss.
808 2906 873 2960 Β.
930 2894 1060 2961 192
1105 2897 1270 2962 ratio
1318 2899 1384 2962 et
1420 2915 1576 2961 usus
1609 2895 1758 2976 θῳήν
1792 2892 2136 2979 postulant.
2185 2892 2602 2960 Archilochus

216 2998 384 3083 apud
430 3000 653 3090 Etym.
702 3009 794 3067 M.
840 3022 989 3089 pag.
1041 2999 1166 3081 26,
1219 2999 1326 3066 19.

989 3109 1067 3180 ὥς
1114 3105 1192 3172 ἄν
1231 3130 1302 3172 σε
1350 3106 1490 3180 θωΐη
1540 3105 1750 3185 λάβοι.

308 3210 494 3280 Hiad.
546 3232 606 3278 s.
658 3211 787 3278 129
831 3214 1045 3279 rident
1086 3211 1450 3279 Homerum
1487 3210 1704 3277 Zoilus
1741 3216 1807 3277 et
1844 3208 2241 3298 Chrysippus
2283 3211 2599 3280 dicentem

224 3315 278 3380 εἴ
318 3320 387 3384 κέ
434 3321 571 3385 ποθι
599 3318 754 3391 Ζεὺς
796 3327 1013 3383 Ancl
1065 3317 1246 3383 πόλιν
1289 3318 1512 3400 Τροίην
1558 3316 1991 3396 ἐξαλαπάξαι.
2084 3314 2424 3384 Soloecum
2470 3339 2603 3385 esse

223 3425 593 3508 opinantur:
641 3426 711 3490 τὸ
757 3424 884 3504 γαρ
932 3423 1154 3503 δῶσι,
1204 3423 1404 3505 Φασὶ,
1455 3423 1875 3499 πληθυντικόν.
1945 3423 2350 3490 Aristarchus
2386 3424 2604 3490 docuit

225 3529 613 3618 singularem
660 3552 794 3597 esse
839 3531 1228 3596 coniunctivi
1270 3538 1538 3596 Anlct.
1603 3528 2023 3616 Perspicuum
2063 3534 2161 3595 est
2196 3528 2345 3596 illos
2387 3539 2601 3597 Asscl

224 3630 471 3723 legisse.
540 3637 671 3703 Ubi
716 3641 812 3701 est
859 3632 1031 3710 ἦσαν.
1080 3634 1262 3701 Eiad
1314 3645 1397 3702 A.
1454 3633 1561 3700 33.
1609 3634 2015 3702 Aristarchus
2057 3636 2354 3703 emendat
2396 3637 2600 3713 ibant,

232 3735 401 3818 ἦσαν.

315 3845 495 3914 Iliad.
546 3856 620 3912 Σ.
670 3844 824 3913 40¹7.
872 3846 1142 3914 Bekker.
1194 3845 1470 3928 ζωάγρια
1520 3848 1720 3912 τίνειν.
1771 3848 1879 3913 sed
1924 3847 2092 3924 μετα
2140 3847 2211 3910 τὸ
2254 3856 2280 3910 1
2326 3847 2603 3929 ζῳαγρια

236 3949 262 4012 ὁ
306 3951 673 4035 ’Aple-amoc,-
734 3973 961 4039 nempe
1025 3951 1168 4034 ζῷον
1215 3951 1537 4022 Graecum
1587 3959 1684 4018 est
1728 3959 1792 4018 et
1837 3951 2011 4032 ζῳός,
2059 3973 2184 4018 non
2230 3958 2331 4032 (ut
2375 3951 2601 4039 vulgo)

240 4053 370 4134 ζῶον
415 4064 482 4126 et
525 4056 687 4139 (aas.
785 4058 883 4124 Ex
927 4056 1257 4126 Simonide
1311 4060 1603 4127 affertur:

819 4159 930 4229 οἷον
977 4164 1102 4231 τόδ’
1151 4166 1296 4242 ἡμῖν
1342 4166 1531 4243 θηρίον
1577 4165 1942 4244 παρέπτατο
1962 4212 1976 4236 ,

816 4273 886 4335 τὸ
934 4271 1118 4350 ζωΐων
1165 4272 1415 4339 κάκιςον
1465 4271 1720 4343 ἔκτηται
1767 4268 1923 4345 βίον.
