2934 5050
376 318 516 382 2⁷0
1181 334 1495 383 ιωιιωιι
1534 335 1607 382 ιτ
1656 334 1966 383 tantun.

374 522 519 572 sum
581 510 648 570 et
714 505 772 569 si
831 522 960 591 quo
1025 501 1311 570 folliculo
1357 502 1630 571 indutus
1677 503 1876 571 sum”
1924 502 2037 570 sed
2088 522 2259 591 »quo
2306 500 2586 568 folliculo
2629 497 2744 566 ind.

375 607 603 677 sum”.
669 607 809 675 Non
856 609 1031 676 enim
1078 608 1394 688 dubium,
1437 630 1597 677 num
1636 630 1874 698 corpus
1914 609 2163 677 babeat.
2235 607 2501 676 Scilicet
2522 605 2749 673 anima·

374 715 463 782 lia
518 735 597 781 cx
659 713 962 782 folliculis
1022 717 1349 783 exstitisse
1408 715 1594 783 iuxta
1656 736 1806 783 cum
1868 714 2339 784 recentioribus
2380 710 2752 803 physiologi·

375 820 656 889 credidit
719 829 1045 899 vetustaS‚
1095 821 1209 887 sed
1258 822 1442 908 longe
1493 821 1749 889 diversa
1798 822 2074 891 ratione.
2153 821 2526 907 »Principio
2570 834 2752 905 genus

377 928 654 996 alituum
719 927 1064 1014 variaeque
1123 926 1418 994 volucres
1476 927 1608 996 Ova
1660 926 2116 1016 relinquebant
2150 926 2453 994 exclusae
2490 932 2753 1010 tempore

381 1054 598 1112 verno,
622 1031 969 1099 Folliculos
994 1043 1065 1100 ut
1093 1053 1267 1100 nunc
1293 1036 1521 1102 teretis
1543 1043 1793 1103 aestate
1816 1035 2078 1102 cicadae
2101 1034 2384 1101 Lincunt
2406 1039 2633 1118 sponte
2653 1044 2752 1093 sua

376 1140 622 1207 victum
667 1139 999 1226 vitamque
1033 1141 1390 1226 petentes”.
1441 1141 1630 1208 Lucr.
1676 1143 1748 1207 V.
1786 1145 1944 1208 803.
1993 1138 2174 1207 Diod.
2206 1137 2335 1205 Sic.
2360 1137 2412 1204 1.
2440 1134 2754 1208 Ἰεταύτν

380 1245 446 1312 δὲ
467 1244 608 1334 (τὴν
657 1245 810 1331 γῆν)
829 1293 848 1322 ,
892 1282 986 1294 ——
1021 1242 1206 1323 ’.τῆξιν
1239 1246 1473 1325 λαβεῖν
1509 1284 1623 1324 --‚
1668 1246 1837 1334 [ml]
1872 1245 2224 1323 συνοιδῆσαί
2257 1268 2402 1312 τινα
2423 1249 2548 1310 τῶν
2587 1243 2757 1323 bn&

377 1351 554 1418 κατὰ
613 1350 882 1422 πολλοὺς
940 1350 1204 1430 τόπους,
1250 1353 1358 1418 καὶ
1405 1351 1695 1432 γενέσθαι
1742 1353 1879 1435 περὶ
1927 1353 2097 1420 αὐτὰ
2142 1348 2484 1428 σηπεδόνας
2534 1347 2753 1429 ὑμέσι

381 1463 636 1529 λεπτοῖς
701 1457 1173 1538 περιεχομένας.
1227 1493 1322 1508 —
1363 1458 1458 1525 Τὸ
1506 1457 1563 1524 δ’
1614 1456 1924 1542 ἔσχατον,
1969 1464 2090 1525 τῶν
2133 1457 2627 1540 κυοφορουμένων
2662 1455 2757 1529 τὸν

379 1562 632 1629 τελείαν
685 1559 942 1639 αὔξησιν
998 1562 1363 1643 λαβόντων,
1422 1565 1529 1629 καὶ
1592 1571 1738 1631 τῶν
1802 1564 2113 1644 ὑμένων
2171 1563 2750 1631 διακαυθέντων

378 1692 465 1734 τε
514 1669 652 1734 καὶ
698 1669 1376 1751 περιρραγέντων,
1423 1673 1782 1754 ἀναφυῆναι
1829 1669 2267 1744 παντοδαποὺς
2315 1668 2551 1744 τύπους
2590 1666 2748 1750 (qim.

381 1773 479 1840 Ex
525 1773 897 1842 istiusmodi
961 1775 1557 1864 philosophumenis
1618 1779 1868 1845 exstitit
1923 1797 2079 1844 usus
2138 1775 2440 1864 loquendi
2490 1795 2595 1863 ap.
2643 1774 2749 1841 Ar·

383 1879 529 1946 nob.
578 1879 658 1946 11.
707 1885 792 1947 ’16
842 1882 950 1945 »in
1016 1881 1410 1950 carunculae
1474 1882 1671 1950 buius
1732 1881 2061 1949 folliculo”
2125 1883 2217 1973 (in
2277 1882 2399 1948 boc
2445 1878 2749 1968 corpore).

385 1985 565 2071 Diog.
613 1985 825 2054 Laert.
874 1987 991 2054 ΙΧ.
1036 1993 1124 2053 59
1161 1989 1501 2057 morientis
1541 1988 1909 2056 Anaxarchi
1944 2008 2164 2057 vocem
2200 1986 2405 2055 refert
2440 1989 2550 2055 τὸν
2586 1993 2748 2054 ‘Aua-

382 2088 622 2173 ξάρχου
659 2093 925 2161 θύλακον
961 2095 1286 2173 πτίσσεις,
1329 2097 1439 2162 οὐκ
1468 2095 1895 2178 Ἀνάξαρχον,
1921 2116 2115 2184 quam
2159 2115 2296 2163 rem
2324 2093 2751 2161 Tertullianus

380 2197 448 2262 in
495 2197 674 2285 Apol.
739 2207 909 2267 extr.
975 2219 1293 2267 enarrans
1354 2198 1606 2268 »follis'’
1671 2201 1977 2269 vocabulo
2039 2203 2272 2269 utitur.
2364 2200 2616 2287 Corpus
2664 2202 2749 2264 est

381 2304 587 2383 follis,
644 2305 758 2393 qui
819 2308 1111 2376 animum
1169 2306 1650 2394 complectitur.
1748 2307 1955 2375 Varro
2002 2309 2067 2374 in
2116 2306 2393 2374 Tithono
2443 2313 2485 2372 4
2534 2306 2744 2372 Riese:
2858 2302 2859 2339 ⁴

387 2412 646 2478 »anima
693 2431 1075 2502 corporeum
1134 2414 1424 2480 corticem
1474 2412 1661 2481 facile
1708 2413 2086 2502 relinquit'’.
2178 2412 2439 2480 Festive
2478 2409 2753 2478 Lucilius

384 2538 552 2606 »quo
625 2516 908 2587 folliculo
969 2541 1145 2587 nunc
1204 2539 1350 2587 sum
1403 2519 1718 2588 indutus”
1780 2518 1945 2588 dixit
1995 2541 2143 2610 pro:
2205 2526 2525 2609 quantum
2589 2533 2751 2584 nunc

385 2643 566 2690 meae
615 2625 786 2692 vires
848 2628 1214 2715 patiuntur.
1312 2625 1438 2693 Sed
1491 2635 1749 2715 praeter
1804 2626 1966 2694 illud
2011 2637 2071 2693 ct
2121 2625 2464 2694 molestum
2513 2632 2613 2692 est
2658 2621 2749 2687 »si

382 2731 494 2818 qui
536 2730 773 2813 sum”;
827 2733 984 2819 quin
1027 2731 1216 2798 bomo
1265 2731 1548 2822 (aliquis)
1596 2741 1797 2810 esset..
1839 2753 2030 2800 nemo
2070 2730 2433 2800 dubitabat.
2529 2731 2748 2798 Persu-
2856 2753 2857 2756 ¹

381 2856 566 2904 asum
631 2847 733 2905 est
803 2838 960 2906 mibi
1024 2837 1344 2905 Lucilium
1409 2837 1697 2907 dedisse:
1769 2838 1947 2927 »Ego
2004 2840 2064 2905 is
2123 2840 2237 2927 qui
2299 2857 2447 2905 sum
2508 2844 2575 2903 et
2635 2851 2749 2922 quo

383 2940 734 3012 folliculo”.
827 2943 1014 3011 Nunc
1057 2953 1120 3009 ee
1165 2944 1406 3031 optime
1456 2953 1852 3032 usurpatur:

379 3048 521 3135 Ego
559 3050 617 3115 is
655 3051 768 3137 qui
809 3070 954 3117 sum
995 3058 1062 3118 et
1100 3070 1228 3137 quo
1266 3047 1551 3117 folliculo
1589 3070 1734 3117 sum
1776 3049 2048 3119 indutus
2087 3070 2299 3127 nunc,
2325 3050 2399 3115 id
2426 3051 2552 3116 non
2576 3065 2745 3136 queo.

475 3154 799 3222 Posterior
861 3176 1011 3242 pars
1073 3175 1304 3224 versus
1365 3157 1615 3223 minore
1666 3176 1826 3246 'cum
1897 3157 2256 3223 mutatione
2322 3164 2533 3244 potest
2574 3153 2749 3221 aliter

382 3259 731 3339 constitui,
801 3260 911 3328 sed
978 3262 1085 3328 vix
1145 3263 1240 3328 sic
1305 3269 1377 3328 ut
1435 3261 1693 3329 indutus
1753 3281 1945 3330 suum
2008 3271 2350 3330 accentum
2400 3260 2743 3348 legitimum
2854 3255 2855 3280 ¹

387 3364 690 3452 accipiat.
762 3366 1020 3433 comica
1067 3366 1328 3434 licentia
1379 3366 1443 3433 in
1495 3388 1607 3455 09⁰
1653 3387 1896 3434 monos.
1946 3388 2073 3436 non
2118 3376 2220 3436 est
2266 3387 2389 3436 cur
2436 3387 2475 3434 a
2524 3362 2747 3433 Lucilio

388 3467 820 3539 abiudicetur.

483 3584 593 3651 43.
644 3579 1107 3666 Fragmentum
1154 3579 1360 3646 eiecto
1403 3599 1485 3645 ne
1530 3586 1672 3666 post
1716 3579 2053 3664 suspendat
2096 3581 2193 3648 sic
2238 3579 2611 3668 legendum:

481 3686 846 3774 Suspendat
891 3705 961 3751 se
1006 3704 1089 3750 an
1136 3683 1422 3771 gladium
1476 3683 1813 3752 incumbat
1859 3686 1940 3752 ue
1987 3686 2240 3755 caelum
2291 3684 2509 3753 videat
2554 3685 2573 3708 ⁶
2603 3685 2622 3708 ⁶

386 3793 699 3861 omissum
743 3811 779 3858 a
829 3790 1114 3858 librariis
1159 3798 1274 3858 aut
1321 3790 1554 3857 Nouio:
1599 3812 1815 3878 prope.
1890 3791 2109 3861 Libri:
2166 3792 2273 3858 »in
2320 3787 2647 3879 gladium”
2686 3791 2745 3852 εἰ

389 3899 693 3974 »vivat”,
754 3894 866 3964 sed
913 3896 1118 3963 videat
1167 3896 1344 3965 Harl.
1396 3917 1496 3984 pr.
1547 3917 1640 3964 m.
1694 3898 1838 3964 Par.
1884 3898 1951 3965 C.
2025 3899 2315 3966 Acumen
2363 3897 2524 3965 dicti
2568 3892 2743 3966 tollit,

385 4002 556 4092 quod
606 4001 786 4071 dedit
831 4002 954 4080 bf..
1005 4002 1194 4070 bibat.
1261 4000 1487 4070 Obiter
1531 4001 1697 4069 addo
1744 4022 1848 4070 me
1885 4023 1950 4070 ν.
1996 4008 2083 4071 42
2128 4005 2299 4071 Aiax
2324 4002 2586 4094 (»Solus
2603 3999 2739 4068 Aiax

386 4111 516 4175 vim
567 4108 646 4175 de
702 4107 908 4175 classe
956 4107 1294 4198 probibuit·
1341 4108 1793 4200 Vulcaniam”)
1843 4119 1908 4177 et
1954 4130 2019 4178 ν.
2068 4115 2152 4177 47
2201 4109 2521 4178 Minervae
2562 4103 2742 4197 (nnec

385 4215 713 4283 Minervae
791 4216 852 4282 ei
923 4222 1340 4303 propetratur
1409 4235 1533 4303 pax
1603 4215 1772 4303 quod
1843 4216 2270 4284 Cassandram
2343 4215 2501 4284 deae
2566 4213 2742 4298 sign·

386 4319 753 4409 deripuit'')
800 4321 1175 4387 etiamnunc
1223 4322 1420 4389 tueri.

482 4431 590 4495 49.
630 4426 979 4513 coniugem
1021 4424 1416 4513 infidamque
1441 4425 1726 4495 flacitam
1752 4427 2102 4509 familiam,
2149 4429 2452 4519 inpuram
2476 4427 2734 4496 domum.
