2934 5050
1127 333 1555 382 maman.
2092 390 2097 395 ,
2406 312 2536 379 225

159 506 358 573 soluta
403 527 527 574 non
576 512 672 574 est
687 554 706 586 ,
768 505 880 573 sed
923 512 1141 572 tamen
1188 525 1388 592 pauca
1432 505 1745 592 quaedam
1793 508 2003 592 capita
2017 553 2034 583 ,
2091 506 2304 590 priora
2346 523 2528 589 prae·

158 614 367 679 sertim
384 662 402 692 ,
476 619 729 680 tantum
798 632 923 679 non
989 613 1267 699 perfecta
1327 618 1511 690 sunt;
1585 611 1713 678 alia
1772 612 1992 678 affecta
2051 615 2201 677 sunt
2258 609 2530 675 necdum

155 719 489 805 perpolita5
554 723 624 785 in
671 718 816 786 aliis
864 718 960 784 nil
1007 721 1134 784 nisi
1180 720 1391 805 prima
1435 716 1823 783 lineamenta
1868 718 2152 783 invenire
2194 716 2378 801 potui
2420 734 2534 800 per

157 828 630 893 commentarios
691 826 990 911 dispersa.
1086 822 1322 890 Sedulo
1384 822 1616 890 videbo
1634 872 1651 901 ‚
1719 843 1799 889 an
1857 843 1935 887 ex
1978 823 2104 888 ista
2148 818 2529 886 Therbeckii

155 928 295 998 Vita
337 931 649 1018 quaedam
689 952 839 998 cum
878 930 1268 997 nostratibus
1308 931 1552 1015 possint
1592 929 2049 995 communicari
2086 932 2152 993 et
2181 945 2360 1013 spero
2398 924 2530 991 fore

154 1042 224 1102 ut
281 1036 393 1103 alii
407 1086 426 1116 ,
490 1039 602 1124 qui
662 1036 740 1103 de
800 1034 1113 1123 ejusmodi
1176 1040 1558 1123 argumento
1617 1035 1854 1099 rectius
1897 1033 2183 1120 judicare
2227 1036 2526 1118 possunt,

155 1161 336 1227 quam
395 1143 562 1208 mihi
607 1142 833 1209 datum
881 1148 978 1207 est
992 1190 1010 1220 ,
1061 1148 1174 1208 aut
1219 1141 1526 1207 suadeant
1572 1145 1685 1206 aut
1730 1145 1897 1206 certe
1933 1160 2059 1206 non
2097 1138 2526 1214 dissuadeant,

153 1253 222 1313 ut
265 1248 558 1315 omnibus
617 1254 844 1314 notum
884 1247 1118 1314 faciam
1162 1247 1347 1312 hunc·
1381 1252 1743 1312 extremum
1788 1244 2073 1312 laborem
2087 1293 2106 1324 ‚
2170 1246 2281 1331 qui
2322 1245 2528 1309 amico

153 1374 287 1420 meo
329 1375 546 1441 reapse
592 1352 766 1435 ἔργον
811 1353 939 1419 fuit
957 1402 975 1432 ,
1033 1374 1159 1420 non
1206 1351 1530 1433 πάρεργον.
1627 1350 2010 1418 'l'horbeckii
2054 1352 2407 1439 imaginem
2451 1353 2531 1414 ut

154 1460 267 1525 rite
323 1461 618 1539 referret,
683 1479 938 1526 summo
991 1460 1164 1525 enim
1212 1479 1397 1545 opere
1439 1458 1862 1524 venerabatur
1904 1458 2124 1523 virum
2167 1455 2522 1532 Elustrem,

154 1566 324 1630 cuius
383 1566 838 1632 consuetudine
899 1568 960 1631 ei
1021 1565 1347 1631 interdum
1406 1565 1535 1629 frui
1587 1562 1775 1630 licuit
1790 1612 1807 1642 ,
1873 1561 2228 1628 contulerat
2269 1581 2525 1627 omnem

154 1669 545 1759 diligentiam
560 1720 579 1751 ,
653 1670 843 1738 fidem
865 1719 884 1751 ,
956 1674 1263 1758 pietatem
1279 1719 1297 1750 ‚
1364 1690 1583 1737 omnes
1644 1669 1838 1737 verbo
1899 1670 2099 1735 animi
2157 1669 2527 1756 ingeniique

154 1775 334 1844 dotes.
398 1777 471 1845 Si
511 1778 666 1864 quid
703 1799 849 1844 mea
883 1783 1036 1845 vota
1072 1777 1379 1843 valebunt
1396 1824 1414 1854 ,
1464 1775 1851 1842 Thorbeckii
1887 1773 2074 1840 Vitae
2111 1777 2523 1861 praemittam

152 1881 511 1951 relationem
529 1932 545 1962 ,
593 1887 663 1950 in
710 1905 836 1971 qua
879 1885 1083 1970 patrio
1130 1902 1418 1982 sermone
1465 1881 1543 1948 de
1589 1880 1849 1947 Kiehlio
1896 1901 2087 1968 agam
2132 1883 2391 1966 ejusque
2428 1880 2523 1944 vi-

152 1990 276 2052 tam
336 1990 639 2056 enarrabo
657 2038 673 2068 ,
749 1991 839 2056 sic
901 1995 979 2055 ut
1037 1994 1368 2076 appareat,
1443 2008 1629 2073 quan·
1697 1986 2040 2075 singularis
2098 1989 2165 2052 in
2213 2006 2286 2052 eo
2329 1985 2524 2051 fuerit

153 2094 359 2160 virtus.
454 2088 716 2163 Confido
764 2097 925 2163 hanc
971 2117 1226 2181 operam
1271 2093 1502 2160 multis
1552 2099 1808 2182 gratam
1852 2093 2001 2159 fore.

233 2198 485 2268 Praeter
527 2200 908 2269 'I'h0rbeckii
954 2200 1171 2267 Vitam
1222 2203 1288 2265 in
1336 2201 1588 2288 ingenti
1634 2198 1953 2287 farragine
1974 2248 1991 2277 ,
2031 2219 2178 2264 nam
2220 2196 2519 2264 Kiehlius

152 2324 221 2369 ne
276 2308 579 2374 minimas
645 2308 906 2395 quidem
974 2306 1305 2373 schedulas
1373 2308 1580 2391 perire
1642 2306 1889 2371 sinebat
1907 2353 1922 2382 ,
1993 2325 2141 2370 cum
2199 2302 2521 2390 permulta

155 2411 402 2479 scribere
434 2412 696 2491 soleret,
745 2434 860 2480 nec
898 2422 1111 2479 tamen
1148 2433 1261 2499 per
1299 2414 1510 2477 varias
1548 2417 1613 2476 et
1649 2409 2046 2497 multiplices
2082 2413 2520 2496 occupationes

156 2519 349 2585 omnia
407 2519 695 2609 digerere
737 2526 986 2607 poterat
1032 2525 1095 2586 et
1140 2516 1397 2607 singula
1442 2517 1768 2605 disponere
1786 2565 1801 2596 ,
1870 2519 1936 2582 in
1983 2516 2304 2606 indigesta
2347 2515 2518 2582 mole

154 2622 339 2710 igitur
378 2647 597 2692 rerum
642 2647 767 2692 non
810 2627 969 2691 bene
1006 2628 1374 2712 junctarum
1394 2673 1411 2703 ,
1461 2624 1895 2690 adnotationes
1942 2622 2250 2708 quasdam
2302 2624 2519 2688 inveni

157 2725 225 2792 ad
262 2750 394 2795 rem
440 2734 730 2798 criticam
775 2734 1180 2818 pertinentes.
1247 2728 1411 2795 Sunt
1451 2750 1525 2795 ea
1561 2728 2012 2795 nonnullorum
2053 2730 2515 2814 exspectatione

155 2829 392 2902 fortasse
433 2840 735 2923 pauciora
747 2859 765 2917 ς
831 2837 941 2904 sed
957 2887 974 2916 ‚
1038 2836 1282 2921 aliquot
1326 2838 1506 2902 annis
1551 2841 1889 2922 postquam
1934 2834 2349 2900 Daventriam
2391 2836 2511 2899 mi·

156 2941 348 3023 gravit
367 2992 383 3015 ,
429 2942 512 3008 ad
557 2941 686 3009 alia
729 2964 864 3010 sese
910 2943 1124 3008 studia
1168 2944 1581 3028 potissimum
1630 2943 1942 3007 convertit
1978 2959 2243 3025 raroque
2276 2941 2336 3005 ei
2374 2959 2513 3005 con—

156 3062 377 3111 cessum
413 3047 543 3113 fuit
561 3096 577 3126 ,
621 3054 697 3113 ut
737 3049 815 3115 ad
854 3053 1100 3115 veteres
1139 3068 1285 3113 suas
1324 3047 1586 3115 delicias
1607 3051 2050 3113 reverteretur.
2102 3045 2275 3126 Quae
2297 3051 2514 3111 autem

157 3145 294 3214 olim
352 3151 719 3220 adulescens
779 3156 1143 3221 observarat
1159 3202 1177 3231 ,
1240 3175 1314 3219 ea
1374 3160 1630 3220 tantum
1674 3174 1797 3219 non
1841 3154 2057 3218 omnia
2099 3149 2404 3238 leguntur
2447 3153 2515 3215 in

155 3256 444 3337 prioribus
505 3259 697 3345 hujus
752 3260 1207 3348 Mnemosynes
1249 3257 1709 3326 voluminibus.
1783 3257 1853 3324 Si
1901 3276 2062 3342 quae
2106 3261 2321 3321 tamen
2366 3262 2514 3321 sunt

156 3356 331 3428 bonae
374 3364 848 3433 emendationes
908 3366 1217 3443 ineditae,
1282 3386 1386 3431 eas
1418 3368 1557 3451 jam
1605 3365 1957 3431 describam
1975 3411 1992 3440 ,
2056 3368 2132 3427 ut
2174 3362 2242 3426 in
2289 3381 2362 3426 eo
2405 3380 2513 3447 po-

156 3465 458 3534 tissimum
507 3470 707 3538 diario
753 3471 1053 3560 legantur
1068 3520 1086 3550 ,
1136 3470 1304 3557 quod
1353 3476 1571 3536 auctor
1617 3469 1981 3537 condiderat
2027 3466 2203 3534 olim.

235 3570 437 3653 Quum
493 3577 739 3642 amicus
792 3598 976 3644 meus
1020 3598 1183 3643 anno
1232 3573 1407 3642 1870
1454 3577 1522 3640 in
1568 3574 1825 3642 Italiam
1871 3574 2267 3661 profecturus
2312 3577 2509 3650 esset,

157 3693 252 3758 per
310 3677 554 3747 litteras
612 3703 720 3748 me
778 3686 1034 3771 rogavit
1049 3732 1067 3762 ,
1132 3687 1418 3749 essentne
1479 3682 1741 3748 fortasse
1797 3679 2058 3749 Codices
2119 3677 2348 3748 Graeci
2408 3678 2514 3746 vel

158 3777 350 3849 Latini
366 3833 382 3863 ,
432 3806 587 3873 quos
631 3809 846 3855 meam
892 3792 960 3855 in
1005 3791 1287 3878 gratiam
1330 3789 1640 3873 inspicere
1682 3795 1911 3874 posset.
2007 3784 2221 3853 Simul
2270 3783 2512 3873 signifi-

159 3886 321 3953 cabat
360 3912 425 3958 se
467 3912 699 3979 paucos
744 3900 1001 3976 tantum
1045 3896 1179 3962 dies
1226 3897 1286 3961 ei
1330 3896 1425 3960 rei
1463 3894 1831 3979 impendere
1870 3915 2078 3981 posse,
2128 3895 2360 3979 quippe
2400 3895 2512 3977 qui

159 3989 405 4062 aliamm
447 4020 661 4065 rerum
708 4005 1026 4089 satageret
1071 4007 1135 4067 et
1181 4001 1355 4068 feriis
1390 4005 1679 4065 uteretur
1715 3999 2038 4086 aliquanto
2078 3998 2475 4066 brevioribus
2492 4046 2509 4077 ,

161 4115 331 4180 quam
395 4124 554 4189 quae
610 4106 1065 4192 professoribus
1123 4109 1191 4172 in
1254 4106 1617 4171 Academiis
1677 4107 1931 4172 concedi
1988 4104 2247 4171 soleant.
2318 4103 2511 4170 Venit

160 4204 305 4270 mihi
358 4214 499 4275 tum
556 4211 891 4279 Frontonis
937 4215 1003 4278 in
1047 4218 1332 4279 mentem
1353 4262 1368 4287 ,
1435 4212 1617 4276 cuius
1656 4214 1900 4299 -pagina
1948 4209 2077 4276 349
2127 4213 2194 4275 in
2241 4210 2509 4276 Ambro-

163 4308 316 4378 siano
373 4312 599 4384 Codice
662 4318 874 4407 digna·
902 4318 1070 4384 mihi
1116 4320 1256 4384 visa
1302 4324 1398 4383 est
1414 4366 1430 4395 ,
1482 4337 1640 4402 quae
1687 4319 2158 4383 accuratissime
2206 4316 2509 4383 describe·

162 4418 317 4483 retur
329 4440 344 4499 ;
389 4419 547 4490 latet
596 4425 769 4491 enim
814 4427 881 4490 in
927 4424 1133 4491 lacero
1179 4431 1244 4490 et
1299 4424 1563 4490 obscuro
1611 4422 1750 4490 loco
1786 4423 2219 4510 fragmentum
2280 4420 2473 4489 Ennii
2490 4470 2507 4500 ,

2163 4528 2220 4574 1⁶
