2934 5050
334 258 423 325 86
923 276 1271 325 1551155115
1315 275 1623 335 cumam
1668 275 1733 322 m
1780 272 2107 323 messoms

335 452 629 535 poterant
685 451 751 511 51
806 442 1027 512 015515
1087 450 1155 510 51
1206 444 1466 511 iudices.
1572 445 1836 511 Videtis:
1899 464 2045 509 eam
2089 441 2409 527 Scipionis
2450 442 2723 507 Asiatici

341 556 409 618 in
456 548 774 637 Capitolio
818 556 1100 616 5151115111
1143 550 1359 616 videre
1403 550 1649 616 iudices
1690 554 1983 634 poterant
2029 546 2336 632 quotidie.

429 655 673 722 Eodem
737 675 872 740 cap.
935 655 1037 731 X,
1099 654 1224 719 25:
1292 702 1326 730 „
1346 657 1474 719 nisi
1534 656 1849 720 dioecetes
1907 690 1992 701 -——
2052 652 2174 717 hoe
2234 653 2409 717 enim
2468 652 2729 716 nomine

341 764 552 827 utitur
596 760 703 846 qui
747 782 818 823 ea
861 759 1015 840 reqit
1060 794 1150 807 —-
1197 764 1361 824 esset
1404 757 1845 825 constitutus?

439 865 562 946 qm·
615 888 688 930 ea
729 863 885 945 reqit
929 867 1026 927 est
1067 862 1291 948 pulcra
1332 863 1661 950 Madvigii
1705 863 2068 928 coniectura
2084 906 2103 936 ,
2152 864 2337 944 capte
2382 878 2459 924 55
2504 878 2583 924 ex
2632 878 2732 923 co-

346 969 566 1035 dicum
612 966 990 1053 corruptelis
1028 970 1165 1034 sive
1208 969 1424 1052 potius
1475 966 1767 1052 reliquiis
1806 965 2208 1031 litterarum:
2257 964 2549 1048 quiores-’e
2564 1008 2589 1039 ‚
2627 952 2745 1047 qn‘

344 1075 568 1138 aritine
581 1120 600 1151 ,
662 1073 769 1158 qui
811 1095 850 1135 a
894 1093 1048 1152 reqe.
1140 1070 1216 1135 In
1258 1070 1495 1136 Philol.
1545 1070 1590 1136 1.
1640 1092 1704 1156 p.
1753 1067 1838 1135 97
1887 1068 2184 1154 equidem
2231 1068 2507 1133 conieci:
2560 1114 2597 1142 „
2621 1069 2737 1151 qui

343 1178 477 1259 γεμί
533 1184 620 1241 est
678 1199 720 1240 a
776 1173 1136 1240 reditibue.'’
1228 1174 1443 1251 Nunc,
1509 1195 1711 1259 quum
1770 1178 1840 1238 in
1906 1174 2204 1237 universa
2265 1192 2340 1236 ea
2385 1170 2735 1236 verborum

345 1282 783 1348 consecutione
828 1281 972 1344 duri
1016 1278 1259 1364 aliquid
1301 1299 1631 1367 superesse
1673 1280 1944 1344 sentiam
1964 1324 1981 1353 ‚
2023 1275 2373 1363 legendum
2412 1292 2734 1361 propono:

438 1387 605 1462 „nisi
667 1383 978 1449 dioecetes
1044 1419 1130 1432 —
1190 1382 1312 1448 hoc
1370 1385 1548 1449 enim
1605 1384 1864 1448 nomine
1922 1384 2134 1446 utitur
2190 1382 2298 1467 qui
2357 1404 2397 1445 5
2438 1382 2739 1446 reditibus

518 1494 604 1552 est
644 1524 731 1537 —
776 1511 814 1551 a
854 1510 990 1570 reye
1033 1492 1198 1554 esset
1241 1487 1686 1553 constitutus.”

440 1722 593 1812 Gap.
655 1723 804 1791 XII.
868 1727 916 1790 i.
979 1725 1023 1790 f.
1093 1774 1130 1803 ‚,
1149 1724 1283 1791 Nee
1343 1725 1510 1790 mihi
1566 1725 1827 1812 longius
1890 1724 2241 1810 quidquam
2301 1732 2399 1790 est
2414 1771 2435 1802 ,
2492 1723 2739 1790 iudica

533 1849 726 1915 quam
770 1827 986 1895 videre
1033 1829 1330 1893 bominum
1373 1828 1655 1895 vultusss'

446 1933 768 1999 Hominum
832 1935 1036 1997 vultus
1098 1935 1536 2018 vituperanter
1594 1938 1764 1998 certe
1820 1932 2069 1998 dictum
2084 1980 2103 2011 ‚
2167 1931 2277 1997 sed
2337 1932 2535 1997 nimis
2593 1933 2735 1997 uni-

353 2057 568 2116 verse3
631 2058 758 2103 non
806 2040 974 2104 enim
1024 2037 1301 2121 amplius
1345 2037 1423 2102 de
1467 2036 1913 2102 Alexandrinis
1957 2039 2025 2102 in
2070 2056 2302 2124 genere
2347 2055 2555 2102 sermo
2601 2042 2701 2101 est
2716 2093 2736 2123 ,

347 2142 464 2209 sed
512 2141 589 2207 de
634 2141 869 2227 legatis
911 2139 1062 2205 11115.
1159 2140 1365 2221 Quare
1410 2148 1690 2227 praestat
1732 2140 1984 2228 legere:

446 2294 482 2325 „
505 2245 640 2312 Nec
698 2246 866 2309 mihi
924 2244 1185 2332 longius
1239 2248 1583 2331 quicquam
1628 2250 1725 2312 est
1741 2293 1761 2324 ‚
1808 2246 2049 2312 iudices
2067 2294 2086 2324 ,
2135 2265 2333 2331 quam
2376 2243 2593 2311 videre
2638 2245 2743 2309 bn.

537 2370 670 2413 rum
712 2348 1051 2413 hominum
1095 2348 1372 2416 vultus.”
2560 2397 2567 2405 -

450 2599 607 2688 Cap,
668 2599 864 2679 XIII,
929 2600 1051 2666 36:
1104 2650 1138 2679 ,‚
1161 2624 1329 2668 nunc
1376 2603 1620 2669 scilicet
1666 2610 1924 2690 tempus
1964 2605 2223 2671 nullum
2262 2610 2380 2670 est.
2470 2602 2600 2669 Ubi
2644 2624 2739 2670 se-

535 2705 671 2771 mel
703 2710 856 2792 *quis
900 2707 1309 2791 peieraverit”
1357 2744 1443 2756 —
1490 2714 1638 2773 cett.

446 2808 844 2878 Hotomanni
905 2811 1099 2875 codex
1161 2811 1397 2876 dicitur
1452 2812 1722 2877 habere:
1766 2816 1850 2878 At
1894 2814 2008 2879 ubi
2052 2812 2326 2893 semel”;
2376 2813 2455 2879 de
2498 2816 2735 2878 coniec-

360 2918 541 2991 tura,
602 2919 678 2978 ut
721 2913 1010 2992 videtur;
1060 2915 1355 2999 equidem
1397 2921 1542 3000 post
1587 2923 1674 2980 esc
1717 2916 1947 2983 malim
1990 2919 2112 2982 sed.
2162 2954 2250 2966 --
2296 2917 2736 2984 Praecedentis

360 3019 589 3102 capitis
648 3019 835 3082 initio
896 3016 1136 3105 legitur
1200 3066 1234 3095 ,‚
1253 3019 1336 3083 Et
1394 3020 1488 3081 ait
1546 3022 1743 3088 5115111
1804 3024 2050 3087 amicus
2109 3022 2324 3087 meus”
2342 3070 2362 3101 ‚
2408 3022 2522 3088 ubi
2564 3020 2733 3086 haud
2862 3031 2863 3046 ¹

361 3121 493 3184 scio
537 3139 618 3194 an
662 3122 821 3186 item
866 3121 1211 3208 legendum
1259 3125 1344 3187 sit
1391 3123 1551 3201 „Sed
1592 3125 1684 3190 ait
1729 3127 1928 3192 5115111
1974 3127 2220 3191 amicus
2265 3125 2507 3196 meus”
2547 3126 2729 3194 Prae

364 3222 534 3292 cedit
575 3223 742 3288 solet.

455 3458 608 3548 Gap.
655 3460 841 3540 XIV,
893 3461 1014 3527 40:
1066 3512 1100 3540 „
1122 3467 1211 3530 At
1253 3472 1620 3550 permutata
1662 3467 2007 3553 aliquando
2045 3469 2316 3554 pecunia
2357 3474 2486 3545 esu
2529 3469 2731 3534 duwe

550 3587 743 3634 naves
778 3566 1076 3633 Postumi
1110 3568 1400 3636 Puteolis
1438 3577 1590 3636 sunt
1604 3619 1622 3650 ,
1666 3573 1920 3639 auditae
1957 3575 2257 3657 visaeque
2294 3593 2548 3640 merem.
2588 3569 2725 3636 Fal·

550 3670 717 3738 laces
780 3671 1040 3757 quidem
1102 3678 1167 3738 et
1224 3674 1476 3741 fucosae
1536 3676 1771 3742 chartis
1831 3682 1898 3742 et
1955 3677 2175 3742 linteis
2235 3685 2302 3744 et
2344 3680 2511 3748 vitro
2548 3683 2593 3753 †
2630 3676 2723 3739 db

554 3778 748 3842 lacae:
812 3778 1043 3860 quibus
1104 3797 1252 3842 cum
1312 3780 1557 3846 multae
1617 3801 1810 3848 naves
1868 3782 2134 3848 refertae
2187 3782 2487 3860 fuissent,
2527 3787 2571 3856 ἦ·
2606 3802 2723 3843 m

562 3901 681 3948 non
723 3883 1002 3965 patuerit
1031 3905 1249 3965 parva.
1343 3882 1646 3970 Cataplus
1687 3886 1803 3952 1115
1843 3885 2236 3953 Ρ111551511115
2249 3934 2270 3965 ,
2317 3907 2521 3954 5511115
2556 3885 2721 3950 illins

561 3988 869 4070 temporis
883 4033 903 4064 ‚
963 3991 1417 4072 vectorumque
1479 4010 1701 4056 cursus
1759 3996 1949 4075 atque
1992 3995 2334 4058 ostentatio
2349 4041 2368 4070 ,
2416 3999 2548 4058 tun
2584 3989 2717 4054 sub—

557 4092 838 4156 invisum
887 4092 1054 4176 apud
1098 4091 1445 4158 malevolos
1486 4093 1784 4162 Postumi
1827 4116 2060 4162 nomen
2094 4103 2352 4182 propter
2387 4099 2715 4183 opinionem

559 4199 860 4278 pecuniae
902 4199 1114 4261 nescio
1158 4218 1352 4282 quam
1395 4207 1673 4266 aestatem
1715 4223 1895 4265 unam
1938 4223 2058 4268 non
2084 4203 2301 4285 plures
2345 4223 2521 4270 aures
2550 4198 2715 4268 reh-

563 4300 648 4363 sit
693 4301 837 4364 istis
877 4303 1324 4368 sermonibus.”
