2934 5050
371 286 459 351 88
549 304 730 352 Lacr.
783 304 1010 360 Quaen.
1053 302 1120 350 m
1166 304 1368 351 οιοιιιι.
1416 302 1599 350 orm.
1652 301 1769 350 Ριιο
1818 300 1871 349 c.
1922 300 2179 349 ιιΑιιιιιιο
2228 298 2537 350 Poenum.

353 472 737 558 disponenda
773 492 991 540 rursus
1029 478 1162 536 est:
1203 480 1270 536 ut
1308 475 1418 555 [s.]
1448 452 1586 535 seru
1615 521 1629 535 .
1682 520 1697 536 .
1730 521 1743 537 .
1774 477 1883 558 [s.]
1912 472 2002 535 ire
2043 470 2122 553 (1)
2163 471 2576 536 condamnetur
2597 490 2723 533 aa.

355 575 586 662 Optare
643 578 901 645 indetur
951 576 1280 651 Rabirius,
1328 581 1403 640 ut
1446 577 1731 661 quicquid
1775 581 2064 642 statuant
2108 575 2350 640 iudices
2370 622 2387 651 ,
2437 578 2531 639 ita
2577 576 2727 639 bona

352 683 570 747 venire
612 690 846 767 queant
864 729 880 757 ,
928 685 1002 745 ut
1046 679 1325 745 solidum
1375 699 1567 744 suum
1615 685 1847 767 cuique
1890 679 2196 747 solvatur.
2278 677 2353 743 In
2398 679 2563 744 hanc
2606 699 2706 743 sen

357 789 631 852 tentiam
675 786 1063 873 legendum:

452 937 488 967 „
508 894 596 956 At
654 891 775 956 hoc
836 892 1034 956 etiam
1095 896 1272 973 optat
1313 892 1512 954 miser
1567 896 1642 953 ut
1685 891 1812 954 eive
1852 897 2118 953 servetur
2161 889 2289 951 sive
2330 889 2737 952 coum-r

532 1018 574 1059 a
627 996 822 1072 vobis,
884 996 982 1059 ita
1037 994 1202 1059 bona
1256 999 1529 1059 veneant
1544 1040 1564 1070 ,
1630 1001 1706 1058 ut
1766 993 2047 1059 solidum
2092 1013 2285 1057 suum
2347 995 2581 1076 cuique
2624 992 2735 1058 sol-

541 1099 787 1166 vatur.''

451 1201 782 1289 Sequitur:
834 1251 869 1281 „
882 1202 1046 1268 nihil
1089 1203 1222 1267 iam
1267 1200 1443 1267 aliud
1490 1204 1616 1267 nisi
1660 1200 1855 1269 fidem
1901 1202 2141 1267 curat.'’
2190 1200 2263 1266 Si
2303 1201 2737 1267 condemnare-

361 1314 471 1372 tur
525 1326 677 1373 cum
735 1308 856 1374 hoc
901 1308 1182 1373 adiecto:
1233 1354 1268 1383 ‚‚
1290 1306 1572 1371 detracto
1616 1326 1756 1372 aere
1803 1306 2017 1372 alieno
2028 1306 2081 1383 ,”
2126 1310 2376 1391 poterat
2416 1309 2601 1392 prius
2643 1305 2738 1369 de-

359 1411 675 1476 bitoribus
726 1410 1020 1477 satisfieri
1068 1415 1134 1475 et
1191 1409 1345 1475 fides
1391 1412 1628 1477 servari
1648 1459 1667 1488 ,
1714 1413 1772 1476 si
1816 1410 2247 1477 absolveretur
2264 1458 2281 1487 ‚
2329 1416 2582 1497 poterat
2626 1410 2737 1475 for-

361 1520 528 1580 tasse
592 1516 775 1581 bonis
841 1515 1119 1582 venditis
1181 1515 1451 1600 privatis
1511 1514 1926 1596 creditoribus
1985 1514 2172 1600 plene
2235 1513 2554 1581 satisfieri.
2644 1513 2737 1578 Ita

360 1617 661 1684 Rabirius
692 1618 771 1684 ad
808 1619 1283 1685 acerbissimam
1319 1622 1556 1683 sortem
1578 1664 1597 1695 ,
1637 1619 1947 1684 bonorum
1978 1619 2414 1684 venditionem
2428 1665 2444 1694 ,
2468 1620 2735 1684 subeun-

363 1721 512 1789 dam
556 1729 852 1810 paratum
895 1744 961 1789 se
1006 1743 1141 1788 esse
1184 1720 1343 1787 dicit
1357 1767 1376 1797 ,
1423 1721 1505 1786 de
1545 1719 1669 1787 fide
1713 1728 1973 1788 tantum
2019 1742 2137 1788 sua
2180 1722 2515 1789 sollicitus.

453 1829 698 1895 Eodem
748 1846 882 1913 cap.
944 1826 1164 1904 XVII,
1227 1823 1436 1903 472,
1434 1824 1830 1903 Sediam,
1894 1826 2735 1912 quoniamsperofidem’s

554 1952 749 2019 qnam
815 1933 1141 2018 praestiti,
1203 1930 1545 2007 Postume,
1604 1931 1868 1996 reddam
1931 1934 2130 1996 etiam
2190 1929 2526 2008 lacrimas,
2591 1950 2739 2017 quas

544 2039 792 2104 debeo:-
829 2054 992 2121 quas
1029 2034 1291 2120 quidem
1333 2054 1460 2121 ego
1499 2039 1644 2099 tuas
1688 2037 1759 2099 in
1803 2053 1949 2099 meo
1994 2054 2145 2100 casu
2190 2033 2509 2120 plurimae
2553 2034 2739 2102 vidi?

453 2143 530 2209 In
572 2142 752 2209 codd.
798 2146 928 2206 est:
980 2141 1322 2225 ‚quoniam
1358 2157 1541 2223 spero
1583 2137 1778 2204 fidem
1823 2158 2016 2224 quam
2048 2140 2340 2222 praestiti
2380 2134 2741 2205 Postume?

364 2249 718 2315 Verborum
778 2243 1081 2311 ἴσοι-ἕλειοι
1131 2242 1428 2309 lacunam
1475 2243 1747 2307 effecisse
1790 2243 2080 2319 videtur,
2129 2263 2327 2328 quam
2368 2241 2743 2329 Madvigius

364 2355 461 2419 ita
516 2351 762 2435 explet:
829 2396 865 2426 ‚,
885 2350 1186 2434 quoniam
1202 2394 1221 2424 ,
1282 2350 1362 2410 ut
1404 2365 1616 2429 spero,
1620 2343 1856 2411 fidem
1872 2393 1890 2425 ,
1940 2366 2133 2431 quam
2176 2347 2302 2413 tibi
2348 2347 2528 2424 dedi,
2575 2364 2741 2432 prae·

364 2460 539 2536 stin,
584 2454 947 2523 Postume.''
991 2450 1206 2540 Vulgo
1250 2450 1582 2516 edebatur:
1638 2448 1872 2527 „fidem
1916 2470 2109 2536 qnam
2149 2454 2371 2536 potui,
2410 2451 2537 2515 tibi
2574 2466 2742 2536 prae-

371 2562 567 2629 stiti.·”
625 2560 942 2646 Equidem
986 2555 1388 2645 epanalepsin
1429 2556 1614 2623 verbi
1656 2555 1958 2652 reddendi
1994 2551 2259 2641 periisse
2292 2560 2527 2641 putans
2541 2602 2564 2632 ,
2600 2555 2741 2620 aeri·

365 2669 515 2734 bere
551 2665 826 2732 malim:

349 2793 356 2802 ·
461 2770 644 2851 „Sed
706 2773 872 2847 iam,
922 2769 1369 2854 quoniamsut
1413 2784 1626 2851 spero,
1675 2763 1898 2842 fidem,
1944 2783 2138 2850 quam
2182 2764 2591 2851 praestitisti,
2634 2762 2743 2828 ‘86⁸'

544 2875 787 2941 reddidi
803 2921 822 2952 ,
904 2873 1211 2937 Postume
1228 2916 1245 2947 ‚
1331 2872 1577 2933 reddam
1656 2871 1855 2934 etiam
1932 2867 2233 2934 lacrimas
2297 2889 2456 2954 quas
2520 2867 2740 2935 debeo:

546 2999 702 3065 quas
748 2978 1007 3064 quidem
1049 2997 1176 3064 ego
1215 2980 1361 3041 tuas
1401 2976 1472 3039 in
1515 2994 1660 3039 mo
1703 2993 1857 3039 casn·
1896 2971 2208 3057 plurimas
2250 2972 2447 3038 vidi?

458 3085 534 3151 In
593 3084 855 3169 reliquis
914 3082 1118 3147 latent
1177 3080 1384 3147 adhuc
1447 3078 1701 3156 „ulcera
1759 3075 2093 3143 occulta'’:
2152 3098 2216 3142 v.
2279 3098 2347 3164 g.
2392 3097 2521 3141 non
2563 3074 2741 3142 facus

369 3188 842 3257 admittendum
907 3202 1228 3252 censeamz
1305 3228 1342 3260 „
1359 3187 1426 3247 et
1493 3204 1581 3245 me
1649 3181 1831 3247 dolor
1893 3180 2189 3247 debilitat
2252 3181 2741 3265 intercluditque

369 3293 647 3362 vocem?
736 3291 1054 3358 Patricius
1113 3290 1386 3354 correxit
1445 3293 1503 3350 ec
1560 3287 1644 3349 mi
1655 3311 1684 3362 ‚·
1746 3305 1906 3370 quae
1966 3286 2328 3352 emendatio
2369 3288 2556 3351 unice
2599 3303 2745 3352 ven

373 3406 467 3467 est
483 3446 501 3479 ,
551 3401 607 3465 si
650 3398 851 3486 legis:
904 3443 938 3473 „
961 3401 1025 3460 et
1067 3393 1214 3457 mihi
1259 3390 1437 3457 dolor
1483 3389 1779 3456 debilitat
1820 3389 2313 3476 intercluditque
2357 3389 2635 3459 vocem?

465 3593 724 3659 waima
769 3594 853 3656 ad
897 3592 1200 3665 chnmn,
1248 3607 1465 3652 mense
1517 3584 1853 3650 Decembri
1902 3582 2097 3651 1872.

822 3879 1092 3926 SGHOMA
1137 3875 1448 3923 PLATONIS
1494 3878 1538 3922 A
1582 3873 1963 3923 CHRISTLANO
2012 3873 2295 3920 SCRIPTA.

371 4019 452 4085 ad
497 4016 825 4100 Euthypkr.
873 4034 937 4096 p.
993 4011 1074 4074 14
1121 4010 1198 4073 D.
1247 4009 1531 4073 scholion
1575 4017 1707 4073 est:
1747 4005 2000 4086 συνῳδὸν
2045 4008 2130 4084 τῷ
2149 4029 2163 4042 ·

968 4117 1150 4179 πᾶσα
1217 4114 1377 4182 δόσις
1424 4115 1637 4190 ἀγαθὴ
1683 4114 1787 4176 καὶ
1835 4110 1997 4187 ἑξῆς.

374 4235 560 4294 notus
639 4225 815 4288 locus
899 4227 1025 4285 est:
1099 4222 1276 4283 πᾶσαι
1350 4217 1508 4289 δόσις
1569 4217 1779 4294 ἀγαθὲ
1843 4216 1949 4281 καὶ
2014 4219 2143 4282 πᾶν
2206 4216 2455 4296 δώρημα
2510 4214 2729 4280 τέλειον

375 4330 590 4400 ἄνωθέν
634 4330 756 4397 ἕςιν
802 4329 871 4391 in
915 4324 1200 4408 Epistola
1245 4323 1482 4389 Jacobi.
1533 4321 1581 4386 Ι.
1638 4319 1739 4385 17.
2290 4317 2361 4386 C.
2406 4319 2485 4386 G.
2530 4315 2607 4384 C.
