2934 5050
948 968 1978 1062 PRONTONIANA.

362 1511 808 1599 Epistularum
876 1516 957 1583 ad
1021 1518 1104 1586 Μ.
1169 1516 1504 1585 Caesarem
1554 1513 1663 1582 lib.
1715 1514 1784 1596 l,
1845 1518 1921 1593 2,
1972 1534 2031 1601 p.
2082 1518 2123 1581 3
2155 1512 2231 1603 ¹).
2339 1509 2508 1589 Quid
2551 1529 2664 1598 eqo

268 1616 390 1683 ism
441 1639 580 1684 meu
627 1621 884 1705 fortuna
929 1623 1084 1688 satis
1129 1623 1440 1699 dixerim,
1513 1621 1613 1687 vel
1656 1622 1962 1708 quomodo
2005 1619 2195 1686 istam
2241 1615 2662 1685 necessitatem

272 1743 482 1789 meam
524 1723 936 1793 durissimam
977 1728 1281 1814 condique
1325 1727 1741 1794 inciuavero?

370 1826 543 1895 llaec
581 1829 811 1910 verba,
858 1834 1160 1919 quoniam
1202 1833 1628 1909 sententiam,
1674 1851 1839 1919 quae
1878 1830 2148 1917 intelligi
2193 1837 2438 1917 posset,
2480 1827 2664 1915 plane

278 1931 523 2000 nullam
572 1934 992 2022 praeberent,
1037 1939 1326 2005 virorum
1377 1936 1716 2006 doctorum
1764 1935 1873 2004 alii
1920 1936 2049 2004 alio
2096 1934 2283 2002 modo
2323 1931 2667 2001 emendare

274 2041 491 2106 conati
536 2050 713 2108 sunt.
806 2043 1095 2127 Quorum
1146 2054 1361 2112 tamen
1412 2064 1602 2111 nemo
1647 2062 1723 2109 ea
1771 2043 2141 2131 proposuit,
2205 2060 2370 2128 quae
2417 2038 2667 2106 Nabero

276 2145 606 2233 probanda
646 2149 781 2215 visa
821 2159 1014 2231 sunt3
1082 2150 1409 2237 vulgatam
1448 2148 1789 2217 lectionem
1828 2148 2001 2216 enim
2036 2148 2344 2214 intactam
2376 2144 2666 2233 reliquit.

273 2249 418 2318 Nisi
457 2271 609 2319 vero
644 2255 856 2321 omnia
899 2253 1167 2334 fallunt,
1215 2277 1407 2343 aegra
1445 2259 1764 2324 sententia
1806 2254 2024 2322 sanari
2063 2261 2273 2342 potest
2297 2249 2664 2319 scribendo:

284 2356 450 2434 Quid
493 2379 609 2446 eqo
653 2359 841 2426 islam
886 2382 1091 2429 meam
1138 2366 1500 2451 fortunam,
1549 2363 1747 2429 satius
1791 2361 2069 2428 dixerim
2114 2360 2299 2427 istam
2338 2358 2662 2424 necessita-

274 2472 404 2529 tem
451 2486 656 2531 meam
701 2465 1141 2548 durissimam,
1187 2469 1491 2557 condique
1535 2468 1944 2537 incusavero?
2042 2467 2267 2534 Nescio
2312 2484 2391 2531 an
2450 2465 2667 2550 inepta

278 2568 385 2635 itta
432 2571 534 2636 vel
576 2572 881 2658 quomodo
929 2573 1063 2640 ludi
1111 2574 1370 2643 cuidam
1422 2576 1735 2662 magistro
1784 2573 2185 2649 debeantur,
2236 2570 2347 2659 qui
2398 2590 2520 2635 v.v.
2570 2591 2668 2635 sa-

274 2674 403 2740 lius
448 2675 723 2742 dixerim
773 2677 1245 2765 quodammodo
1290 2681 1710 2768 interpretari
1759 2690 2031 2746 conatus
2069 2679 2173 2744 sit.
2224 2677 2439 2744 Satius
2461 2675 2668 2741 dicam

277 2802 394 2868 pro
419 2781 672 2869 vulgari
692 2786 903 2873 potius
923 2785 1132 2853 dicam
1159 2779 1448 2853 invenies
1472 2786 1642 2873 apud
1674 2786 2029 2852 Varronem
2066 2785 2137 2850 ll.
2168 2783 2241 2849 ll.
2291 2782 2345 2860 1,
2376 2780 2522 2847 2ad.
2553 2780 2663 2847 fin.

369 2887 447 2955 1n
513 2887 738 2955 eadem
802 2890 921 2978 Ep.
986 2890 1175 2977 paulo
1211 2901 1362 2980 post
1408 2891 1565 2959 haec
1617 2891 1955 2978 leguntur:
2008 2888 2095 2954 Ec
2139 2897 2206 2953 ω
2252 2909 2355 2953 me
2398 2886 2671 2952 amicum

279 3014 500 3072 uocas,
550 2995 664 3081 qui
709 3017 829 3063 non
875 2997 1160 3083 abruptis
1208 2999 1497 3065 omnibus
1541 3019 1729 3064 cursu
1780 2995 2017 3063 concito
2057 2993 2331 3082 pervolo.

370 3100 497 3167 Pro
560 3102 884 3182 omnibus,
949 3101 1121 3190 quod
1186 3104 1456 3171 lacobsii
1519 3104 1934 3170 coniecturae
1983 3098 2291 3175 debetur,
2349 3097 2558 3165 Maius
2605 3098 2668 3164 in

275 3205 513 3274 Codice
577 3207 866 3274 domibus
929 3229 997 3274 se
1064 3208 1295 3296 legisse
1357 3217 1658 3276 testatur.
1753 3208 1986 3275 Contra
2054 3202 2342 3273 Naberus
2406 3225 2475 3271 re
2521 3223 2669 3270 vera

277 3311 406 3398 legi
474 3321 745 3380 oeMm
804 3311 1127 3394 affirmat,
1189 3313 1352 3381 duas
1399 3317 1645 3402 primas
1691 3313 1944 3380 litteras
1989 3332 2140 3380 vero
2184 3314 2464 3379 incertas
2510 3328 2670 3375 esse.

280 3414 495 3499 Quum
565 3417 835 3485 verbum
895 3418 1249 3487 desiderari
1297 3423 1456 3487 satis
1507 3419 1921 3487 manifestum
1974 3416 2270 3485 videatur
2317 3416 2451 3483 sere
2502 3413 2668 3482 idem

279 3524 543 3600 valens,
586 3524 755 3611 quod
793 3525 1152 3606 vinculum,
1195 3526 1642 3615 ligamentum,
1688 3524 1858 3592 haud
1895 3526 2110 3611 inepte
2145 3522 2429 3590 conicias
2453 3538 2671 3587 veram

282 3628 625 3696 lectionem
680 3649 826 3696 esse
885 3631 1174 3701 nexibus.
1273 3629 1493 3699 Neoeus
1554 3652 1668 3719 pro
1725 3630 1974 3697 vinculo
2017 3628 2187 3717 apud
2238 3628 2535 3695 Tacitum
2587 3623 2672 3692 le·

282 3755 436 3820 gere
487 3743 709 3820 potes,
761 3734 957 3824 (Ano.
987 3735 1119 3816 111,
1171 3739 1284 3827 28)
1339 3736 1494 3804 haec
1541 3736 1972 3804 scribentem:
2021 3734 2192 3821 apud
2227 3755 2384 3821 quos
2408 3731 2680 3798 exsoluti

279 3841 571 3927 plerique
616 3839 778 3928 legis
821 3862 1024 3908 nexus
1067 3843 1381 3910 modicum
1427 3844 1494 3910 in
1535 3864 1833 3930 praesens
1879 3842 2299 3908 levamentum
2347 3842 2546 3926 suere.

378 3946 450 4026 1,
517 3950 601 4023 6,
669 3966 728 4033 p.
801 3952 902 4012 15.
999 3945 1262 4035 Hiemps
1321 3959 1412 4015 est
1473 3959 1534 4016 et
1597 3947 1860 4015 crudum
1920 3969 2095 4014 mare
2151 3945 2483 4013 hibernum
2543 3952 2675 4022 est,-

291 4052 509 4120 adesso
554 4071 678 4116 non
722 4051 943 4137 potuit.

385 4158 516 4225 Aut
577 4155 803 4237 fallor,
860 4166 974 4224 aut
1019 4158 1286 4229 crudum
1331 4182 1510 4228 mare
1551 4159 1741 4248 quale
1789 4158 2047 4228 tandem
2098 4160 2220 4238 sit,
2269 4157 2445 4226 nullo
2494 4154 2682 4223 modo

371 4395 422 4458 ι)
457 4393 698 4446 Editione
727 4410 849 4448 usu·
879 4410 1023 4461 mm,
1054 4414 1184 4466 quse
1216 4400 1404 4454 Haben-i
1435 4403 1570 4454 curis
1602 4418 1650 4454 ι.
1691 4405 1815 4455 1867
1850 4401 1906 4453 tn
1938 4401 2104 4452 lucem
2139 4400 2339 4466 μὀᾱίὶι.
