2934 5050
1220 306 1562 356 somma.
2451 284 2577 349 191

761 472 957 540 εἰσόκε
1007 496 1119 556 περ
1167 476 1385 557 Τροίην
1430 472 1854 553 διαπέρσομεν.

215 576 353 641 καὶ·

577 678 717 747 ἔνθα
766 706 871 747 κεν
919 683 1224 763 ὑψίπυλον
1264 684 1484 765 Τροίην
1528 680 1665 749 ἕλον
1710 678 1835 754 υἷες
1881 684 2180 761 ’Λχαιῶι

215 783 316 849 καὶ
340 804 357 822 ·

575 891 765 972 Τροίη
808 892 871 956 ἐν
915 892 1130 975 εὐρείῃ.

218 993 322 1059 καὶ
373 995 697 1076 ἀλλαχοῦ.
746 996 848 1062 ἐπὶ
894 998 1103 1076 μέντοι
1144 995 1370 1062 τούτων
1414 1003 1531 1062 τῶν
1576 997 1678 1064 δύο
1716 993 2136 1075 ὃμοιοπτώτως
2172 992 2477 1072 ἐπήνεγκε
2513 994 2584 1059 τὸ

217 1098 456 1164 πόλιν
500 1100 797 1182 Τροΐην
844 1100 1029 1182 ,δῶσι
1074 1100 1253 1168 πόλιν
1297 1102 1546 1182 Τροΐην”
1590 1101 1696 1167 καὶ
1741 1100 1813 1166 τὸ
1864 1099 2033 1178 »ἤτοι
2066 1095 2158 1164 ὅτ’
2192 1097 2367 1179 ἀμφὶ
2407 1096 2587 1164 πόλιν

214 1203 484 1284 Τροΐην”.

302 1306 686 1373 Rectissime
731 1311 948 1375 omnia
991 1309 1146 1375 haec
1191 1309 1516 1397 disputata
1559 1315 1711 1376 sunt
1744 1315 1810 1375 et
1838 1308 2006 1375 nihil
2039 1310 2124 1375 iis
2159 1310 2350 1375 obiici
2380 1310 2588 1394 potest

216 1416 462 1496 praeter
521 1432 746 1478 unum.
839 1414 1022 1494 Τροΐη
1069 1434 1193 1479 non
1240 1422 1337 1481 est
1381 1413 1626 1482 Graeca
1666 1415 1892 1479 forma.
1985 1412 2157 1479 Satis
2194 1414 2586 1480 ostendimus

215 1516 284 1579 in
325 1513 645 1581 Mnemos.
696 1514 892 1584 1873.
940 1538 1089 1605 pag.
1117 1516 1224 1584 53.
1269 1524 1333 1585 et
1381 1518 1488 1584 56.
1536 1519 1927 1585 adjectivum
1967 1518 2233 1599 Τρώὶός,
2280 1518 2481 1597 Τρωΐη
2521 1521 2588 1583 et

214 1621 437 1698 Τρῶἲον
485 1621 773 1686 contrahi
815 1623 884 1686 in
927 1618 1172 1703 Τρῳός,
1218 1623 1397 1704 Τρῳῆ
1442 1628 1510 1688 et
1552 1622 1755 1703 Τρῳόν
1776 1670 1794 1700 ,
1843 1627 1906 1688 et
1952 1642 2031 1687 ex
2069 1628 2280 1688 vetere
2320 1624 2588 1706 scriptu·

215 1729 439 1796 ητῆς
487 1725 766 1806 ἀρχαίας
811 1736 1307 1806 γραμματικῆς,
1358 1749 1519 1813 quae
1564 1727 1771 1792 fuerat
1817 1735 2174 1802 ΤΡΟΙΕΝ,
2223 1747 2427 1793 errore
2468 1732 2585 1792 τῶν

219 1829 977 1911 μεταχαρακτηρισοίντων
1038 1832 1137 1896 bis
1199 1852 1332 1896 esse
1392 1837 1611 1898 natam
1669 1834 1971 1897 vitiosam
2025 1830 2363 1897 lectionem
2408 1829 2587 1895 πόλιν

219 1933 432 2012 Τροίην
492 1953 607 2018 pro
668 1932 846 1999 πόλιν
903 1936 1132 2016 Τρῳήν.
1227 1934 1412 2015 Quod
1470 1939 1528 2001 si
1586 1938 1728 2021 quis
1768 1955 1996 2000 verum
2041 1956 2175 2000 esse
2218 1936 2584 2022 agnoverit,

218 2056 379 2103 novo
440 2036 736 2122 exemplo
796 2041 1123 2124 apparebit
1178 2042 1317 2105 iurc
1378 2039 1612 2105 dixisse
1655 2038 1944 2123 lepidum
1987 2041 2286 2105 iuvenem
2330 2040 2399 2102 in
2442 2037 2588 2104 Pla-

220 2144 382 2207 tonis
427 2142 581 2225 qu.
627 2162 776 2229 pag.
830 2141 982 2209 596.
1029 2162 1092 2209 Δ.
1140 2141 1353 2209 πολλοὶ
1398 2167 1488 2209 τοι
1539 2142 1811 2222 ὀξύτερον
1853 2142 2211 2221 βλεπόντων
2255 2141 2586 2220 ἆμβλύτε·

221 2267 307 2323 ρον
350 2248 600 2325 δρῶντες
648 2246 915 2327 πρότεροι
961 2244 1145 2313 εἶδον.

305 2349 403 2415 Ex
448 2351 569 2416 hoc
616 2353 822 2438 igitur
864 2352 1155 2438 exemplo
1198 2354 1609 2438 potissimum
1654 2358 1912 2437 apparet
1954 2353 2107 2437 quid
2143 2355 2229 2418 sit
2267 2350 2589 2425 Ζηνόδοτος

223 2451 477 2537 γράφει.
573 2454 714 2520 Una
772 2457 946 2521 enim
1008 2462 1074 2523 et
1130 2458 1525 2523 consentiens
1569 2459 1860 2521 omnium
1902 2456 2214 2522 librorum
2260 2464 2325 2522 et
2368 2454 2588 2538 διορθώ·

228 2582 369 2624 σεων
436 2559 629 2626 lectio
695 2567 832 2627 erat
896 2561 1074 2627 πόλιν
1141 2562 1390 2643 Τροίην,
1461 2560 1540 2626 de
1598 2582 1722 2646 qua
1779 2561 1960 2627 nulla
2017 2582 2329 2646 umquam
2383 2562 2591 2628 fuerat

226 2666 598 2750 cuiusquam
643 2665 961 2732 dubitatio
1002 2667 1197 2733 donec
1233 2669 1295 2733 ei
1330 2666 1736 2731 Aristarchus
1770 2670 2261 2733 controversiam
2282 2672 2586 2731 moveret.

225 2764 326 2833 Sic
380 2771 591 2856 igitur
653 2775 720 2835 et
779 2772 848 2834 in
906 2774 1168 2836 caeteris
1226 2770 1545 2846 Ζηνόδοτος
1610 2768 1846 2848 γράφει
1904 2769 2070 2835 nihil
2114 2768 2291 2835 aliud
2336 2769 2592 2835 denotat

224 2874 342 2939 nisi
399 2874 565 2939 hanc
625 2894 759 2939 esse
809 2874 1149 2962 vulgatam
1190 2873 1503 2940 librorum
1548 2894 1587 2938 a
1629 2871 1947 2938 Zenodoto
1991 2873 2425 2940 adhibitorum
2467 2872 2590 2938 lec·-

224 2978 457 3042 tionem
481 3023 499 3054 ,
541 2998 737 3061 quam
771 2978 1175 3046 Aristarchus
1212 2985 1324 3045 aut
1354 2999 1432 3044 ex
1465 2975 1839 3066 melioribus
1875 2974 2059 3043 libris
2090 2982 2202 3043 aut
2233 2997 2313 3042 ex
2332 2978 2591 3064 ingenio
2723 3021 2728 3028 -

224 3083 576 3147 correxerit.
2095 3125 2108 3130 -

309 3185 384 3250 In
428 3185 737 3253 Zenodoti
781 3188 1136 3261 οὶθετῆσεσιν
1171 3187 1457 3252 multum
1496 3188 1674 3252 abest
1708 3191 1784 3251 ut
1820 3184 2072 3251 credam
2107 3184 2255 3270 plus
2278 3182 2591 3252 criticum

229 3310 336 3355 mo
381 3289 624 3356 iudicio
680 3296 747 3355 et
786 3293 999 3356 sensui
1042 3290 1298 3356 cuidam
1339 3289 1594 3377 pulchri
1639 3295 1704 3356 et
1750 3290 1959 3355 decori
2002 3290 2300 3356 tribuisse
2316 3336 2336 3367 ‚
2398 3309 2591 3374 quam

228 3391 537 3460 librorum
582 3400 877 3460 veterum
894 3442 913 3472 ‚
959 3415 1117 3480 quos
1159 3396 1539 3480 sequebatur
1555 3441 1572 3473 ‚
1623 3395 1990 3460 auctoritati
2035 3398 2101 3459 et
2145 3395 2529 3459 testimonio.

313 3495 473 3578 Quis
516 3497 764 3575 credat,
810 3504 887 3564 ut
929 3498 1051 3564 hoc
1092 3518 1220 3566 uno
1263 3504 1442 3576 utar,
1490 3498 1884 3565 Zenodotum
1927 3501 1996 3563 in
2032 3496 2215 3563 Iliad.
2254 3517 2318 3563 A.

311 3600 471 3667 207.
564 3599 739 3676 ἦλθον
784 3602 909 3681 ἐγὼ
952 3603 1280 3670 παύσουσα
1325 3604 1395 3668 τὸ
1441 3602 1543 3667 σὸν
1588 3601 1802 3679 μένος,
1849 3601 1908 3668 εἴ
1947 3626 2017 3667 κε
2062 3603 2312 3676 πίθηαι,

316 3704 471 3772 208.
565 3705 892 3787 οὐρανόθεν.
939 3708 1052 3788 πρὸ
1099 3706 1163 3772 δέ
1210 3708 1282 3784 μ’
1328 3701 1433 3779 ἧκε
1480 3706 1589 3771 θεὰ
1636 3707 2001 3778 λευκώλενος
2028 3707 2183 3788 Ἥρη

316 3808 469 3876 209.
565 3809 765 3894 ἄμφω
811 3811 972 3890 ὁμῶς
1019 3811 1184 3891 θυμῷ
1225 3810 1533 3892 Φιλέουσοὶ
1580 3834 1650 3875 τε
1701 3810 1997 3888 κηδομένη
2043 3835 2115 3877 τε

233 3917 600 3999 expunxisse
647 3915 805 3982 duos
849 3936 1069 3982 versus
1112 3913 1245 3980 208
1285 3919 1349 3979 et
1385 3912 1518 3979 209
1543 3962 1558 3989 ,
1608 3918 1790 3999 quasi
1826 3916 2060 3981 inesset
2095 3921 2206 3982 aut
2244 3919 2310 3982 in
2348 3923 2592 3983 senten-

233 4016 322 4080 tia
364 4016 608 4103 aliquid
666 4023 779 4085 aut
826 4021 896 4085 in
937 4020 1185 4097 verbis,
1249 4037 1375 4103 quo
1418 4021 1729 4104 potuisset
1774 4016 2044 4084 offendi?
2133 4020 2278 4087 Non
2319 4024 2553 4106 reperit
2569 4068 2588 4098 ‚

235 4118 411 4186 credo
428 4168 446 4199 ,
509 4125 575 4187 in
633 4121 818 4188 libris
874 4121 1309 4209 compluribus
1367 4141 1565 4207 eoque
1608 4120 2016 4207 interpolatos
2060 4144 2194 4190 esse
2237 4126 2594 4212 suspicatus

238 4228 348 4288 est.
437 4223 683 4293 Invicto
739 4233 1117 4313 argumento
1161 4228 1473 4314 genuinos
1516 4246 1649 4293 esse
1694 4225 2151 4294 demonstravit
2192 4229 2597 4297 Aristarchus

238 4325 311 4389 ad
351 4348 446 4397 vs.
494 4328 646 4395 216.
