2934 5050
383 284 513 347 252
1181 301 1489 349 nucitum
1540 301 1613 349 ιτ
1660 299 1970 350 nocuum.

382 467 648 536 XXVIII
709 476 774 535 et
836 468 1087 538 xxnu
1136 470 1237 560 (ut
1283 470 1475 557 vulgo
1522 472 1853 557 notatur),
1907 472 2077 538 inter
2124 468 2339 537 XVIII
2383 474 2451 537 et
2488 466 2730 536 XXVIII
2854 460 2855 463 '

378 583 442 641 et
504 574 762 641 similia.
859 575 928 642 Id
977 578 1305 663 ignorasse
1355 599 1480 644 non
1529 586 1738 665 potest
1784 576 1908 655 M„
1956 576 2067 644 sed
2117 577 2334 644 studio
2377 573 2731 664 obloquendi

374 700 500 746 non
551 683 617 747 iu
668 690 956 770 tempore
1002 682 1380 751 recordatus
1426 692 1559 751 est.

466 788 547 854 At
610 787 753 854 uolo
820 789 1114 876 pluribus
1166 791 1307 857 eius
1354 789 1615 876 generis
1661 786 2007 855 afferendis
2056 788 2339 857 taedium
2390 788 2609 856 lectori
2656 785 2733 853 la·

373 913 558 976 cere3
606 895 894 962 transibo
932 897 1136 982 igitur
1174 896 1254 962 ad
1280 897 1685 984 singulorum
1713 895 2227 982 fragmentorum
2256 895 2731 967 tractationem.

371 1002 427 1065 si
477 1002 659 1089 prius
706 1001 785 1069 de
831 1002 1081 1070 duabus
1127 1003 1364 1084 rebuS,
1415 1023 1581 1090 quae
1627 1000 1708 1067 ad
1758 1004 2060 1068 universa
2110 1003 2479 1089 pertinent,
2530 1001 2733 1090 paucis

372 1104 628 1186 dixero,
669 1107 748 1175 de
786 1108 1115 1176 vocabulis
1155 1111 1408 1195 graecis
1445 1119 1513 1176 et
1550 1106 1863 1198 asyndeto
1899 1107 2071 1196 apud
2102 1107 2443 1175 Lucilium.
2514 1108 2732 1175 Graeca

373 1214 677 1281 vocabula
739 1213 822 1280 ab
868 1236 943 1282 eo
989 1215 1253 1283 Graecis
1299 1215 1539 1282 litteris
1586 1215 1847 1302 saepius
1883 1215 2136 1302 ‘scripta
2184 1234 2326 1281 esse
2374 1214 2602 1282 docent
2644 1234 2732 1282 co·

369 1317 580 1398 dices,
631 1319 815 1386 modo
862 1322 997 1408 ipsa
1049 1322 1391 1409 peregrina
1437 1320 1755 1389 elementa
1805 1320 2218 1408 praebenteS‚
2262 1320 2450 1387 modo
2492 1321 2733 1388 Latinas

368 1424 618 1492 litteras
682 1426 949 1494 Graecis
996 1430 1386 1516 permixtaS,
1439 1438 1511 1495 ut
1555 1427 1987 1512 xsevopodas
2038 1428 2144 1516 (z
2164 1425 2547 1516 clinopodas)
2597 1446 2730 1515 apo·

360 1531 583 1617 pilitus
619 1533 990 1619 apepilicus
1027 1555 1146 1622 pro
1181 1543 1698 1602 APOPITIKOC
1719 1583 1739 1612 ‚
1769 1542 2172 1620 praemaclon
2198 1553 2312 1621 pro
2337 1530 2731 1615 vroepmoerdv.

365 1635 437 1703 In
490 1635 590 1704 his
636 1637 884 1705 librarii
936 1660 1051 1727 pro
1111 1661 1144 1706 ιι
1199 1661 1235 1707 r
1285 1639 1356 1731 (Ρ
1407 1659 1640 1726 graeco
1689 1650 1733 1705 P
1774 1638 2125 1728 latinum),
2167 1659 2283 1725 pro
2320 1659 2403 1705 'ru
2438 1660 2476 1706 o
2515 1638 2598 1728 (Θ
2637 1636 2731 1726 0),

364 1762 482 1830 pro
529 1764 563 1809 c
607 1765 650 1810 u
689 1746 767 1833 (K
806 1745 873 1834 u)
916 1746 980 1811 in
1024 1746 1387 1813 minuscula
1432 1747 1760 1833 scriptura
1800 1744 1890 1811 illi
1932 1746 2093 1811 satis
2129 1744 2343 1812 simile
2370 1753 2729 1832 posuerunt.

364 1848 562 1916 Porro
601 1870 642 1915 x
686 1870 802 1938 pro
839 1871 917 1917 cn
957 1851 1035 1941 (x
1077 1852 1347 1918 latinum
1385 1872 1502 1940 pro
1536 1875 1592 1933 χ
1629 1850 1897 1940 Graeco)
1933 1850 2417 1918 substituerunt
2456 1861 2527 1919 ut
2555 1851 2628 1918 V.
2657 1855 2727 1917 13

365 1953 546 2043 (Gell.
614 1956 843 2023 XVIII.
913 1958 983 2049 8)
1043 1969 1357 2038 atexnon,
1409 1979 1528 2046 pro
1573 1957 1879 2042 ἄτεχνον,
1924 1957 2033 2025 VI.
2090 1963 2172 2027 17
2225 1957 2415 2047 (Non.
2470 1963 2578 2025 21.
2634 1955 2727 2044 18)

361 2060 537 2129 Harl.
600 2063 907 2128 anxurim
937 2088 1022 2121 =
1058 2063 1439 2144 aucharius,
1492 2066 1560 2131 in
1611 2065 1882 2153 reliquis
1930 2064 2242 2131 anem-ius.
2330 2063 2401 2129 Si
2447 2060 2729 2137 librarii,

362 2175 433 2233 ut
494 2177 796 2256 apparet,
847 2169 1071 2236 Latina
1121 2190 1239 2258 pro
1283 2169 1546 2237 Graecis
1595 2170 2034 2250 inferserunt,
2082 2178 2588 2236 consentaneum
2640 2174 2728 2234 est

358 2272 621 2342 credere
668 2275 771 2340 hic
820 2275 950 2343 illic
997 2276 1236 2343 Graeca
1286 2272 1686 2344 restituenda
1736 2297 1906 2373 esse,
1956 2276 2066 2343 ubi
2117 2275 2435 2362 quaedam
2477 2284 2725 2342 »traus-

357 2381 776 2467 scriptionis”
824 2391 975 2448 sunt
1025 2383 1088 2448 in
1140 2381 1325 2449 codd.
1375 2385 1673 2470 vestigia.
1777 2382 1964 2470 Apud
2019 2384 2371 2449 Varronem
2428 2382 2566 2450 VII.
2618 2387 2725 2457 47,

358 2486 485 2554 inc.
532 2492 661 2554 177
690 2512 706 2554 ε
751 2489 910 2575 »qui
944 2489 1049 2578 (Μ.
1078 2490 1255 2577 quei,
1282 2489 1637 2577 eleganter)
1670 2489 1919 2557 thunno
1948 2489 2069 2579 (sic
2096 2488 2312 2557 malim
2339 2540 2359 2570 ,
2389 2510 2447 2557 v.
2473 2486 2724 2578 thynno)

354 2602 542 2680 capto
598 2592 853 2661 cobium
917 2594 1271 2662 excludunt
1325 2594 1543 2663 foras”
1593 2596 1741 2662 libri
1792 2596 2031 2662 babent
2080 2596 2457 2678 ncorium”;
2509 2614 2726 2682 nempe

354 2699 592 2767 Graeca
616 2712 657 2767 Ρ
679 2708 803 2768 etB
832 2700 1095 2768 confusa
1122 2710 1303 2775 sunt;
1321 2703 1638 2789 scriptum
1666 2700 1695 2768 l'
1696 2703 1867 2769 uisse
1893 2702 2175 2770 videtur:
2202 2701 2427 2782 κωβιόν
2453 2702 2724 2769 cludunt.

351 2806 423 2874 In
465 2806 680 2875 verbis
724 2807 970 2873 »eidola
1016 2815 1210 2895 atque
1250 2816 1499 2874 atomos
1534 2808 1790 2875 vincere
1831 2809 2097 2896 Epicuri
2141 2807 2401 2876 volam'’
2444 2806 2724 2876 XXVIII.

354 2915 474 2992 15,
524 2913 714 2980 Nonii
764 2919 922 2984 478.
976 2918 1100 2992 28,
1153 2913 1302 2979 libri
1354 2913 1591 2981 habent
1628 2925 1874 2981 atomus
1916 2914 2259 3003 (neamus),
2305 2915 2348 2980 i.
2373 2936 2430 2980 c.
2465 2913 2723 2995 ἀτόμους

350 3022 442 3106 (ου
473 3020 693 3108 zu),
743 3028 807 3086 et
851 3018 1152 3086 simililer
1203 3019 1286 3086 ih.
1343 3024 1422 3085 12
1469 3021 1856 3104 φιλοσόφους
1906 3020 2128 3087 latinis
2176 3020 2415 3088 litteris
2460 3021 2724 3108 philoso-

340 3126 508 3212 phus
554 3146 591 3191 a
639 3124 924 3192 librariis
964 3125 1280 3212 scriptum
1327 3135 1575 3212 peperit
1618 3148 1867 3193 severus
1897 3125 2312 3215 philosophus
2351 3146 2470 3215 pro
2493 3143 2723 3193 severos

342 3230 745 3314 φιλοσόφους.
842 3229 1103 3297 Scilicet
1151 3217 1270 3318 pro
1313 3230 1458 3297 aliis
1508 3252 1763 3319 quoque
1812 3231 2138 3299 vocabulis
2189 3252 2308 3298 usu
2358 3234 2520 3300 satis
2559 3230 2721 3299 tritis

341 3354 572 3425 graeca
623 3334 799 3402 dedit
847 3344 918 3402 ut
957 3336 1147 3422 σοφός
1173 3386 1190 3416 ,
1234 3337 1440 3417 λέξις,
1485 3339 1723 3419 θαῦμα.
1775 3338 1896 3404 Vix
1940 3337 2247 3406 credibile
2280 3350 2380 3406 est
2404 3338 2714 3406 Lucilium

345 3443 854 3533 comparativum
907 3442 1221 3510 Graecum
1275 3442 1525 3510 Latinis
1570 3443 1807 3511 litteris
1854 3445 2193 3532 scripsisse
2226 3446 2710 3528 ῥητορικώτεροςς

344 3568 735 3639 quamquam
784 3548 968 3615 codd.
1018 3548 1349 3616 Ciceronis
1396 3547 1476 3615 de
1522 3569 1617 3616 or.
1664 3549 1780 3617 111.
1828 3555 1953 3629 63,
2006 3556 2126 3618 171
2186 3550 2425 3618 habent
2467 3569 2716 3626 omnes;

346 3656 431 3722 ib.
503 3654 693 3744 paulo
761 3662 912 3720 ante
983 3654 1046 3719 in
1121 3655 1332 3722 verbis
1403 3655 1635 3723 Lucilii
1706 3657 1907 3723 lexeis
1974 3658 2238 3746 scripsit
2310 3656 2543 3726 Cicero
2606 3673 2717 3744 pro

344 3780 458 3838 eo,
527 3760 694 3848 quod
765 3761 901 3848 ipse
966 3759 1031 3826 L.
1098 3761 1240 3827 sine
1297 3759 1494 3828 dubio
1545 3760 1721 3829 dedit
1767 3761 1992 3840 λέξεις.
2092 3763 2252 3830 Aliis
2299 3774 2524 3832 autem
2568 3762 2717 3830 locis

345 3865 501 3955 quin
551 3865 620 3932 in
669 3865 1212 3933 transscribendis
1258 3867 1586 3934 vocabulis
1636 3887 1822 3934 usum
1876 3867 2287 3937 comicorum
2337 3872 2426 3938 sit
2467 3877 2713 3939 secutus

344 3970 613 4038 dubium
681 3992 805 4038 non
868 3979 1009 4051 est,
1065 3980 1131 4038 et
1191 3981 1455 4060 apparet
1521 3993 1594 4040 ex
1646 3973 1934 4041 XXVIII.
1987 3979 2101 4042 14:
2155 3975 2600 4045 »Polemonem
2645 3978 2712 4038 ut

344 4078 622 4155 amavit,
663 4087 868 4144 artem
913 4076 1085 4166 (libri
1127 4079 1412 4168 mortem)
1457 4079 1608 4146 huic
1650 4081 2016 4147 transmisit
2039 4100 2260 4160 suam,
2288 4081 2513 4149 Scolen
2532 4095 2709 4168 quam

345 4183 617 4249 dicunt”
684 4180 860 4248 Libri
910 4185 1184 4252 scollem.
1281 4184 1349 4252 Si
1400 4185 1465 4251 L.
1515 4185 1753 4268 σχολήν
1800 4184 2122 4264 dedisset,
2170 4185 2422 4253 librarii
2478 4185 2711 4256 soboles

348 4289 652 4356 fecissent
706 4296 816 4355 aut
868 4289 1041 4356 aliud
1091 4289 1393 4378 quodvis;
1442 4291 1676 4358 Lucilii
1725 4301 1935 4360 aetate
1982 4312 2097 4381 pro
2145 4294 2430 4380 aspirato
2475 4316 2532 4376 χ
2573 4287 2713 4359 sub·

345 4394 698 4462 stituebant
761 4416 814 4460 c.
913 4392 1012 4460 Cf.
1077 4394 1255 4461 Coni.
1306 4396 1388 4464 11.
1441 4401 1570 4475 23,
1620 4401 1743 4476 62,
1790 4403 1896 4465 27.
1993 4402 2203 4485 Atque
2255 4396 2414 4467 haec
2465 4397 2709 4487 quidem
