2934 5050
1016 322 1411 370 communes
1460 323 1694 369 cmm.
2411 305 2535 370 411

189 492 439 578 insuper
498 489 707 556 obstat
772 509 929 556 usus
978 491 1156 558 verbi
1206 494 1504 577 coeperit,
1557 489 1726 556 unde
1773 490 2100 556 admittere
2149 507 2272 554 uon
2325 490 2543 555 minus

186 595 404 681 pendet
459 615 648 681 quam
711 604 969 679 pectere.
1054 596 1181 662 Nec
1246 606 1502 662 tantum
1565 596 1795 682 forcipi
1853 595 1920 660 in
1982 592 2284 659 tondendo
2330 592 2542 661 locum

182 721 313 765 esse
373 699 481 765 sed
542 701 739 765 eliam
804 701 1002 765 cultro
1061 701 1285 786 probat
1339 722 1395 766 v.
1448 722 1507 766 c.
1560 700 1737 765 locus
1788 698 2116 765 Ciceronis
2165 697 2241 763 de
2291 696 2392 762 ofl'.
2450 697 2540 773 11,

181 822 235 869 c.
284 810 343 870 7:
395 805 661 870 cultrum
711 808 1047 870 tonsorium
1091 825 1286 891 super
1332 804 1627 890 iugulum
1679 824 1892 869 meum
1939 805 2142 889 posui.
2232 801 2545 868 Videatur

176 911 360 974 etiam
427 911 672 975 Plinius
735 910 851 975 VlI
909 931 1046 995 cap.
1099 917 1221 977 59:
1280 911 1527 994 primus
1582 910 1869 973 omnium
1918 909 2063 972 radi
2111 906 2398 993 quotidie
2445 907 2544 970 in·

178 1015 383 1080 stituit
431 1013 771 1079 Africanus
819 1034 1127 1099 sequens:
1198 1015 1386 1079 divus
1436 1016 1767 1099 Augustus
1814 1013 2034 1079 cultris
2080 1031 2333 1098 semper
2382 1030 2539 1076 usus

174 1128 307 1196 est,
358 1121 400 1186 i.
456 1140 509 1184 e.
553 1139 807 1205 semper
849 1119 1108 1184 barbam
1153 1119 1458 1184 tondebat.
1511 1118 1890 1183 Rectissime
1915 1118 2120 1203 igitur
2144 1112 2538 1183 Scholiasta:

174 1223 490 1291 admittere
535 1225 754 1309 cultri]
808 1222 873 1288 id
921 1235 1054 1302 est,
1107 1222 1356 1289 tondere
1396 1221 1685 1288 barbam.

1011 1328 1378 1403 Sat.·x[v;
1430 1332 1560 1393 252
1604 1348 1708 1413 sq.

434 1453 625 1499 nemo
671 1434 830 1498 salis
876 1433 1083 1499 credit
1129 1441 1384 1498 tantum
1434 1431 1805 1517 delinquere
1833 1480 1848 1510 ,
1900 1439 2218 1517 quantum

434 1539 808 1625 permittam
853 1560 1006 1605 Auso
1053 1538 1392 1623 indulgent
1438 1537 1562 1603 sibi
1609 1536 1804 1603 latius
1851 1538 1998 1622 ipsi.

260 1642 384 1709 Vox
430 1646 621 1721 adeo,
668 1654 983 1730 quantum
1034 1645 1211 1728 potui
1260 1642 1638 1719 observare,
1689 1660 2043 1727 numquam
2087 1638 2365 1725 augendi
2405 1639 2535 1705 vim

174 1766 424 1832 prorsus
476 1749 811 1835 deposuit,
864 1749 952 1813 ita
1002 1757 1075 1813 ut
1120 1748 1201 1812 ab
1249 1747 1368 1812 hoc
1417 1745 1592 1822 loco,
1639 1746 1827 1812 cuius
1875 1745 2029 1811 baec
2056 1753 2154 1811 est
2180 1745 2537 1821 sententia,

175 1854 348 1937 »quia
412 1874 598 1918 nemo
646 1854 797 1918 sati's
843 1873 973 1918 esse
1018 1852 1212 1918 credit
1259 1862 1496 1918 lantum
1545 1852 1906 1937 delinquere
1951 1859 2252 1936 quantum
2301 1850 2358 1914 ei
2396 1869 2538 1935 per-

174 1957 405 2034 mittas,
443 1958 599 2043 plus
643 1958 971 2043 indulqent
1018 1957 1139 2021 sibi
1180 1958 1373 2041 ipsi”,
1424 1956 1630 2023 aliena
1681 1976 1820 2022 esse
1868 1956 2186 2021 videatur.
2240 1954 2536 2021 Scribere

174 2060 362 2144 igilur
410 2063 675 2129 malim:

710 2187 845 2232 mro
895 2165 1228 2251 indulgent
1275 2165 1395 2231 sibi
1447 2166 1641 2231 latius
1688 2166 1837 2252 ipsi.

1001 2272 1130 2337 Sat.
1184 2272 1366 2348 XIV,
1423 2276 1551 2337 265
1603 2292 1697 2356 sq.

429 2397 517 2442 an
570 2379 775 2462 magis
819 2376 1139 2443 oblectant
1185 2377 1476 2441 animum
1527 2376 1761 2440 iactata
1811 2382 2077 2459 petauro

427 2502 699 2567 corpora
747 2483 986 2568 quique
1036 2481 1193 2548 solet
1243 2500 1470 2547 sacrun
1515 2477 1899 2547 descendere
1949 2476 2197 2545 funem.

258 2587 665 2653 Adiectivum
726 2599 931 2653 rectus
986 2586 1177 2652 babet
1240 2587 1363 2652 sibi
1428 2588 1715 2672 opposita
1767 2585 2024 2650 nomina
2065 2603 2333 2670 pravus,
2380 2582 2537 2648 obli-

174 2711 353 2775 quus,
402 2713 668 2768 curvus,
718 2694 805 2757 ita
858 2702 925 2758 ut
972 2712 1100 2778 qua
1145 2693 1207 2755 vi
1248 2690 1420 2757 suuis
1447 2690 1953 2765 ambulatorium
2007 2708 2153 2754 nam
2181 2687 2259 2754 de
2282 2686 2533 2753 funam-

176 2795 329 2860 bulis
375 2816 593 2863 sermo
641 2804 778 2874 est,
828 2808 1031 2861 rectus
1078 2796 1364 2874 dicatur,
1418 2815 1541 2860 non
1591 2796 1750 2859 salis
1796 2812 2120 2879 assequar.
2186 2789 2415 2858 Nescio
2451 2810 2531 2856 au

174 2910 379 2982 poetae
430 2921 664 2966 manus
700 2900 783 2965 sit
832 2899 1057 2965 haece:

340 3008 586 3092 quique
634 3004 793 3070 solet
844 3006 1057 3094 (quive
1103 3004 1327 3091 solet?)
1377 3023 1614 3069 remim
1663 3001 2046 3068 descendere
2093 3000 2334 3067 sunem.

905 3110 1036 3175 Sat.
1087 3111 1230 3176 XIV
1281 3129 1429 3196 pars
1478 3118 1784 3175 extrema.

434 3215 504 3282 Si
556 3214 840 3280 nondum
892 3215 1150 3300 implevi
1196 3218 1556 3299 gremium,
1610 3214 1663 3278 si
1715 3211 2020 3298 panditur
2060 3209 2257 3289 ultra,

433 3339 553 3385 nec
596 3319 809 3385 Croesi
860 3319 1116 3386 fortuna
1168 3337 1474 3404 umquam
1526 3318 1947 3384 nec-Persica
1995 3335 2194 3402 regna

427 3421 755 3489 sufficient
803 3425 1018 3489 animo
1065 3443 1182 3490 nec
1228 3423 1492 3489 divitiae
1539 3423 1845 3489 Narcissi.

428 3528 736 3615 [indulsit
781 3529 1012 3594 Caesar
1059 3531 1162 3594 cui
1216 3529 1526 3595 Claudius
1575 3529 1819 3603 omnia,
1867 3526 2057 3592 cuius

430 3636 646 3719 paruit
696 3635 986 3720 imperiis
1035 3652 1298 3700 uxorem
1350 3633 1644 3700 occidere
1691 3634 1960 3717 iussusJ.

251 3736 387 3803 Duo
436 3739 648 3805 ultimi
695 3759 956 3817 versuS,
1005 3739 1129 3803 nisi
1181 3755 1296 3804 me·
1318 3739 1535 3804 omnia
1573 3736 1837 3816 fallunt,
1879 3745 2030 3802 sunt
2054 3734 2367 3801 scholium
2397 3753 2527 3803 me·

170 3842 394 3908 lricum
423 3895 442 3920 ,
509 3861 632 3908 non
684 3845 885 3930 ipsius
933 3854 1153 3929 poetae
1201 3844 1415 3910 verba.
1490 3843 1613 3923 Qui
1660 3842 1999 3908 Narcissus
2046 3840 2527 3926 significaretur

171 3941 397 4013 latebat
458 3950 683 4034 opinor
732 3951 1053 4015 neminem
1105 3949 1403 4015 lectorem
1458 3947 1857 4024 Romanum,
1905 3965 2054 4022 nec,
2105 3945 2274 4032 quod
2323 3947 2526 4011 maio-

172 4050 257 4114 ris
298 4054 491 4117 etiam
541 4061 639 4118 est
685 4055 1029 4130 momenti,
1082 4055 1427 4139 quicquam
1473 4052 1588 4118 boc
1631 4053 1764 4118 loco
1802 4050 1882 4117 ad
1926 4069 2059 4116 rem
2102 4050 2313 4116 facere
2341 4059 2521 4136 puto,

173 4161 385 4221 utrum
444 4173 517 4224 eo
574 4167 837 4224 auctore
899 4158 1202 4236 Claudius
1270 4160 1617 4244 imperator
1673 4156 2074 4223 Messalinam
2125 4154 2525 4223 interfecerit

172 4269 400 4338 necne,
449 4261 1004 4348 quandoquidem,
1058 4271 1128 4329 ut
1174 4271 1438 4350 apparet
1479 4283 1514 4328 e
1554 4263 1975 4347 praegressis,
2026 4261 2129 4329 bic
2154 4260 2371 4347 agitur
2393 4280 2522 4327 nou

170 4360 251 4426 de
284 4368 548 4448 potentia
594 4367 914 4446 bominis,
965 4367 1074 4434 sed
1124 4367 1201 4434 de
1250 4367 1399 4433 solis
1445 4369 1589 4433 eius
1635 4367 1886 4432 divitiis.
