<?xml version="1.0" encoding="UTF-8"?>
<!DOCTYPE html PUBLIC "-//W3C//DTD XHTML 1.0 Transitional//EN"
    "http://www.w3.org/TR/xhtml1/DTD/xhtml1-transitional.dtd">
<html xmlns="http://www.w3.org/1999/xhtml" xml:lang="en" lang="en">
 <head>
  <title>
</title>
<meta http-equiv="Content-Type" content="text/html;charset=utf-8" />
  <meta name='ocr-system' content='tesseract 3.04.00' />
  <meta name='ocr-capabilities' content='ocr_page ocr_carea ocr_par ocr_line ocrx_word'/>
</head>
<body>
  <div class='ocr_page' id='page_1' title='image "./mnemosynebiblio09servgoog/mnemosynebiblio09servgoog_0257.png"; bbox 0 0 2934 5050; ppageno 0'>
   <div class='ocr_carea' id='block_1_1' title="bbox 680 950 2062 1046">
    <p class='ocr_par' dir='ltr' id='par_1_1' title="bbox 680 950 2062 1046">
     <span class='ocr_line' id='line_1_1' title="bbox 680 950 2062 1046; baseline -0.001 -4"><span class='ocrx_word' id='word_1_1' title='bbox 680 952 1264 1046; x_wconf 89' lang='lat' dir='ltr'><strong>LUCILIANA</strong></span> <span class='ocrx_word' id='word_1_2' title='bbox 1307 954 1438 1045; x_wconf 85' lang='grc' dir='ltr'>ΕΤ</span> <span class='ocrx_word' id='word_1_3' title='bbox 1490 950 2062 1045; x_wconf 87' lang='lat' dir='ltr'>LUCIANEA.</span> 
     </span>
    </p>
   </div>
   <div class='ocr_carea' id='block_1_2' title="bbox 190 1495 2558 2224">
    <p class='ocr_par' dir='ltr' id='par_1_2' title="bbox 190 1495 2558 2224">
     <span class='ocr_line' id='line_1_2' title="bbox 270 1495 2556 1587; baseline 0.003 -25"><span class='ocrx_word' id='word_1_4' title='bbox 270 1495 587 1567; x_wconf 83' lang='lat' dir='ltr'>Lucianus</span> <span class='ocrx_word' id='word_1_5' title='bbox 625 1497 973 1568; x_wconf 78' lang='lat' dir='ltr'><strong>Muellerus</strong></span> <span class='ocrx_word' id='word_1_6' title='bbox 1010 1518 1163 1567; x_wconf 89' lang='lat' dir='ltr'>cum</span> <span class='ocrx_word' id='word_1_7' title='bbox 1205 1500 1274 1565; x_wconf 89' lang='lat' dir='ltr'>in</span> <span class='ocrx_word' id='word_1_8' title='bbox 1316 1496 1585 1567; x_wconf 88' lang='lat' dir='ltr'>historia</span> <span class='ocrx_word' id='word_1_9' title='bbox 1628 1498 2012 1587; x_wconf 81' lang='lat' dir='ltr'>philologiae</span> <span class='ocrx_word' id='word_1_10' title='bbox 2051 1496 2556 1568; x_wconf 85' lang='lat' dir='ltr'>Nederlandicae</span> 
     </span>
     <span class='ocr_line' id='line_1_3' title="bbox 192 1604 2556 1694; baseline 0.001 -25"><span class='ocrx_word' id='word_1_11' title='bbox 192 1607 249 1669; x_wconf 86' lang='lat' dir='ltr'>a⁰</span> <span class='ocrx_word' id='word_1_12' title='bbox 293 1609 460 1673; x_wconf 84' lang='grc'><strong>1869</strong></span> <span class='ocrx_word' id='word_1_13' title='bbox 507 1606 631 1674; x_wconf 86' lang='lat' dir='ltr'>sibi</span> <span class='ocrx_word' id='word_1_14' title='bbox 679 1605 1024 1673; x_wconf 85' lang='lat' dir='ltr'>dicendum</span> <span class='ocrx_word' id='word_1_15' title='bbox 1075 1613 1373 1694; x_wconf 88' lang='lat' dir='ltr'>putaret,</span> <span class='ocrx_word' id='word_1_16' title='bbox 1425 1606 1751 1673; x_wconf 89' lang='lat' dir='ltr'>neminem</span> <span class='ocrx_word' id='word_1_17' title='bbox 1800 1626 1975 1673; x_wconf 91' lang='lat' dir='ltr'>nunc</span> <span class='ocrx_word' id='word_1_18' title='bbox 2020 1606 2086 1672; x_wconf 92' lang='lat' dir='ltr'>in</span> <span class='ocrx_word' id='word_1_19' title='bbox 2130 1605 2253 1672; x_wconf 90' lang='lat' dir='ltr'>hac</span> <span class='ocrx_word' id='word_1_20' title='bbox 2293 1604 2556 1692; x_wconf 78' lang='lat' dir='ltr'>regione</span> 
     </span>
     <span class='ocr_line' id='line_1_4' title="bbox 193 1711 2558 1801; baseline 0 -24"><span class='ocrx_word' id='word_1_21' title='bbox 193 1719 422 1780; x_wconf 83' lang='lat' dir='ltr'>exstare</span> <span class='ocrx_word' id='word_1_22' title='bbox 485 1712 904 1801; x_wconf 71' lang='lat' dir='ltr'>probabiliter</span> <span class='ocrx_word' id='word_1_23' title='bbox 965 1712 1189 1778; x_wconf 81' lang='lat' dir='ltr'>Latine</span> <span class='ocrx_word' id='word_1_24' title='bbox 1250 1713 1574 1801; x_wconf 89' lang='lat' dir='ltr'>peritum,</span> <span class='ocrx_word' id='word_1_25' title='bbox 1636 1733 1737 1780; x_wconf 91' lang='lat' dir='ltr'>me</span> <span class='ocrx_word' id='word_1_26' title='bbox 1784 1711 1863 1779; x_wconf 89' lang='lat' dir='ltr'>ad</span> <span class='ocrx_word' id='word_1_27' title='bbox 1915 1711 2332 1780; x_wconf 86' lang='lat' dir='ltr'>scribendum</span> <span class='ocrx_word' id='word_1_28' title='bbox 2379 1712 2558 1779; x_wconf 85' lang='lat' dir='ltr'>exci-</span> 
     </span>
     <span class='ocr_line' id='line_1_5' title="bbox 195 1816 2556 1907; baseline 0.002 -27"><span class='ocrx_word' id='word_1_29' title='bbox 195 1818 375 1898; x_wconf 83' lang='lat' dir='ltr'>tavit,</span> <span class='ocrx_word' id='word_1_30' title='bbox 427 1828 504 1886; x_wconf 87' lang='lat' dir='ltr'>ut</span> <span class='ocrx_word' id='word_1_31' title='bbox 550 1838 715 1907; x_wconf 88' lang='lat' dir='ltr'>quae</span> <span class='ocrx_word' id='word_1_32' title='bbox 760 1817 1161 1906; x_wconf 81' lang='lat' dir='ltr'>aliquamdiu</span> <span class='ocrx_word' id='word_1_33' title='bbox 1212 1820 1274 1884; x_wconf 92' lang='lat' dir='ltr'>in</span> <span class='ocrx_word' id='word_1_34' title='bbox 1302 1820 1566 1886; x_wconf 85' lang='lat' dir='ltr'>scriniis</span> <span class='ocrx_word' id='word_1_35' title='bbox 1602 1820 1885 1907; x_wconf 88' lang='lat' dir='ltr'>reposita</span> <span class='ocrx_word' id='word_1_36' title='bbox 1926 1817 2225 1885; x_wconf 88' lang='lat' dir='ltr'>haberem</span> <span class='ocrx_word' id='word_1_37' title='bbox 2267 1816 2348 1884; x_wconf 91' lang='lat' dir='ltr'>ad</span> <span class='ocrx_word' id='word_1_38' title='bbox 2385 1837 2556 1884; x_wconf 92' lang='lat' dir='ltr'>com·</span> 
     </span>
     <span class='ocr_line' id='line_1_6' title="bbox 193 1923 2555 2013; baseline 0.001 -25"><span class='ocrx_word' id='word_1_39' title='bbox 193 1942 435 1992; x_wconf 90' lang='lat' dir='ltr'>munem</span> <span class='ocrx_word' id='word_1_40' title='bbox 489 1925 783 1992; x_wconf 75' lang='lat' dir='ltr'>notitiam</span> <span class='ocrx_word' id='word_1_41' title='bbox 833 1923 1196 2013; x_wconf 80' lang='lat' dir='ltr'>proderem.</span> <span class='ocrx_word' id='word_1_42' title='bbox 1292 1925 1374 1991; x_wconf 75' lang='lat' dir='ltr'>At</span> <span class='ocrx_word' id='word_1_43' title='bbox 1410 1945 1589 1991; x_wconf 58' lang='lat' dir='ltr'>vum</span> <span class='ocrx_word' id='word_1_44' title='bbox 1632 1924 1857 2013; x_wconf 88' lang='lat' dir='ltr'>pedem</span> <span class='ocrx_word' id='word_1_45' title='bbox 1902 1923 2266 1990; x_wconf 74' lang='lat' dir='ltr'>intulissem</span> <span class='ocrx_word' id='word_1_46' title='bbox 2311 1925 2375 1989; x_wconf 93' lang='lat' dir='ltr'>in</span> <span class='ocrx_word' id='word_1_47' title='bbox 2410 1942 2555 1990; x_wconf 90' lang='lat' dir='ltr'>eam</span> 
     </span>
     <span class='ocr_line' id='line_1_7' title="bbox 191 2029 2556 2119; baseline 0.001 -25"><span class='ocrx_word' id='word_1_48' title='bbox 191 2031 537 2117; x_wconf 82' lang='lat' dir='ltr'>regionem,</span> <span class='ocrx_word' id='word_1_49' title='bbox 600 2050 793 2118; x_wconf 89' lang='lat' dir='ltr'>quam</span> <span class='ocrx_word' id='word_1_50' title='bbox 864 2032 1000 2119; x_wconf 92' lang='lat' dir='ltr'>ipse</span> <span class='ocrx_word' id='word_1_51' title='bbox 1056 2029 1413 2118; x_wconf 82' lang='lat' dir='ltr'>possedisse</span> <span class='ocrx_word' id='word_1_52' title='bbox 1461 2031 1635 2097; x_wconf 86' lang='lat' dir='ltr'>solus</span> <span class='ocrx_word' id='word_1_53' title='bbox 1683 2031 1804 2098; x_wconf 82' lang='lat' dir='ltr'>sibi</span> <span class='ocrx_word' id='word_1_54' title='bbox 1859 2030 2199 2098; x_wconf 85' lang='lat' dir='ltr'>videbatur</span> <span class='ocrx_word' id='word_1_55' title='bbox 2246 2037 2311 2098; x_wconf 90' lang='lat' dir='ltr'>et</span> <span class='ocrx_word' id='word_1_56' title='bbox 2367 2050 2556 2096; x_wconf 91' lang='lat' dir='ltr'>nemo</span> 
     </span>
     <span class='ocr_line' id='line_1_8' title="bbox 190 2134 2552 2224; baseline 0.001 -24"><span class='ocrx_word' id='word_1_57' title='bbox 190 2134 371 2223; x_wconf 86' lang='lat' dir='ltr'>ipsius</span> <span class='ocrx_word' id='word_1_58' title='bbox 435 2135 698 2224; x_wconf 87' lang='lat' dir='ltr'>quidem</span> <span class='ocrx_word' id='word_1_59' title='bbox 771 2136 1013 2204; x_wconf 87' lang='lat' dir='ltr'>iudicio</span> <span class='ocrx_word' id='word_1_60' title='bbox 1086 2137 1319 2204; x_wconf 89' lang='lat' dir='ltr'>melius</span> <span class='ocrx_word' id='word_1_61' title='bbox 1388 2137 1815 2215; x_wconf 82' lang='lat' dir='ltr'>elaborasset,</span> <span class='ocrx_word' id='word_1_62' title='bbox 1866 2137 2076 2224; x_wconf 92' lang='lat' dir='ltr'>palam</span> <span class='ocrx_word' id='word_1_63' title='bbox 2128 2135 2438 2203; x_wconf 88' lang='lat' dir='ltr'>iudicavit</span> <span class='ocrx_word' id='word_1_64' title='bbox 2486 2136 2552 2202; x_wconf 95' lang='lat' dir='ltr'>in</span> 
     </span>
    </p>
   </div>
   <div class='ocr_carea' id='block_1_3' title="bbox 70 2235 2555 2341">
    <p class='ocr_par' dir='ltr' id='par_1_3' title="bbox 70 2235 2555 2341">
     <span class='ocr_line' id='line_1_9' title="bbox 70 2235 2555 2341; baseline 0.001 -35"><span class='ocrx_word' id='word_1_65' title='bbox 70 2235 73 2256; x_wconf 75' lang='grc'><strong>”</strong></span> <span class='ocrx_word' id='word_1_66' title='bbox 189 2240 495 2310; x_wconf 88' lang='lat' dir='ltr'>Teubneri</span> <span class='ocrx_word' id='word_1_67' title='bbox 545 2242 786 2311; x_wconf 89' lang='lat' dir='ltr'>Notitia</span> <span class='ocrx_word' id='word_1_68' title='bbox 834 2240 1147 2309; x_wconf 90' lang='lat' dir='ltr'>librorum</span> <span class='ocrx_word' id='word_1_69' title='bbox 1199 2242 1279 2310; x_wconf 90' lang='lat' dir='ltr'>ad</span> <span class='ocrx_word' id='word_1_70' title='bbox 1326 2242 1675 2310; x_wconf 88' lang='lat' dir='ltr'>editionem</span> <span class='ocrx_word' id='word_1_71' title='bbox 1720 2251 2091 2330; x_wconf 88' lang='lat' dir='ltr'>paratorum</span> <span class='ocrx_word' id='word_1_72' title='bbox 2123 2244 2363 2341; x_wconf 60' lang='lat' dir='ltr'>(Iliense</span> <span class='ocrx_word' id='word_1_73' title='bbox 2391 2243 2555 2310; x_wconf 79' lang='lat' dir='ltr'>Maio</span> 
     </span>
    </p>
   </div>
   <div class='ocr_carea' id='block_1_4' title="bbox 187 2348 2557 2440">
    <p class='ocr_par' dir='ltr' id='par_1_4' title="bbox 187 2348 2557 2440">
     <span class='ocr_line' id='line_1_10' title="bbox 187 2348 2557 2440; baseline 0.001 -27"><span class='ocrx_word' id='word_1_74' title='bbox 187 2367 237 2413; x_wconf 87' lang='lat' dir='ltr'>a.</span> <span class='ocrx_word' id='word_1_75' title='bbox 300 2349 498 2440; x_wconf 81' lang='lat'>1869)</span> <span class='ocrx_word' id='word_1_76' title='bbox 571 2349 693 2416; x_wconf 87' lang='lat' dir='ltr'>sihi</span> <span class='ocrx_word' id='word_1_77' title='bbox 742 2348 1088 2416; x_wconf 86' lang='lat' dir='ltr'>consilium</span> <span class='ocrx_word' id='word_1_78' title='bbox 1136 2368 1278 2417; x_wconf 89' lang='lat' dir='ltr'>esse</span> <span class='ocrx_word' id='word_1_79' title='bbox 1324 2348 1554 2416; x_wconf 89' lang='lat' dir='ltr'>edendi</span> <span class='ocrx_word' id='word_1_80' title='bbox 1604 2348 1960 2428; x_wconf 62' lang='lat' dir='ltr'>Lucilium,</span> <span class='ocrx_word' id='word_1_81' title='bbox 2010 2349 2088 2417; x_wconf 90' lang='lat' dir='ltr'>ad</span> <span class='ocrx_word' id='word_1_82' title='bbox 2138 2350 2327 2417; x_wconf 85' lang='lat' dir='ltr'>cuius</span> <span class='ocrx_word' id='word_1_83' title='bbox 2372 2349 2557 2417; x_wconf 80' lang='lat' dir='ltr'>‹leca-</span> 
     </span>
    </p>
   </div>
   <div class='ocr_carea' id='block_1_5' title="bbox 70 2447 2557 2545">
    <p class='ocr_par' dir='ltr' id='par_1_5' title="bbox 70 2447 2557 2545">
     <span class='ocr_line' id='line_1_11' title="bbox 70 2447 2557 2545; baseline 0.001 -26"><span class='ocrx_word' id='word_1_84' title='bbox 70 2447 71 2456; x_wconf 72' lang='grc'>’</span> <span class='ocrx_word' id='word_1_85' title='bbox 187 2451 314 2522; x_wconf 87' lang='lat' dir='ltr'>dem</span> <span class='ocrx_word' id='word_1_86' title='bbox 364 2457 642 2545; x_wconf 84' lang='lat' dir='ltr'>primam</span> <span class='ocrx_word' id='word_1_87' title='bbox 697 2466 833 2522; x_wconf 91' lang='lat' dir='ltr'>tum</span> <span class='ocrx_word' id='word_1_88' title='bbox 884 2457 1302 2523; x_wconf 87' lang='lat' dir='ltr'>coniectanea</span> <span class='ocrx_word' id='word_1_89' title='bbox 1349 2454 1663 2544; x_wconf 87' lang='lat' dir='ltr'>quaedam</span> <span class='ocrx_word' id='word_1_90' title='bbox 1714 2455 1794 2523; x_wconf 86' lang='lat' dir='ltr'>ad</span> <span class='ocrx_word' id='word_1_91' title='bbox 1846 2455 2261 2523; x_wconf 76' lang='lat' dir='ltr'>Academiam</span> <span class='ocrx_word' id='word_1_92' title='bbox 2306 2455 2557 2522; x_wconf 87' lang='lat' dir='ltr'>Doctri-</span> 
     </span>
    </p>
   </div>
   <div class='ocr_carea' id='block_1_6' title="bbox 188 2559 2577 3713">
    <p class='ocr_par' dir='ltr' id='par_1_6' title="bbox 188 2559 2577 3713">
     <span class='ocr_line' id='line_1_12' title="bbox 188 2559 2577 2652; baseline 0.001 -26"><span class='ocrx_word' id='word_1_93' title='bbox 188 2579 399 2629; x_wconf 87' lang='lat' dir='ltr'>narum</span> <span class='ocrx_word' id='word_1_94' title='bbox 451 2559 989 2631; x_wconf 84' lang='lat' dir='ltr'>Nederlandicam</span> <span class='ocrx_word' id='word_1_95' title='bbox 1036 2563 1361 2630; x_wconf 88' lang='lat' dir='ltr'>missurus</span> <span class='ocrx_word' id='word_1_96' title='bbox 1400 2583 1576 2630; x_wconf 87' lang='lat' dir='ltr'>eram</span> <span class='ocrx_word' id='word_1_97' title='bbox 1624 2563 1912 2652; x_wconf 87' lang='lat' dir='ltr'>(accepta</span> <span class='ocrx_word' id='word_1_98' title='bbox 1951 2570 2103 2630; x_wconf 86' lang='lat' dir='ltr'>sunt</span> <span class='ocrx_word' id='word_1_99' title='bbox 2145 2562 2208 2628; x_wconf 92' lang='lat' dir='ltr'>in</span> <span class='ocrx_word' id='word_1_100' title='bbox 2252 2580 2577 2629; x_wconf 46' lang='lat' dir='ltr'>consessu*</span> 
     </span>
     <span class='ocr_line' id='line_1_13' title="bbox 191 2667 2555 2759; baseline 0 -25"><span class='ocrx_word' id='word_1_101' title='bbox 191 2685 265 2736; x_wconf 90' lang='lat' dir='ltr'>m.</span> <span class='ocrx_word' id='word_1_102' title='bbox 310 2667 558 2759; x_wconf 81' lang='lat' dir='ltr'>Junio).</span> <span class='ocrx_word' id='word_1_103' title='bbox 657 2668 1026 2736; x_wconf 85' lang='lat' dir='ltr'>Absterruit</span> <span class='ocrx_word' id='word_1_104' title='bbox 1075 2689 1178 2736; x_wconf 87' lang='lat' dir='ltr'>me</span> <span class='ocrx_word' id='word_1_105' title='bbox 1226 2689 1262 2735; x_wconf 92' lang='lat' dir='ltr'>a</span> <span class='ocrx_word' id='word_1_106' title='bbox 1329 2671 1654 2757; x_wconf 83' lang='lat' dir='ltr'>proposito</span> <span class='ocrx_word' id='word_1_107' title='bbox 1702 2670 1994 2736; x_wconf 89' lang='lat' dir='ltr'>omnium</span> <span class='ocrx_word' id='word_1_108' title='bbox 2044 2668 2555 2756; x_wconf 81' lang='lat' dir='ltr'>fragmentorum</span> 
     </span>
     <span class='ocr_line' id='line_1_14' title="bbox 188 2772 2557 2861; baseline -0.001 -21"><span class='ocrx_word' id='word_1_109' title='bbox 188 2772 563 2842; x_wconf 87' lang='lat' dir='ltr'>edendorum</span> <span class='ocrx_word' id='word_1_110' title='bbox 610 2794 735 2841; x_wconf 90' lang='lat' dir='ltr'>non</span> <span class='ocrx_word' id='word_1_111' title='bbox 788 2784 921 2842; x_wconf 90' lang='lat' dir='ltr'>tam</span> <span class='ocrx_word' id='word_1_112' title='bbox 972 2774 1257 2842; x_wconf 81' lang='lat' dir='ltr'>Muelleri</span> <span class='ocrx_word' id='word_1_113' title='bbox 1309 2793 1575 2852; x_wconf 89' lang='lat' dir='ltr'>nomen,</span> <span class='ocrx_word' id='word_1_114' title='bbox 1617 2795 1743 2861; x_wconf 89' lang='lat' dir='ltr'>quo</span> <span class='ocrx_word' id='word_1_115' title='bbox 1784 2794 1959 2841; x_wconf 87' lang='lat' dir='ltr'>nunc</span> <span class='ocrx_word' id='word_1_116' title='bbox 1999 2773 2447 2860; x_wconf 80' lang='lat' dir='ltr'>illegloriatur</span> <span class='ocrx_word' id='word_1_117' title='bbox 2476 2774 2557 2860; x_wconf 87' lang='lat'>¹),</span> 
     </span>
     <span class='ocr_line' id='line_1_15' title="bbox 191 2876 2555 2971; baseline -0.001 -25"><span class='ocrx_word' id='word_1_118' title='bbox 191 2899 365 2966; x_wconf 86' lang='lat' dir='ltr'>quam</span> <span class='ocrx_word' id='word_1_119' title='bbox 427 2879 804 2968; x_wconf 89' lang='lat' dir='ltr'>bibliopolae</span> <span class='ocrx_word' id='word_1_120' title='bbox 863 2881 1035 2948; x_wconf 87' lang='lat' dir='ltr'>inter</span> <span class='ocrx_word' id='word_1_121' title='bbox 1096 2880 1385 2948; x_wconf 88' lang='lat' dir='ltr'>aemulos</span> <span class='ocrx_word' id='word_1_122' title='bbox 1433 2879 1871 2971; x_wconf 82' lang='lat' dir='ltr'>typographos</span> <span class='ocrx_word' id='word_1_123' title='bbox 1918 2880 2340 2955; x_wconf 84' lang='lat' dir='ltr'>existimatio;</span> <span class='ocrx_word' id='word_1_124' title='bbox 2389 2876 2555 2945; x_wconf 91' lang='lat' dir='ltr'>duae</span> 
     </span>
     <span class='ocr_line' id='line_1_16' title="bbox 193 2984 2558 3074; baseline -0 -24"><span class='ocrx_word' id='word_1_125' title='bbox 193 2992 254 3050; x_wconf 89' lang='lat' dir='ltr'>ut</span> <span class='ocrx_word' id='word_1_126' title='bbox 297 2985 629 3074; x_wconf 89' lang='lat' dir='ltr'>prodirent</span> <span class='ocrx_word' id='word_1_127' title='bbox 680 2984 876 3053; x_wconf 89' lang='lat' dir='ltr'>simul</span> <span class='ocrx_word' id='word_1_128' title='bbox 930 2985 1246 3053; x_wconf 86' lang='lat' dir='ltr'>editiones</span> <span class='ocrx_word' id='word_1_129' title='bbox 1287 3006 1404 3054; x_wconf 89' lang='lat' dir='ltr'>nec</span> <span class='ocrx_word' id='word_1_130' title='bbox 1447 2986 1511 3053; x_wconf 91' lang='lat' dir='ltr'>di</span> <span class='ocrx_word' id='word_1_131' title='bbox 1554 3007 1670 3054; x_wconf 88' lang='lat' dir='ltr'>nec</span> <span class='ocrx_word' id='word_1_132' title='bbox 1710 2986 2004 3053; x_wconf 90' lang='lat' dir='ltr'>homines</span> <span class='ocrx_word' id='word_1_133' title='bbox 2043 3005 2159 3053; x_wconf 88' lang='lat' dir='ltr'>nec</span> <span class='ocrx_word' id='word_1_134' title='bbox 2185 3003 2558 3052; x_wconf 83' lang='lat' dir='ltr'>concessere</span> 
     </span>
     <span class='ocr_line' id='line_1_17' title="bbox 191 3088 2554 3179; baseline 0 -24"><span class='ocrx_word' id='word_1_135' title='bbox 191 3088 527 3160; x_wconf 78' lang='lat' dir='ltr'>columnae.</span> <span class='ocrx_word' id='word_1_136' title='bbox 625 3092 898 3160; x_wconf 87' lang='lat' dir='ltr'>Interim</span> <span class='ocrx_word' id='word_1_137' title='bbox 962 3090 1136 3159; x_wconf 89' lang='lat' dir='ltr'>nulla</span> <span class='ocrx_word' id='word_1_138' title='bbox 1203 3111 1397 3158; x_wconf 86' lang='lat' dir='ltr'>causa</span> <span class='ocrx_word' id='word_1_139' title='bbox 1459 3112 1601 3160; x_wconf 86' lang='lat' dir='ltr'>esse</span> <span class='ocrx_word' id='word_1_140' title='bbox 1651 3091 2025 3169; x_wconf 83' lang='lat' dir='ltr'>videbatur,</span> <span class='ocrx_word' id='word_1_141' title='bbox 2100 3093 2255 3179; x_wconf 90' lang='lat' dir='ltr'>quin</span> <span class='ocrx_word' id='word_1_142' title='bbox 2308 3098 2554 3179; x_wconf 85' lang='lat' dir='ltr'>partem</span> 
     </span>
     <span class='ocr_line' id='line_1_18' title="bbox 193 3196 2557 3286; baseline 0 -25"><span class='ocrx_word' id='word_1_143' title='bbox 193 3204 350 3264; x_wconf 87' lang='lat' dir='ltr'>certe</span> <span class='ocrx_word' id='word_1_144' title='bbox 384 3217 608 3266; x_wconf 88' lang='lat' dir='ltr'>eorum</span> <span class='ocrx_word' id='word_1_145' title='bbox 635 3248 654 3272; x_wconf 87' lang='lat'>.</span> <span class='ocrx_word' id='word_1_146' title='bbox 694 3218 859 3286; x_wconf 89' lang='lat' dir='ltr'>quae</span> <span class='ocrx_word' id='word_1_147' title='bbox 909 3207 1131 3286; x_wconf 86' lang='lat' dir='ltr'>parata</span> <span class='ocrx_word' id='word_1_148' title='bbox 1173 3196 1520 3276; x_wconf 87' lang='lat' dir='ltr'>habebam,</span> <span class='ocrx_word' id='word_1_149' title='bbox 1563 3198 1801 3285; x_wconf 85' lang='lat' dir='ltr'>publici</span> <span class='ocrx_word' id='word_1_150' title='bbox 1841 3199 2005 3265; x_wconf 90' lang='lat' dir='ltr'>iuris</span> <span class='ocrx_word' id='word_1_151' title='bbox 2049 3196 2349 3266; x_wconf 78' lang='lat' dir='ltr'>facerem.</span> <span class='ocrx_word' id='word_1_152' title='bbox 2401 3196 2557 3263; x_wconf 82' lang='lat' dir='ltr'>Gon·</span> 
     </span>
     <span class='ocr_line' id='line_1_19' title="bbox 193 3302 2559 3391; baseline 0.001 -24"><span class='ocrx_word' id='word_1_153' title='bbox 193 3312 391 3371; x_wconf 79' lang='lat' dir='ltr'>secuta</span> <span class='ocrx_word' id='word_1_154' title='bbox 455 3305 660 3391; x_wconf 81' lang='lat' dir='ltr'>igitur</span> <span class='ocrx_word' id='word_1_155' title='bbox 723 3311 876 3370; x_wconf 89' lang='lat' dir='ltr'>suut</span> <span class='ocrx_word' id='word_1_156' title='bbox 938 3303 1362 3372; x_wconf 88' lang='lat' dir='ltr'>Coniectauea</span> <span class='ocrx_word' id='word_1_157' title='bbox 1430 3303 1510 3370; x_wconf 86' lang='lat' dir='ltr'>ad</span> <span class='ocrx_word' id='word_1_158' title='bbox 1559 3303 1863 3370; x_wconf 87' lang='lat' dir='ltr'>decadem</span> <span class='ocrx_word' id='word_1_159' title='bbox 1913 3302 2262 3371; x_wconf 86' lang='lat' dir='ltr'>secundam</span> <span class='ocrx_word' id='word_1_160' title='bbox 2313 3311 2379 3369; x_wconf 84' lang='lat' dir='ltr'>et</span> <span class='ocrx_word' id='word_1_161' title='bbox 2422 3311 2559 3370; x_wconf 86' lang='lat' dir='ltr'>ter-</span> 
     </span>
     <span class='ocr_line' id='line_1_20' title="bbox 195 3406 2557 3498; baseline 0.002 -29"><span class='ocrx_word' id='word_1_162' title='bbox 195 3406 373 3489; x_wconf 89' lang='lat' dir='ltr'>tiam,</span> <span class='ocrx_word' id='word_1_163' title='bbox 421 3411 660 3498; x_wconf 86' lang='lat' dir='ltr'>quihus</span> <span class='ocrx_word' id='word_1_164' title='bbox 706 3409 760 3476; x_wconf 85' lang='lat' dir='ltr'>si</span> <span class='ocrx_word' id='word_1_165' title='bbox 814 3409 1003 3478; x_wconf 83' lang='lat' dir='ltr'>vellet</span> <span class='ocrx_word' id='word_1_166' title='bbox 1050 3410 1130 3477; x_wconf 79' lang='lat' dir='ltr'>M.</span> <span class='ocrx_word' id='word_1_167' title='bbox 1180 3419 1498 3478; x_wconf 89' lang='lat' dir='ltr'>uteretur.</span> <span class='ocrx_word' id='word_1_168' title='bbox 1549 3410 1768 3488; x_wconf 89' lang='lat' dir='ltr'>Nunc,</span> <span class='ocrx_word' id='word_1_169' title='bbox 1815 3409 2097 3497; x_wconf 86' lang='lat' dir='ltr'>amplius</span> <span class='ocrx_word' id='word_1_170' title='bbox 2137 3409 2344 3477; x_wconf 89' lang='lat' dir='ltr'>trihus</span> <span class='ocrx_word' id='word_1_171' title='bbox 2370 3410 2557 3475; x_wconf 89' lang='lat' dir='ltr'>anuis</span> 
     </span>
     <span class='ocr_line' id='line_1_21' title="bbox 194 3513 2559 3604; baseline 0 -24"><span class='ocrx_word' id='word_1_172' title='bbox 194 3522 321 3597; x_wconf 83' lang='lat' dir='ltr'>post</span> <span class='ocrx_word' id='word_1_173' title='bbox 374 3515 610 3604; x_wconf 87' lang='lat' dir='ltr'>prodiit</span> <span class='ocrx_word' id='word_1_174' title='bbox 669 3513 915 3581; x_wconf 87' lang='lat' dir='ltr'>dudum</span> <span class='ocrx_word' id='word_1_175' title='bbox 968 3517 1285 3603; x_wconf 86' lang='lat' dir='ltr'>promissa</span> <span class='ocrx_word' id='word_1_176' title='bbox 1330 3515 1550 3584; x_wconf 91' lang='lat' dir='ltr'>editio.</span> <span class='ocrx_word' id='word_1_177' title='bbox 1649 3516 1720 3584; x_wconf 82' lang='lat' dir='ltr'>ln</span> <span class='ocrx_word' id='word_1_178' title='bbox 1772 3536 1900 3604; x_wconf 88' lang='lat' dir='ltr'>qua</span> <span class='ocrx_word' id='word_1_179' title='bbox 1950 3535 2180 3602; x_wconf 80' lang='lat' dir='ltr'>magna</span> <span class='ocrx_word' id='word_1_180' title='bbox 2228 3535 2378 3582; x_wconf 89' lang='lat' dir='ltr'>cum</span> <span class='ocrx_word' id='word_1_181' title='bbox 2431 3514 2559 3581; x_wconf 89' lang='lat' dir='ltr'>mei</span> 
     </span>
     <span class='ocr_line' id='line_1_22' title="bbox 197 3616 2556 3713; baseline 0.003 -31"><span class='ocrx_word' id='word_1_182' title='bbox 197 3616 574 3710; x_wconf 82' lang='lat' dir='ltr'>aliorumque</span> <span class='ocrx_word' id='word_1_183' title='bbox 625 3621 938 3688; x_wconf 72' lang='lat' dir='ltr'>Rieeecxn</span> <span class='ocrx_word' id='word_1_184' title='bbox 979 3622 1031 3711; x_wconf 89' lang='lat'>²)</span> <span class='ocrx_word' id='word_1_185' title='bbox 1097 3630 1254 3711; x_wconf 92' lang='lat' dir='ltr'>puta</span> <span class='ocrx_word' id='word_1_186' title='bbox 1283 3673 1301 3702; x_wconf 87' lang='lat'><strong>,</strong></span> <span class='ocrx_word' id='word_1_187' title='bbox 1345 3623 1632 3691; x_wconf 66' lang='lat' dir='ltr'>Manvlen</span> <span class='ocrx_word' id='word_1_188' title='bbox 1660 3624 1754 3713; x_wconf 83' lang='lat'>³),</span> <span class='ocrx_word' id='word_1_189' title='bbox 1803 3621 2129 3701; x_wconf 70' lang='lat' dir='ltr'>coassam,</span> <span class='ocrx_word' id='word_1_190' title='bbox 2180 3622 2294 3689; x_wconf 80' lang='lat' dir='ltr'>Tu.</span> <span class='ocrx_word' id='word_1_191' title='bbox 2343 3622 2556 3690; x_wconf 74' lang='lat' dir='ltr'>Montu-</span> 
     </span>
    </p>
   </div>
   <div class='ocr_carea' id='block_1_7' title="bbox 197 3774 658 3793">
    <p class='ocr_par' dir='ltr' id='par_1_7' title="bbox 197 3774 658 3793">
     <span class='ocr_line' id='line_1_23' title="bbox 197 3774 658 3793; baseline 0 1257"><span class='ocrx_word' id='word_1_192' title='bbox 197 3774 658 3793; x_wconf 95' lang='lat' dir='ltr'> </span> 
     </span>
    </p>
   </div>
   <div class='ocr_carea' id='block_1_8' title="bbox 196 3859 2559 4341">
    <p class='ocr_par' dir='ltr' id='par_1_8' title="bbox 196 3859 2559 4087">
     <span class='ocr_line' id='line_1_24' title="bbox 258 3859 2559 3932; baseline 0.004 -26"><span class='ocrx_word' id='word_1_193' title='bbox 258 3859 305 3920; x_wconf 79' lang='lat' dir='ltr'>t&gt;</span> <span class='ocrx_word' id='word_1_194' title='bbox 346 3860 738 3926; x_wconf 75' lang='lat' dir='ltr'>Mittheilungeu</span> <span class='ocrx_word' id='word_1_195' title='bbox 788 3877 890 3913; x_wconf 79' lang='lat' dir='ltr'>von</span> <span class='ocrx_word' id='word_1_196' title='bbox 932 3861 1173 3913; x_wconf 81' lang='lat' dir='ltr'>Teubner</span> <span class='ocrx_word' id='word_1_197' title='bbox 1211 3865 1337 3914; x_wconf 81' lang='lat'>1872</span> <span class='ocrx_word' id='word_1_198' title='bbox 1371 3862 1470 3914; x_wconf 73' lang='lat' dir='ltr'>N‘.</span> <span class='ocrx_word' id='word_1_199' title='bbox 1506 3868 1539 3913; x_wconf 81' lang='grc'><strong>4</strong></span> <span class='ocrx_word' id='word_1_200' title='bbox 1573 3877 1624 3927; x_wconf 87' lang='lat' dir='ltr'>p.</span> <span class='ocrx_word' id='word_1_201' title='bbox 1659 3867 1754 3915; x_wconf 67' lang='grc' dir='ltr'>ὕει</span> <span class='ocrx_word' id='word_1_202' title='bbox 1789 3864 1879 3915; x_wconf 85' lang='lat' dir='ltr'>der</span> <span class='ocrx_word' id='word_1_203' title='bbox 1912 3862 2126 3915; x_wconf 81' lang='lat' dir='ltr'>Unterz.</span> <span class='ocrx_word' id='word_1_204' title='bbox 2163 3862 2250 3929; x_wconf 80' lang='lat' dir='ltr'>(L.</span> <span class='ocrx_word' id='word_1_205' title='bbox 2285 3864 2386 3932; x_wconf 81' lang='lat' dir='ltr'>M.)</span> <span class='ocrx_word' id='word_1_206' title='bbox 2420 3865 2559 3917; x_wconf 70' lang='lat' dir='ltr'>hatte</span> 
     </span>
     <span class='ocr_line' id='line_1_25' title="bbox 196 3936 2558 4011; baseline 0.004 -23"><span class='ocrx_word' id='word_1_207' title='bbox 196 3936 392 3993; x_wconf 65' lang='lat' dir='ltr'>»ieta-mit</span> <span class='ocrx_word' id='word_1_208' title='bbox 419 3945 506 3996; x_wconf 82' lang='lat' dir='ltr'>der</span> <span class='ocrx_word' id='word_1_209' title='bbox 539 3943 811 4011; x_wconf 77' lang='lat' dir='ltr'>Hoffnung</span> <span class='ocrx_word' id='word_1_210' title='bbox 842 3944 1260 4010; x_wconf 75' lang='lat' dir='ltr'>geeehmeichelt‚</span> <span class='ocrx_word' id='word_1_211' title='bbox 1297 3958 1352 3995; x_wconf 83' lang='lat' dir='ltr'>ee</span> <span class='ocrx_word' id='word_1_212' title='bbox 1383 3946 1592 3997; x_wconf 80' lang='lat' dir='ltr'>wtirden</span> <span class='ocrx_word' id='word_1_213' title='bbox 1627 3944 1764 4007; x_wconf 83' lang='lat' dir='ltr'>hier,</span> <span class='ocrx_word' id='word_1_214' title='bbox 1797 3946 1897 3997; x_wconf 77' lang='lat' dir='ltr'>wie</span> <span class='ocrx_word' id='word_1_215' title='bbox 1928 3946 2064 3999; x_wconf 82' lang='lat' dir='ltr'>beim</span> <span class='ocrx_word' id='word_1_216' title='bbox 2090 3946 2317 3999; x_wconf 72' lang='lat' dir='ltr'>Lucilius</span> <span class='ocrx_word' id='word_1_217' title='bbox 2332 3984 2348 4010; x_wconf 88' lang='lat'>,</span> <span class='ocrx_word' id='word_1_218' title='bbox 2383 3949 2558 4000; x_wconf 77' lang='lat' dir='ltr'>ander·</span> 
     </span>
     <span class='ocr_line' id='line_1_26' title="bbox 198 4020 1848 4087; baseline 0.005 -17"><span class='ocrx_word' id='word_1_219' title='bbox 198 4020 373 4087; x_wconf 69' lang='lat' dir='ltr'>veitige</span> <span class='ocrx_word' id='word_1_220' title='bbox 406 4024 779 4077; x_wconf 82' lang='lat' dir='ltr'>Concurrenten</span> <span class='ocrx_word' id='word_1_221' title='bbox 813 4025 909 4076; x_wconf 72' lang='lat' dir='ltr'>auf</span> <span class='ocrx_word' id='word_1_222' title='bbox 933 4027 1225 4077; x_wconf 81' lang='lat' dir='ltr'>demeelben</span> <span class='ocrx_word' id='word_1_223' title='bbox 1261 4025 1441 4079; x_wconf 80' lang='lat' dir='ltr'>Gebiet</span> <span class='ocrx_word' id='word_1_224' title='bbox 1475 4027 1848 4079; x_wconf 80' lang='lat' dir='ltr'>zuriicktreten.</span> 
     </span>
    </p>

    <p class='ocr_par' dir='ltr' id='par_1_9' title="bbox 199 4105 2558 4255">
     <span class='ocr_line' id='line_1_27' title="bbox 258 4105 2558 4177; baseline 0.003 -21"><span class='ocrx_word' id='word_1_225' title='bbox 258 4105 310 4167; x_wconf 79' lang='grc'>2)</span> <span class='ocrx_word' id='word_1_226' title='bbox 340 4105 396 4156; x_wconf 85' lang='grc' dir='ltr'>Ρ.</span> <span class='ocrx_word' id='word_1_227' title='bbox 417 4106 607 4158; x_wconf 81' lang='lat' dir='ltr'>XXX:</span> <span class='ocrx_word' id='word_1_228' title='bbox 647 4108 899 4172; x_wconf 79' lang='lat' dir='ltr'>ningenue</span> <span class='ocrx_word' id='word_1_229' title='bbox 929 4107 1213 4174; x_wconf 85' lang='lat' dir='ltr'>[profiteor]</span> <span class='ocrx_word' id='word_1_230' title='bbox 1248 4117 1437 4160; x_wconf 80' lang='lat' dir='ltr'>ostreae</span> <span class='ocrx_word' id='word_1_231' title='bbox 1472 4110 1633 4161; x_wconf 80' lang='lat' dir='ltr'>multo</span> <span class='ocrx_word' id='word_1_232' title='bbox 1666 4110 1829 4176; x_wconf 71' lang='lat' dir='ltr'>megia</span> <span class='ocrx_word' id='word_1_233' title='bbox 1863 4125 2017 4177; x_wconf 78' lang='lat' dir='ltr'>qum</span> <span class='ocrx_word' id='word_1_234' title='bbox 2047 4111 2247 4163; x_wconf 77' lang='lat' dir='ltr'>criticos</span> <span class='ocrx_word' id='word_1_235' title='bbox 2278 4126 2397 4163; x_wconf 77' lang='lat' dir='ltr'>orae</span> <span class='ocrx_word' id='word_1_236' title='bbox 2434 4112 2558 4163; x_wconf 80' lang='lat' dir='ltr'>Hol-</span> 
     </span>
     <span class='ocr_line' id='line_1_28' title="bbox 199 4184 795 4255; baseline 0.012 -23"><span class='ocrx_word' id='word_1_237' title='bbox 199 4184 337 4236; x_wconf 65' lang='lat' dir='ltr'>min</span> <span class='ocrx_word' id='word_1_238' title='bbox 367 4189 504 4239; x_wconf 87' lang='lat' dir='ltr'>nobie</span> <span class='ocrx_word' id='word_1_239' title='bbox 538 4188 795 4255; x_wconf 59' lang='lat' dir='ltr'>probet-i!⁹</span> 
     </span>
    </p>

    <p class='ocr_par' dir='ltr' id='par_1_10' title="bbox 258 4268 2556 4341">
     <span class='ocr_line' id='line_1_29' title="bbox 258 4268 2556 4341; baseline 0.003 -23"><span class='ocrx_word' id='word_1_240' title='bbox 258 4268 312 4331; x_wconf 75' lang='grc'>8)</span> <span class='ocrx_word' id='word_1_241' title='bbox 341 4268 398 4319; x_wconf 82' lang='grc' dir='ltr'>Ρ.</span> <span class='ocrx_word' id='word_1_242' title='bbox 433 4270 654 4323; x_wconf 81' lang='lat' dir='ltr'>XXXI:</span> <span class='ocrx_word' id='word_1_243' title='bbox 693 4271 857 4337; x_wconf 63' lang='lat' dir='ltr'>:quod</span> <span class='ocrx_word' id='word_1_244' title='bbox 892 4270 1041 4336; x_wconf 77' lang='lat' dir='ltr'>[duee</span> <span class='ocrx_word' id='word_1_245' title='bbox 1073 4272 1232 4324; x_wconf 79' lang='lat' dir='ltr'>bonas</span> <span class='ocrx_word' id='word_1_246' title='bbox 1263 4272 1512 4340; x_wconf 76' lang='lat' dir='ltr'>Madvigii</span> <span class='ocrx_word' id='word_1_247' title='bbox 1541 4274 1917 4327; x_wconf 76' lang='lat' dir='ltr'>emendationes</span> <span class='ocrx_word' id='word_1_248' title='bbox 1949 4289 1981 4325; x_wconf 73' lang='grc' dir='ltr'>ι</span> <span class='ocrx_word' id='word_1_249' title='bbox 2009 4275 2153 4326; x_wconf 84' lang='lat' dir='ltr'>nobie</span> <span class='ocrx_word' id='word_1_250' title='bbox 2180 4281 2407 4341; x_wconf 74' lang='lat' dir='ltr'>acceptae</span> <span class='ocrx_word' id='word_1_251' title='bbox 2422 4276 2556 4340; x_wconf 81' lang='lat' dir='ltr'>esee]</span> 
     </span>
    </p>
   </div>
   <div class='ocr_carea' id='block_1_9' title="bbox 202 4350 2557 4505">
    <p class='ocr_par' dir='ltr' id='par_1_11' title="bbox 202 4350 2557 4505">
     <span class='ocr_line' id='line_1_30' title="bbox 202 4350 2557 4422; baseline 0.003 -21"><span class='ocrx_word' id='word_1_252' title='bbox 202 4356 259 4394; x_wconf 77' lang='lat'>00</span> <span class='ocrx_word' id='word_1_253' title='bbox 293 4350 492 4411; x_wconf 70' lang='lat' dir='ltr'>gratiore</span> <span class='ocrx_word' id='word_1_254' title='bbox 523 4354 693 4405; x_wconf 71' lang='lat' dir='ltr'>animo</span> <span class='ocrx_word' id='word_1_255' title='bbox 737 4353 1001 4419; x_wconf 83' lang='lat' dir='ltr'>profiteor,</span> <span class='ocrx_word' id='word_1_256' title='bbox 1034 4369 1136 4418; x_wconf 85' lang='lat' dir='ltr'>quo</span> <span class='ocrx_word' id='word_1_257' title='bbox 1167 4354 1412 4406; x_wconf 75' lang='lat' dir='ltr'>maiorem</span> <span class='ocrx_word' id='word_1_258' title='bbox 1447 4364 1706 4421; x_wconf 78' lang='lat' dir='ltr'>poetarum</span> <span class='ocrx_word' id='word_1_259' title='bbox 1739 4356 2033 4408; x_wconf 80' lang='lat' dir='ltr'>Latinorum</span> <span class='ocrx_word' id='word_1_260' title='bbox 2068 4356 2372 4422; x_wconf 76' lang='lat' dir='ltr'>imperitiam</span> <span class='ocrx_word' id='word_1_261' title='bbox 2406 4356 2557 4408; x_wconf 79' lang='lat' dir='ltr'>etim</span> 
     </span>
     <span class='ocr_line' id='line_1_31' title="bbox 203 4423 1571 4505; baseline 0.007 -25"><span class='ocrx_word' id='word_1_262' title='bbox 203 4423 294 4477; x_wconf 75' lang='lat' dir='ltr'>hoe</span> <span class='ocrx_word' id='word_1_263' title='bbox 319 4433 628 4488; x_wconf 75' lang='lat' dir='ltr'>novieeimnm</span> <span class='ocrx_word' id='word_1_264' title='bbox 662 4435 760 4488; x_wconf 77' lang='lat' dir='ltr'>viri</span> <span class='ocrx_word' id='word_1_265' title='bbox 791 4435 1104 4488; x_wconf 83' lang='lat' dir='ltr'>celeberrimi</span> <span class='ocrx_word' id='word_1_266' title='bbox 1137 4437 1358 4489; x_wconf 75' lang='lat' dir='ltr'>declaret</span> <span class='ocrx_word' id='word_1_267' title='bbox 1390 4437 1571 4505; x_wconf 77' lang='lat' dir='ltr'>opus.”</span> 
     </span>
    </p>
   </div>
   <div class='ocr_carea' id='block_1_10' title="bbox 2867 1381 2871 1977">
    <p class='ocr_par' dir='ltr' id='par_1_12' title="bbox 2867 1381 2871 1977">
     <span class='ocr_line' id='line_1_32' title="bbox 2867 1381 2871 1977; baseline 0 0"><span class='ocrx_word' id='word_1_268' title='bbox 2867 1381 2871 1977; x_wconf 95' lang='lat' dir='ltr'> </span> 
     </span>
    </p>
   </div>
  </div>
 </body>
</html>
