2934 5050
1205 299 1628 350 naumann.
2467 278 2598 348 237

214 469 459 534 oriente
526 467 777 536 Σκύθαι
845 467 1104 548 νομάδες
1175 476 1327 537 sunt
1384 477 1449 537 et
1510 467 1829 537 Caucasus
1887 472 2139 557 proprie
2200 475 2295 537 ita
2353 471 2561 538 dictus
2578 519 2597 551 ,

212 577 407 647 αὐτὸς
453 576 778 648 Καύκασος
825 581 903 642 ut
948 582 1044 643 est
1085 597 1180 643 vs.
1225 574 1354 643 ’719
1374 625 1392 656 ,
1441 577 1556 642 ubi
1594 596 1814 642 revera
1850 581 2000 642 sunt
2039 572 2306 643 Caucasi
2345 598 2602 644 summa

211 684 585 760 cacumina,
638 720 723 731 —
770 682 960 749 hodie
1023 684 1248 747 Δίον-αι
1292 689 1558 750 vocatur
1573 729 1592 760 ,
1655 680 1823 747 unde
1870 682 2073 749 fontes
2117 687 2223 749 τοῦ
2271 682 2558 762 ’Τβριςοῦ
2583 732 2599 758 ,

208 790 324 873 qui
371 788 564 855 hodie
607 789 846 853 Kabom.

299 892 491 961 Hanc
551 895 726 961 viam
788 893 858 960 Io
877 942 894 971 ,
965 893 1348 961 Prometheo
1411 893 1632 960 relicto
1648 942 1665 972 ‚
1736 892 1987 981 ingredi
2047 892 2252 960 debet.
2345 893 2597 960 Inculta

206 1000 408 1068 tellus
465 1007 579 1067 est.
673 1000 971 1066 Primum
1015 1002 1234 1066 veniet
1275 999 1357 1065 ad
1405 996 1668 1072 Σκύθας
1707 999 1977 1077 νομάδας
2006 1049 2019 1074 ,
2071 992 2125 1063 οἳ
2163 1000 2447 1073 πλεκτὰς
2495 1000 2594 1070 ςέ·

205 1131 333 1184 γας
400 1106 710 1187 πεδάρσιοι
758 1108 987 1172 ναίουσ’
1032 1107 1131 1170 ἐπ’
1179 1105 1493 1177 εὐκύκλοις
1539 1105 1745 1186 ὄχοις·
1808 1108 1860 1170 ii
1903 1112 2053 1171 sunt
2098 1108 2210 1191 qui
2257 1106 2594 1188 οἱμαξόβιοι

206 1213 376 1299 apud
427 1211 825 1280 Strabonem.
920 1210 1194 1299 Sagittis
1238 1212 1570 1277 metuendi
1615 1216 1766 1277 sunt
1808 1216 2001 1296 atque
2038 1232 2180 1277 eam
2219 1213 2298 1278 ob
2337 1234 2596 1280 causam

204 1318 274 1385 Io
321 1339 433 1385 eos
478 1320 719 1385 evitare
766 1318 972 1384 debet.
1044 1316 1247 1404 Leget
1290 1315 1480 1383 littus
1495 1366 1513 1395 ,
1563 1316 1732 1402 quod
1774 1316 2130 1403 Aeschylus
2173 1310 2364 1404 paulo
2398 1322 2597 1385 nimis

204 1425 605 1491 occidentem
663 1443 884 1490 versus
944 1424 1256 1500 removit;
1326 1443 1364 1487 a
1407 1424 1666 1489 sinistra
1726 1423 1868 1497 τοὺς
1935 1421 2247 1502 Χάλυβας
2308 1425 2591 1491 habebit.

204 1529 300 1596 Hi
360 1533 574 1618 igitur
629 1532 799 1595 intra
857 1526 1194 1615 Scythiam
1257 1527 1449 1613 idque
1510 1529 1864 1595 rectissime
1879 1576 1898 1607 ,
1969 1550 2120 1594 nam
2180 1528 2464 1619 legimus
2525 1533 2593 1596 in

205 1635 383 1723 Sept.
433 1657 530 1704 VS.
584 1633 752 1702 710:
817 1634 979 1713 ξένος
1025 1634 1088 1698 δὲ
1135 1633 1385 1714 κλήρους
1437 1633 1715 1718 ἐπινωμᾷ
1766 1633 2060 1712 Χάλυβος
2109 1633 2364 1702 Σκυθῶν
2412 1635 2590 1702 ἄποι-

207 1767 326 1816 κος.

290 1848 573 1915 Remota
622 1846 945 1914 Maeotide
966 1893 981 1924 ,
1033 1866 1225 1931 quam
1274 1845 1630 1932 Aeschylus
1672 1851 1749 1910 ut
1794 1845 2076 1915 diximus
2123 1846 2279 1912 alibi
2326 1849 2590 1917 colloca-

202 1957 333 2032 vit,
397 1956 694 2041 pervenit
751 1951 820 2018 Io
882 1952 960 2019 ad
1025 1951 1127 2016 τὸν
1193 1951 1483 2030 Ὕβριςῆν
1530 1952 1855 2028 ποταμὸν·
1918 1951 2086 2016 hunc
2130 1954 2419 2038 trajicere
2464 1977 2590 2021 non

201 2066 439 2148 potest,
490 2062 707 2145 itaque
751 2057 915 2145 legit
961 2057 1286 2123 dexteram
1334 2060 1572 2143 ripam,
1622 2056 1817 2123 donec
1863 2056 1941 2123 ad
1983 2052 2250 2123 Caucasi
2283 2079 2588 2126 cacumen

200 2168 562 2254 pervenerit
622 2165 788 2252 quod
833 2163 1023 2230 hodie
1069 2164 1311 2228 Elbruz.
1406 2162 1688 2229 Putabat
1732 2166 1949 2228 autem
1996 2161 2351 2251 Aeschylus
2397 2186 2587 2251 supra

201 2270 529 2362 Chalybas
596 2276 661 2337 et
727 2268 1000 2358 Scythas
1067 2268 1371 2335 nomadas
1440 2266 1799 2335 Caucasum
1864 2269 2178 2354 pertinere
2237 2290 2437 2356 usque
2503 2269 2584 2336 ad

200 2385 448 2445 montes
496 2378 625 2444 fere
648 2428 663 2456 ,
715 2378 825 2461 qui
869 2380 1089 2462 postea
1134 2371 1453 2459 Carpatici
1498 2374 1674 2441 dicti.

287 2482 412 2550 Per
468 2503 689 2569 aspera
747 2478 1016 2549 Caucasi
1076 2480 1282 2548 tendit
1326 2479 1395 2546 Io
1441 2481 1521 2548 ad
1569 2481 1920 2548 Amazonas
1938 2530 1954 2560 ,
2005 2500 2165 2566 quae
2210 2477 2582 2549 Colchidem

201 2589 523 2667 incolunt,
563 2589 863 2668 Κολχίδος
904 2593 1030 2667 γᾶς
1075 2585 1310 2662 ἔνοικοι,
1348 2584 1639 2668 παρθένοι
1678 2587 1911 2670 μάχας
1952 2586 2230 2668 ἄτρεστοι,
2270 2593 2345 2654 ut
2367 2594 2462 2654 est
2484 2610 2578 2656 vs.

204 2693 349 2761 415.
446 2693 593 2761 Hae
639 2694 880 2760 ducunt
924 2692 1142 2760 Ionem
1193 2693 1271 2760 ad
1319 2692 1659 2758 Tauricam
1705 2690 2168 2761 Chersonesum
2182 2713 2209 2779 ,ἡ
2250 2693 2412 2760 hanc
2457 2696 2581 2781 igi·

203 2803 304 2865 tur
348 2797 708 2886 Aeschylus
767 2801 966 2865 nimis
1022 2801 1331 2865 orientem
1392 2819 1612 2865 versus
1655 2801 1992 2884 promovit.
2089 2797 2315 2865 Phasis
2362 2806 2578 2865 autem

205 2912 294 2971 est
349 2907 529 2972 idem
591 2908 702 2992 qui
760 2911 978 2991 postea
1025 2904 1288 2983 Tanais3
1338 2904 1567 2970 Phasis
1613 2902 1726 2968 ille
1772 2923 1914 2969 cum
1966 2904 2210 2969 Palude
2256 2904 2580 2972 Maeotide

204 3017 264 3076 et
319 3011 602 3097 Bosporo
651 3007 1001 3077 Cimmerio
1047 3010 1217 3097 apud
1262 3009 1657 3098 Aeschylum
1698 3029 1826 3074 uno
1872 3010 2129 3075 nomine
2173 3010 2575 3095 comprehen-

204 3115 470 3196 duntur3
524 3125 618 3183 est
663 3116 828 3183 illud
875 3114 1103 3197 ῥεῖθρον
1145 3115 1404 3196 ἠπείροιν
1444 3111 1606 3196 ὄρος,
1658 3114 1823 3200 quod
1869 3119 2264 3180 memoratur
2302 3137 2395 3181 ve.
2423 3113 2575 3181 790.

202 3220 438 3288 Eodem
500 3222 690 3288 modo
756 3221 1115 3308 Aeschylus
1174 3225 1241 3287 in
1303 3221 1516 3287 Persis
1559 3242 1653 3287 vs.
1706 3219 1838 3288 745
1886 3223 1953 3286 in
1998 3242 2202 3287 unum
2249 3225 2578 3310 conjungit

204 3324 582 3394 Thracicum
627 3327 982 3413 Bosporum
1003 3374 1020 3405 ,
1069 3327 1457 3413 Propontida
1505 3333 1569 3393 et
1613 3325 2140 3413 Hellespontum:

564 3428 689 3506 ὅτις
737 3433 1192 3506 Ἑλλήσποντον
1238 3433 1354 3513 ἱρὸν
1398 3433 1608 3498 δοῦλον
1654 3429 1729 3507 ὣς
1778 3432 2177 3510 δεσμώμασιν

559 3539 786 3614 ἤλπισε
834 3538 1092 3618 σχήσειν
1139 3537 1348 3620 ῥέοντα
1398 3537 1694 3619 Βόσπορον
1739 3537 1862 3620 ρ’όον
1909 3534 2078 3603 θεοῦ.

288 3643 588 3713 Ceterum
635 3666 864 3714 verum
909 3646 1168 3730 quidem
1215 3651 1312 3712 est
1330 3692 1347 3723 ,
1398 3646 1565 3731 quod
1606 3644 1969 3711 Brunckius
2013 3642 2217 3722 vidit,
2279 3642 2575 3709 lacunam

206 3769 330 3816 esse
373 3758 516 3839 post
558 3773 653 3818 vs.
683 3749 810 3818 791
826 3799 843 3829 ,
892 3751 1001 3817 sed
1047 3751 1346 3818 credibile
1391 3757 1489 3818 est
1534 3773 1666 3818 esse
1708 3771 1850 3818 eam
1888 3768 2237 3836 paucorum
2272 3739 2576 3815 versuum

204 3858 484 3936 tantum;
533 3857 822 3942 sequitur
869 3858 1041 3923 enim
1087 3856 1311 3922 πόντου
1360 3863 1605 3938 περῶσα
1654 3856 1959 3937 Φλοῖσβον
1978 3907 1993 3932 ,
2041 3875 2156 3921 nec
2194 3859 2411 3920 tamen
2450 3875 2577 3921 cre·

199 3957 467 4027 'diderim
512 3963 661 4049 plus
708 3962 905 4029 semel
948 3983 1125 4029 mare
1171 3966 1491 4051 trajecisse
1530 3963 1766 4030 Ionem.

290 4063 653 4154 Sequuntur
712 4066 982 4146 Graeae,
1054 4067 1386 4159 Gorgones
1403 4117 1419 4147 ,
1496 4066 1746 4156 Grypes
1764 4116 1781 4146 ,
1850 4067 2210 4152 Arimaspi,
2280 4063 2576 4131 Plutonis

207 4168 430 4240 fluvius
488 4178 657 4241 circa
713 4174 987 4240 fluvium
1034 4175 1266 4241 Indum
1313 4181 1388 4241 ut
1435 4178 1655 4262 opinor
1699 4175 2110 4260 superiorem.
2206 4171 2576 4238 Promethei

212 4280 370 4343 enim
414 4281 612 4346 verba
654 4284 800 4344 sunt
844 4301 940 4346 vs.
991 4278 1160 4346 803:

695 4382 1021 4464 δξυςόμους
1070 4388 1195 4467 γὰρ
1245 4390 1427 4462 Ζηνὸς
1477 4388 1841 4465 ἀκλαγγεῒς
1893 4385 2078 4456 κύνας
