2934 5050
1283 257 1626 306 nommca.
2192 223 2197 228 ’
2516 232 2646 300 359

237 428 498 495 Tamen
565 430 715 513 quia
781 432 1159 516 praepositio
1227 427 1404 492 nullo
1465 433 1649 511 pacto
1714 427 1971 492 retineri
2032 431 2240 510 potest
2303 423 2632 490 Bekkerns

238 537 537 621 scripsit:

618 644 819 706 Ῥοἴνον
864 642 1360 717 Ῥοινοχοεῦντες,

240 743 370 809 sed
427 742 708 810 faciliore
765 744 1022 829 negotio
1082 745 1290 807 sanari
1350 739 1598 805 malum
1653 742 1743 804 sic
1788 745 1996 825 potest
2043 746 2118 805 ut
2157 761 2376 806 versus
2421 739 2630 806 multo

239 846 647 914 modulatior
691 852 907 923 exeat,
954 865 1219 933 nempe:

616 960 814 1018 Fo‘e‘vov
863 952 1322 1033 ἔνοινοχοεῦντες
1346 999 1360 1015 .

239 1060 328 1120 ut
390 1053 652 1121 literula
710 1080 739 1120 ε
777 1055 854 1120 de
899 1075 1075 1120 more
1119 1055 1188 1121 τὸ
1225 1055 1531 1132 δίγαμμα
1576 1055 1940 1142 praecedat,
1990 1061 2065 1120 ut
2108 1056 2177 1119 in
2221 1054 2584 1134 ἔνελδόμενοι
2607 1105 2626 1134 ,

239 1157 633 1237 ἕτεισοέμενος
655 1208 674 1237 ,
721 1161 866 1225 slm.

349 1260 426 1328 Si
469 1262 638 1348 quod
681 1270 778 1329 est
820 1263 1207 1330 vocabulum
1252 1262 1628 1332 Homericae
1673 1264 1967 1351 linguae,
2015 1265 2083 1328 in
2128 1284 2254 1348 quo
2291 1285 2481 1331 nemo
2521 1265 2633 1330 du-

241 1369 427 1434 bitat
492 1367 564 1431 τὸ
634 1368 937 1446 δίγαμμα
1001 1371 1241 1447 inesse,
1317 1370 1597 1455 profecto
1657 1377 1857 1440 Ροῖνος
1930 1368 1998 1433 id
2062 1375 2176 1434 est.
2270 1367 2401 1435 Sua
2460 1372 2635 1435 enim

242 1475 524 1560 quisque
580 1472 806 1561 lingua
864 1473 1204 1540 vernacula
1258 1473 1437 1540 illius
1501 1471 1794 1540 literulae
1856 1475 1925 1538 in
1983 1474 2102 1540 hoc
2143 1476 2399 1539 nomine
2443 1495 2635 1541 usum

243 1579 509 1644 retinet.
578 1580 668 1644 At
712 1577 818 1644 vel
862 1579 954 1643 sic
998 1584 1216 1643 tamen
1237 1571 1327 1642 'in
1372 1578 1487 1645 illo
1533 1585 1845 1665 peccatur.
1915 1575 2098 1644 Hjad.
2150 1587 2224 1643 H.
2275 1576 2427 1644 472.

530 1682 688 1747 ἐνθεν
736 1681 831 1764 ἄρ’
876 1682 1151 1763 οἰνίζοντο
1200 1683 1350 1764 κάρη
1400 1684 1736 1761 κομόωντες
1784 1685 2073 1764 Ἀχαιοί.

247 1806 386 1854 non
421 1791 526 1853 est
558 1792 775 1852 tamen
813 1786 951 1854 ulla
993 1787 1311 1854 dubitatio
1365 1791 1520 1875 quin
1555 1808 1780 1854 verum
1826 1789 1912 1852 sit
1944 1786 2333 1870 Ὲοινίζεσθαι.
2405 1788 2640 1870 Quam-

248 1913 457 1977 quam
509 1895 578 1957 in
621 1913 689 1958 re
736 1899 907 1957 certa
950 1894 1221 1958 testibus
1266 1913 1392 1959 non
1439 1898 1537 1959 est
1579 1913 1737 1978 opus
1750 1940 1768 1970 ,
1820 1912 2023 1958 unum
2066 1899 2283 1958 tamen
2328 1893 2640 1960 disertum

246 1997 642 2084 producam,
694 2006 771 2062 Θ.
823 1996 975 2064 506.

824 2110 997 2167 roTvov
1038 2102 1099 2167 δὲ
1144 2102 1493 2185 μελίφρονα
1537 2102 1874 2183 νοινίζεσθε.

252 2206 432 2293 quod
474 2227 602 2273 non
645 2209 864 2273 minus
899 2212 997 2272 est
1039 2208 1297 2274 evidens
1331 2208 1645 2274 indicium
1680 2227 1874 2291 quam
1908 2207 1976 2270 in
2014 2205 2378 2273 admirabili
2407 2229 2633 2275 versu:

535 2308 645 2376 ὧδέ
691 2312 809 2393 σφ’
855 2310 1209 2392 ἐγκέφαλος
1253 2312 1543 2392 χαμάδις
1588 2313 1701 2394 ῥέοι
1745 2314 1821 2385 ὥς
1869 2306 1970 2376 ὅδε
2014 2321 2229 2384 νοῒνος.
2626 2305 2633 2314 ’

255 2415 434 2497 Quid
491 2417 695 2503 igitur
752 2414 1101 2483 faciemus?
1168 2413 1429 2506 Cogites
1488 2419 1566 2487 de
1627 2417 2015 2484 eliminanda
2056 2416 2371 2505 particula
2415 2416 2515 2499 ἄρ’
2559 2424 2636 2484 ut

249 2517 517 2609 legatur
573 2518 731 2587 ἔνθεν
786 2521 1129 2604 νοινίζοντο,
1191 2523 1303 2589 sed
1359 2544 1562 2610 neque
1620 2545 1847 2591 suaves
1907 2529 2056 2591 sunt
2110 2523 2181 2590 hi
2222 2527 2476 2591 numeri
2516 2546 2633 2592 nec

251 2625 325 2691 τὸ
373 2625 704 2691 ἀσύνδετον
747 2632 915 2695 recte
960 2628 1171 2694 habet.
1237 2627 1410 2715 Ergo
1457 2629 1978 2694 emendabimus:

529 2729 644 2796 ἔνθ’
690 2729 814 2813 ἄρα
858 2731 1161 2815 νοινίζοντο
1184 2782 1198 2798 .

253 2841 333 2905 ut
371 2836 542 2923 apud
577 2835 938 2903 Homerum
975 2835 1086 2902 ἕνθ’
1123 2835 1247 2917 ἄρα
1285 2839 1698 2902 tritissimum
1739 2841 1868 2903 est:
1903 2855 2106 2922 neque
2145 2836 2299 2903 adeo
2332 2836 2633 2907 adverbio

255 2937 420 3007 ἔνθεν
480 2962 649 3007 nunc
705 2946 804 3008 est
862 2941 1057 3010 locus.
1130 2942 1346 3024 Quum
1404 2943 1758 3026 antiquitus
1819 2945 1982 3007 esset
2023 2938 2138 3005 ἔνθ’
2183 2940 2305 3021 ἄρα
2351 2942 2633 3024 οἰνίζοντο

255 3045 679 3115 intolerabilis
713 3047 1058 3127 χασμωδία
1104 3049 1360 3114 induxit
1404 3046 1687 3132 aliquem
1730 3052 1806 3111 ut
1848 3044 2188 3133 vulgatam
2232 3053 2637 3134 supponeret.

349 3151 596 3218 Eadem
641 3172 829 3239 opera
871 3173 965 3219 vs.
1017 3149 1169 3216 467.

533 3266 668 3332 νῆες
717 3257 768 3323 δ’
813 3259 886 3320 ἐκ
931 3257 1199 3333 Λήμνοιο
1245 3254 1639 3335 apes-acar
1683 3251 1829 3321 οἶνον
1872 3253 2177 3337 ἄγουσαι.

255 3364 528 3429 restitue
589 3361 861 3428 Homeri
918 3361 1213 3451 linguam
1275 3361 1636 3427 scribendo:
1698 3360 2023 3441 παρέςΑΝ
2084 3368 2284 3428 Ἑοῖνον
2345 3359 2636 3440 ἄγουσαι.

259 3464 476 3534 Naves
533 3470 684 3533 vino
734 3472 994 3533 onustae
1035 3487 1162 3532 non
1205 3468 1562 3550 appulerant
1578 3512 1595 3542 ,
1636 3466 1746 3533 sed
1785 3464 1898 3531 illo
1945 3469 2082 3551 ipso
2129 3471 2411 3553 tempore
2456 3490 2639 3555 appu-

261 3573 497 3638 lerunt:
547 3590 681 3638 'rum
726 3590 891 3639 vmto
944 3571 1087 3659 (ἕνθ’
1135 3570 1286 3658 ἄρα)
1335 3578 1716 3638 concurrunt
1761 3590 1979 3637 omnes
2021 3572 2251 3639 vinum
2296 3573 2551 3638 emturi.

353 3782 446 3848 Ut
499 3785 568 3848 in
630 3781 930 3862 ἐῑῳνοχόει
978 3782 1147 3848 male
1191 3781 1386 3871 longa
1431 3782 1671 3849 vocalis
1714 3783 1948 3868 scripta
1991 3786 2087 3848 est
2123 3801 2236 3868 pro
2281 3781 2459 3851 brevi
2475 3830 2493 3861 ,
2542 3785 2634 3853 sic

263 3894 326 3952 et
372 3891 441 3952 in
487 3885 692 3967 ῐῴκεον
713 3934 727 3950 .

352 4015 391 4056 ι.
443 3991 596 4057 200.
643 3987 808 4071 εῲκει
854 3989 981 4071 γὰρ
1030 3989 1090 4057 ἐν
1136 3988 1323 4056 ἄλσεϊ
1363 3990 1732 4071 δενδρήεντι.

355 4105 420 4163 Ξ.
473 4094 624 4161 116.
669 4094 876 4178 εῴκεον
919 4096 976 4160 δ’
1023 4097 1084 4161 ἐν
1130 4101 1467 4176 Πλευρῶνι.

353 4213 425 4268 Υ.
476 4200 628 4268 218.
679 4202 975 4283 ὑπωρείας
1022 4201 1226 4283 εῷκεον
1273 4201 1688 4271 πολυπίδακος
1728 4201 1930 4275 Ἴδης.

351 4332 392 4372 ι.
445 4306 595 4385 400.
638 4306 844 4389 νῴκεον
892 4308 953 4371 ἐν
999 4308 1332 4382 σπήεσσιν.
