2934 5050
987 324 1306 375 tumuerat·
1343 325 1416 372 ιτ
1463 326 1772 375 Lucillum.
2436 310 2566 375 245

202 488 498 575 spicatur.
571 491 900 561 Praeeeiso
939 493 1075 561 XX.
1120 498 1158 559 2
1202 513 1336 560 nou
1356 494 1675 562 intellexit
1700 496 1812 583 qui
1842 494 2053 564 Guell'.
2080 495 2383 583 scripsit,
2411 495 2562 562 inde

200 594 498 684 effingens
557 600 875 688 praecioso
942 599 1230 688 (μασι),
1294 600 1464 687 quod
1531 603 1736 689 prima
1801 622 2056 690 quoque
2087 600 2280 669 ‚Leid.
2333 620 2566 668 manus

198 700 408 783 habet,
471 704 584 773 sed
646 704 781 772 Vll.
853 712 931 773 15
990 707 1331 793 praee-cidit
1394 708 1738 793 vestigium
1805 706 2187 794 diphthongi
2238 709 2561 787 incertum

196 818 317 889 est,
378 810 550 899 quod
607 812 930 899 praecedit
985 813 1048 878 in
1118 813 1305 879 Bern.
1370 822 1434 879 et
1495 812 1650 879 Gen.
1706 832 1742 879 e
1796 811 2172 880 confusione
2223 812 2564 879 verborum

187 917 533 1000 praecidere
586 926 653 985 et
692 918 1064 1003 praecedere
1110 927 1336 985 natum
1386 938 1527 987 esse
1579 927 1806 1006 potest.
1906 919 2096 985 Libro
2145 918 2283 985 XV.
2336 925 2375 985 ὅ
2426 940 2566 984 ma-

190 1020 340 1087 iores·
365 1024 582 1111 ,spacio
629 1023 714 1092 lu.
768 1044 885 1112 pro
930 1026 1167 1091 maiore
1209 1026 1278 1091 in
1325 1027 1548 1112 spolio.
1626 1024 1751 1092 Sed
1795 1034 1937 1111 post
1974 1024 2133 1093 alios
2177 1024 2565 1100 Buecheler,

191 1124 286 1191 lat.
335 1128 577 1197 Declin.
632 1150 693 1217 p.
743 1137 862 1196 51:
913 1130 1021 1196 Bei
1067 1130 1191 1197 deu
1237 1128 1735 1218 comparativen
1776 1132 1862 1197 ist
1897 1131 2125 1197 maiori
2174 1130 2565 1216 heutzulage

187 1231 354 1299 nicht
402 1235 905 1303 nachzuweiseu
954 1255 1068 1302 vor
1128 1236 1343 1303 Lucan
1394 1237 1527 1303 und
1578 1236 1697 1304 den
1751 1236 2056 1303 Diclntern
2098 1237 2347 1304 welche
2388 1235 2558 1300 Pris-

187 1340 314 1406 cian
363 1345 402 1408 7
447 1346 483 1429 5
538 1346 630 1408 69
676 1352 916 1420 neunt,
967 1341 1135 1408 deun
1185 1341 1288 1409 die
1338 1342 1941 1429 republicanischen
1992 1340 2381 1409 luschril'ten
2426 1339 2557 1406 und

185 1442 286 1510 das
326 1447 790 1534 augusteische
835 1446 1142 1514 Zeitalter
1183 1448 1435 1515 kennen
1479 1447 1780 1534 lediglich
1818 1450 2072 1527 maiore,
2104 1450 2359 1536 priore,·
2403 1445 2559 1513 aber

184 1546 315 1617 dass
359 1555 639 1620 maior-id
683 1552 853 1620 auch
900 1574 982 1620 zu
1028 1555 1260 1620 maiori·
1303 1553 1528 1632 ward,
1579 1555 1664 1619 ist
1711 1575 1794 1621 an
1843 1553 1984 1621 sich
2031 1552 2376 1641 glaublich.
2427 1552 2556 1619 Nos

185 1663 378 1725 tamen
427 1669 565 1726 tam
619 1662 868 1727 incerta
910 1662 1300 1727 auctoritate
1349 1680 1473 1726 non
1526 1659 1898 1727 credemus,

259 1760 532 1832 Omnino
585 1775 722 1833 tam
768 1766 956 1833 exilia
1007 1766 1164 1834 haec
1211 1775 1401 1843 suut,
1450 1775 1525 1832 ut
1568 1767 1703 1848 uisi,
1732 1786 1810 1833 ex
1853 1766 2058 1854 ipsius
2099 1766 2333 1833 Lucilii
2377 1765 2559 1831 testi-

177 1860 376 1936 'monio
422 1873 753 1939 sciremus
796 1872 1115 1960 placuisse
1163 1875 1223 1939 ei
1274 1874 1341 1938 in
1393 1873 1640 1940 nomin.
1693 1871 1861 1960 plur.
1899 1893 1992 1949 ιιι,
2042 1892 2119 1939 ex
2155 1870 2338 1938 libris
2376 1869 2554 1938 MSS.

181 1992 290 2041 nou
334 1978 851 2065 suspicaremur.

253 2078 416 2161 Quin
467 2081 765 2151 Lucilius
812 2084 879 2150 in
929 2086 1226 2170 genetivo
1273 2097 1332 2150 ai
1380 2084 1818 2171 usurpaverit,
1868 2103 1993 2149 nou
2042 2082 2412 2159 dubitatum
2458 2081 2545 2150 cf.

178 2181 283 2251 inc.
338 2193 453 2265 12,
510 2187 628 2256 sed
677 2189 757 2256 de
804 2190 1079 2276 singulis
1126 2190 1284 2256 locis
1336 2209 1374 2255 a
1421 2189 1501 2256 M.
1555 2209 1670 2276 ope
1713 2192 1992 2276 genetivi
2029 2188 2203 2255 illius
2229 2187 2551 2256 restitutis

176 2287 503 2362 dissentire
568 2295 758 2371 licet:
818 2315 965 2363 nam
1025 2295 1192 2383 quod
1258 2294 1367 2361 lv.
1434 2300 1518 2361 37
1591 2294 1806 2365 dedit:
1874 2294 2160 2362 »catulos
2214 2284 2551 2380 fetumque

177 2394 425 2479 »rerai”,
475 2399 670 2469 codd.
725 2406 927 2490 serat,
987 2401 1285 2489 displicet
1331 2401 1738 2468 collectivum
1789 2405 1959 2489 sera:
2020 2401 2160 2468 Vll.
2213 2405 2298 2468 23
2337 2400 2544 2488 »serui

174 2502 242 2568 ad
301 2504 554 2573 catulos
630 2506 939 2576 accedere
1016 2506 1345 2575 inultum”
1421 2507 1796 2575 coniectura
1863 2510 2237 2576 restitutum
2300 2515 2399 2574 est
2462 2526 2541 2573 ex

173 2619 286 2676 rate
326 2613 439 2690 ad,
504 2622 583 2679 ut
629 2613 884 2682 litterae
932 2621 1000 2701 se
1045 2614 1357 2682 excidisse
1409 2623 1757 2700 putentur,
1807 2613 1918 2681 sed
1965 2613 2224 2681 lectioni
2270 2624 2410 2680 rata
2455 2612 2541 2678 ad

174 2714 304 2798 quid
352 2718 548 2785 obiici
594 2722 796 2807 possit
846 2740 970 2786 non
1025 2720 1239 2794 video;
1287 2721 1458 2786 rutai
1504 2730 1600 2788 est
1644 2721 1707 2787 in
1752 2720 1983 2806 fragm.
2019 2719 2365 2786 admodum
2400 2738 2537 2784 cor·

176 2828 340 2905 rupto
404 2825 524 2893 111.
596 2829 725 2905 27,
786 2827 851 2892 in
899 2847 1028 2914 quo
1075 2826 1431 2893 secundum
1486 2827 1569 2896 Μ.
1619 2827 2001 2893 incrustatus
2032 2825 2205 2893 calix
2248 2834 2312 2890 et
2358 2832 2537 2889 rutae

173 2927 348 2993 oeulis
389 2928 671 2998 deliciae
716 2931 1070 3011 dicuntur,
1118 2934 1304 3019 quasi
1358 2951 1511 2998 vero
1565 2933 1998 2999 incrustatum
2057 2930 2357 3019 poculum
2399 2947 2539 2994 cer·

175 3037 291 3100 tum
351 3035 618 3124 aliquod
667 3040 800 3104 viui
847 3060 1055 3127 genus
1100 3040 1500 3107 continuerit
1553 3038 1663 3126 (cf.
1712 3039 1890 3131 Coni.
1943 3037 1992 3104 l.
2058 3058 2119 3125 p.
2175 3036 2307 3125 18).
2407 3033 2531 3102 Sed

174 3156 277 3205 non
331 3141 604 3224 dubito,
672 3147 826 3231 quin
894 3154 1068 3213 recte
1130 3145 1470 3232 scripserit
1520 3145 1628 3212 lx.
1678 3148 1763 3210 22
1807 3143 1968 3231 pilai
2016 3145 2082 3208 in
2131 3143 2248 3209 hoc
2298 3160 2526 3208 versut

177 3247 556 3317 omeilitiam.
607 3259 866 3318 tenuest
915 3273 934 3318 ι
984 3251 1136 3340 pilai
1184 3271 1311 3339 qua
1361 3249 1673 3320 ludimus,
1720 3246 1974 3336 pilam''
2023 3261 2089 3317 et
2134 3250 2317 3316 horai
2363 3246 2529 3316 xlv,

176 3351 273 3416 27:
315 3366 599 3442 »puncto
628 3377 755 3424 uno
795 3357 974 3424 horai
1019 3359 1406 3445 quicumque
1449 3358 1686 3424 invasit
1731 3359 1959 3422 υ-υ.”
2008 3356 2244 3423 Notatu
2283 3373 2538 3443 quoque

175 3450 416 3542 dignum
465 3464 534 3528 ai
579 3464 648 3529 in
699 3483 895 3530 uuam
946 3463 1257 3553 syllabam
1314 3462 1652 3540 contrahi,
1701 3472 1766 3530 et
1812 3462 2076 3530 elisione
2124 3464 2149 3528 i
2195 3465 2529 3539 amittere,

177 3563 321 3646 quod
374 3567 761 3648 Lucretius,
818 3589 946 3657 quo
1009 3589 1197 3636 nemo
1266 3569 1674 3657 frequentius
1740 3569 1846 3636 illa
1912 3567 2120 3635 forma
2184 3587 2338 3636 usus
2399 3575 2537 3645 est,

181 3684 282 3736 non
321 3671 442 3740 sibi
496 3676 813 3762 permisit.
906 3675 989 3744 Et
1039 3684 1254 3744 tamen
1305 3696 1380 3742 eo
1425 3676 1677 3743 ducunt
1724 3674 1872 3743 libri
1922 3675 2034 3743 XI.
2085 3680 2168 3742 4:

1685 3801 1812 3849 viai

335 3886 706 3954 sternendai
757 3888 1123 3956 iaciendum
1176 3889 1302 3955 huc
1351 3908 1609 3975 agerem
1658 3896 1723 3955 et
1768 3886 1834 3953 id
1882 3887 2076 3974 genu’
2124 3885 2330 3955 rudus

182 3982 270 4052 ubi
313 3989 498 4060 codd.
550 3995 676 4059 vim
723 4003 791 4062 et
835 3993 1163 4062 sternenda
1205 4004 1303 4072 et,
1349 3994 1570 4062 eodem
1626 4013 1864 4081 genere
1919 3992 2359 4081 corruptelae,
2407 4014 2535 4082 quo

183 4091 229 4154 oi
260 4093 321 4159 in
367 4117 400 4161 e
443 4108 504 4163 et
551 4118 747 4186 supra
798 4101 1077 4167 transire
1122 4100 1738 4180 animadvertimus,
1789 4108 1854 4166 et
1900 4101 2027 4167 viai
2066 4101 2260 4168 XXX.
2296 4107 2415 4181 65,
2455 4122 2535 4170 ex

184 4195 349 4267 viane.
443 4201 671 4292 ltaque
734 4216 909 4274 recle
975 4206 1154 4273 horai
1215 4206 1431 4297 disyll.
1476 4206 1853 4274 restitutum
1904 4226 1981 4273 ex
2028 4207 2211 4275 codd.
2260 4208 2534 4275 lectione

188 4297 319 4370 hora
379 4306 518 4377 XX.
573 4315 688 4390 13,
741 4321 812 4379 ut
855 4312 1024 4401 apud
1074 4312 1450 4380 Lucretium
1505 4331 1705 4401 paene
1751 4333 2007 4401 semper
2048 4314 2112 4379 in
2162 4313 2431 4402 oblongo
2470 4320 2537 4379 et

188 4408 477 4490 quadrato
534 4420 873 4504 genetivus
936 4417 1042 4487 ille
1104 4427 1455 4507 corruptus
1516 4429 1649 4498 θεῖς
1708 4428 1771 4488 et
1830 4420 2104 4489 sortasse
2154 4419 2358 4489 XXX.
2408 4423 2537 4500 68,
