2934 5050
994 326 1082 405 An
1132 326 1445 376 Puroms
1492 325 1795 373 coneum.
2463 304 2584 369 141

304 495 456 583 Pag.
494 494 644 560 501.
687 514 747 560 n.
798 497 864 561 οὔ
907 494 1074 560 δοκεῖ
1112 520 1202 564 σοι
1249 498 1507 572 τοιαύτη
1554 517 1648 568 τις
1700 494 1894 575 εἶναι,
1944 492 1986 558 ὦ
2027 494 2443 565 Καλλίκλεις,
2482 495 2594 567 τὴν

221 600 418 677 ἥδονὺν
464 603 628 679 ἡμῶν
677 600 853 679 μόνον
904 601 1152 678 διώκειν,
1208 601 1368 667 ἄλλο
1412 602 1464 667 δ’
1500 601 1665 667 οὐδὲν
1705 599 2076 683 φροντίζειν;
2125 599 2269 665 Non
2306 604 2403 664 est
2437 599 2593 664 haec

220 705 451 774 Graeca
495 710 870 792 compositio
915 709 1278 773 verborum.
1351 709 1687 774 Undenam
1731 707 2008 794 pendent
2053 706 2279 772 διώκειν
2320 709 2385 770 et
2417 712 2592 784 φρον·

218 811 440 893 τίζεινῗ
485 811 681 878 Haud
724 812 912 879 facile
959 813 1148 878 dices.
1221 812 1644 878 Scribendum
1691 819 1788 877 est
1827 812 1994 897 quod
2033 817 2167 876 tam
2204 831 2387 895 saepe
2426 809 2594 894 apud

219 918 721 1003 Theophrastum
779 918 1024 1006 legitur
1068 921 1325 993 τοιαύτη
1375 943 1467 989 τις
1515 957 1600 968 -
1652 927 1800 982 ΟῙΛ
1847 919 1958 991 τὴν
2006 916 2207 992 ἡδονὴν
2261 919 2429 993 ἡμῶν
2475 913 2592 991 μό·

219 1047 305 1088 νον
352 1023 600 1089 διώκειν.

300 1235 458 1325 Pag.
510 1235 664 1302 502.
713 1256 772 1303 Β.
824 1240 857 1313 ἦ
907 1242 1096 1317 σεμνὴ
1153 1237 1313 1313 αὕτη
1379 1238 1485 1303 καὶ
1553 1238 1844 1313 θαυμαςὺ
1912 1235 2001 1323 [ἦ]
2072 1245 2183 1310 τῆς
2246 1231 2596 1314 τραγῳδίας

217 1341 444 1414 ϊθῖησις
505 1340 640 1430 [ἐφ’
690 1338 733 1424 ᾧ
782 1343 1152 1430 ἐσπούδακε]
1216 1343 1470 1423 πότερόν
1522 1344 1647 1412 ἐςιν
1697 1343 1890 1415 αὐτῆς
1941 1342 2011 1406 τὸ
2062 1339 2441 1421 ἐπιχείρημα
2488 1337 2594 1403 καὶ

220 1451 251 1523 ἦ
310 1447 543 1522 σπουδὴ
602 1486 689 1499 --
735 1450 1100 1532 χαρίζεσθαι
1169 1458 1296 1523 τοῖς
1359 1452 1611 1521 θεαταῖς
1673 1447 1850 1526 μόνον
1891 1448 1948 1523 ἦ
2000 1447 2103 1512 καὶ
2167 1445 2596 1526 διαμάχεσθαι

217 1554 337 1619 κτὲ.
430 1554 950 1644 Expungendum
1011 1563 1108 1622 est
1154 1559 1189 1630 ἡ
1240 1561 1305 1623 et
1365 1555 1469 1636 ἐφ’
1517 1549 1560 1636 ᾧ
1608 1553 1971 1618 ἐσπούδακε.
2039 1572 2191 1617 nam
2250 1556 2598 1636 utrumque

216 1660 334 1726 loci
400 1663 929 1747 compositionem
995 1664 1299 1728 vitiosam
1361 1661 1533 1726 facit.
1630 1658 1929 1724 Scholion
1990 1658 2118 1723 fuit
2179 1657 2338 1722 olim
2401 1655 2478 1721 ad
2527 1655 2596 1719 τὸ

219 1766 596 1847 ἐπιχείρημα
658 1768 766 1831 καὶ
815 1769 849 1840 ἡ
896 1769 1128 1844 σπουδή
1190 1769 1618 1852 adscriptum:
1683 1763 1711 1829 ὃ
1755 1767 2065 1845 ἐπιχειρεῖ
2117 1763 2221 1828 καὶ
2286 1765 2393 1842 ἐφ’
2440 1757 2484 1842 ᾧ
2542 1763 2595 1827 ἐ·

216 1872 545 1937 σπούδακε.
618 1870 727 1937 Sic
771 1874 840 1937 in
884 1874 1247 1960 Euthydemo
1310 1894 1459 1959 pag.
1510 1869 1663 1936 288.
1690 1888 1744 1936 c.
1794 1873 1883 1948 μὴ
1934 1869 2265 1951 ἀφιώμεθα
2316 1876 2443 1933 τοῖν
2487 1868 2596 1932 οὖν·

215 1978 361 2057 δροῒν
406 1976 523 2047 ἕως
571 1976 646 2042 ἂν
698 1980 844 2053 ἡμῖν
894 1978 1242 2059 ἐκφανῆτον
1289 1980 1396 2058 ἐφ’
1443 1973 1485 2058 ᾦ
1536 1977 1701 2041 αὐτὼ
1753 1974 2199 2058 σπουδάζετον,
2247 1973 2316 2039 id
2363 1978 2458 2038 est
2503 1972 2599 2043 τίς

218 2084 333 2152 ἒςιν
381 2085 598 2148 αὐτοῖν
643 2086 676 2160 ἡ
725 2084 975 2159 σπουδή.

300 2295 461 2384 Pag.
518 2294 669 2360 505.
718 2313 777 2361 Β.
836 2295 1184 2382 Postquam
1250 2295 1537 2360 Socrates
1581 2294 2060 2360 ineluctabilem
2106 2291 2603 2379 argumentatio·

218 2424 355 2466 nem
400 2401 510 2467 his
556 2402 767 2468 verbis
813 2401 1157 2467 conclusit:
1224 2402 1293 2466 τὸ
1343 2399 1712 2481 κολάζεσθαι
1747 2402 1946 2466 ”APA
2001 2409 2078 2479 τῇ
2125 2403 2307 2479 ψυχῇ
2355 2392 2604 2474 ἄμεινόν

220 2507 336 2575 ἐςιν
383 2508 418 2584 ἢ
487 2508 525 2582 ἦ
587 2508 943 2587 α’κολασία,
1010 2505 1209 2588 ὥσπερ
1277 2509 1351 2574 σὺ
1417 2509 1586 2582 νυνδὴ
1650 2506 1783 2589 ᾤου.
1878 2503 2177 2573 Callicles
2239 2504 2316 2570 ad
2375 2504 2606 2568 incitas

219 2614 511 2680 redactus
570 2614 674 2678 καὶ
737 2614 893 2690 μηδὲ
953 2614 1194 2696 γρύζειν
1261 2614 1591 2688 δυνάμενος
1656 2613 2233 2679 stomachabundus
2289 2608 2606 2674 exclamat

220 2718 284 2784 id
328 2720 502 2806 quod
558 2723 628 2784 in
688 2726 942 2786 vetusto
994 2720 1282 2788 Platonis
1344 2719 1509 2785 libro
1568 2719 1726 2785 olim
1772 2720 1863 2783 sic
1908 2719 2219 2803 scriptum
2263 2715 2459 2779 fuisse
2504 2734 2605 2777 su·

221 2827 454 2910 spicor:

305 2932 414 2997 οὐκ
512 2925 626 2995 οἶδ’
718 2927 891 2997 ἅττα
985 2929 1192 3009 λέγεις
1223 2978 1240 3009 ,
1350 2927 1391 2994 ὦ
1490 2930 1623 2995 Σώ-

308 3061 575 3117 κρατες,
671 3038 822 3102 ἀλλ’
890 3035 1085 3101 ἄλλον
1174 3036 1315 3100 τινὰ
1410 3035 1627 3115 ἐρώτα.
1726 3031 1884 3103 οὗτος
1917 3044 2056 3113 ἀνὴρ
2093 3045 2197 3112 οὐχ
2249 3041 2512 3104 ὑπομένει

309 3142 445 3209 οὐδέ
490 3145 556 3222 γ’
601 3143 733 3220 ἐμοὶ
771 3143 950 3221 μέλει
987 3142 1150 3207 οὐδὲν
1191 3138 1267 3207 ὦν
1305 3139 1380 3206 σὺ
1421 3140 1631 3220 λέγεις
1726 3128 2101 3228 &glutinem
2188 3127 2283 3177 και
2372 3125 2512 3226 αυξτὸ

254 3259 271 3278 “
310 3250 417 3314 καὶ
480 3249 695 3314 ταῦτα
755 3274 846 3314 σοι
912 3249 1162 3328 Γοργίου
1223 3247 1408 3328 χάριν
1470 3248 1627 3312 οἷπε-
1726 3231 1895 3362 ἶέῑῖἕ
1918 3209 2448 3361 ὥάῖξῗζζὲἰξίοὲν
2481 3208 2509 3255 ὁ

311 3356 628 3434 κρινάμην.
2403 3361 2408 3366 ”

312 3460 567 3546 Nempe
599 3461 798 3528 lector
837 3460 1071 3546 aliquis
1111 3458 1461 3524 delectatus
1501 3457 1778 3524 Socratis
1802 3458 2353 3545 argumentatione
2373 3455 2617 3519 invicta

226 3571 289 3629 et
318 3562 611 3632 camelis
647 3567 1115 3633 intolerabilem
1156 3565 1395 3630 fastum
1422 3570 1488 3629 et
1512 3566 1944 3650 arrogantiam
1969 3583 2116 3627 cum
2141 3562 2384 3647 insigni
2407 3563 2616 3644 impu-

228 3670 441 3737 dentia
464 3675 867 3739 coniunctam
892 3678 1028 3738 tam
1061 3671 1255 3756 probe
1296 3671 1599 3756 castigari
1635 3672 1921 3755 impense
1944 3667 2228 3756 gaudens
2250 3669 2319 3731 in
2341 3664 2492 3730 libri
2516 3666 2616 3729 sui
2665 3723 2676 3740 ,

226 3779 522 3865 margine
563 3778 930 3864 adscripsit:
971 3774 1140 3848 οὗτος
1185 3776 1328 3856 ἀνὴρ
1356 3813 1440 3823 -
1469 3774 1893 3856 κολαζόμενος.
1959 3772 2204 3839 Deinde
2238 3772 2483 3837 factum
2523 3775 2620 3835 est

231 3883 395 3966 quod
439 3882 707 3949 assolet:
748 3885 1004 3969 irrepsit
1043 3883 1365 3948 annotatio
1404 3882 1476 3947 in
1511 3886 1764 3945 textum
1804 3885 1871 3945 et
1906 3881 1975 3943 in
2009 3877 2294 3943 mediam
2333 3874 2620 3943 Calliclis

230 3991 584 4053 orationem
632 3989 1082 4054 absurdissime
1128 3992 1225 4051 est
1271 3991 1541 4071 recepta.
1613 3984 1836 4070 Itaque
1879 4004 2048 4048 nunc
2086 3980 2374 4047 Socrates
2391 4030 2405 4058 ‚
2455 4001 2619 4045 unus

235 4096 529 4158 omnium
554 4093 929 4159 mortalium
952 4095 1443 4169 urbanissimus,
1481 4112 1553 4155 ea
1574 4083 1916 4156 'verborum'
1941 4088 2282 4152 acerbitate
2307 4092 2371 4151 et
2385 4089 2621 4171 impor-

234 4201 513 4263 tunitate
549 4215 721 4264 usus·
740 4219 872 4265 esse
912 4201 1190 4264 creditur
1208 4248 1225 4276 ,
1270 4203 1346 4262 ut
1368 4198 1573 4262 nihilo
1599 4200 1763 4261 esset
1786 4196 2177 4279 nequissimo
2202 4192 2465 4260 Callicle
2489 4213 2621 4258 me-

233 4301 371 4368 lior.
471 4301 758 4371 Calliclis
821 4308 995 4371 enim
1056 4306 1509 4390 importunitas
1556 4310 1620 4368 et
1663 4301 1958 4369 vecordia
2014 4303 2299 4365 maxime
2346 4302 2624 4364 cernitur

234 4409 300 4471 in
348 4430 422 4474 eo
472 4409 642 4494 quod
690 4410 850 4477 dixit
894 4433 1040 4498 pag.
1091 4408 1243 4475 489.
1293 4429 1349 4474 Β.
1400 4410 1595 4474 οὑτοσὶ
1646 4408 1791 4486 οὶνηρ
1842 4409 1905 4472 οὐ
1951 4406 2262 4472 παύσεται
2304 4410 2621 4486 Φλυαρῶν,
