2934 5050
992 324 1387 372 communes
1436 323 1670 371 LA‘rtM.
2393 306 2520 369 405

246 486 505 554 alterna
548 488 757 577 iun-qia
802 489 1126 576 significat
1172 489 1361 557 modo
1411 509 1676 557 uxorem
1725 488 2038 556 maritum
2087 486 2274 556 modo
2322 489 2525 556 mari-

168 595 293 657 tum
349 611 615 660 uxorem
677 593 1044 681 obiurgare.
1142 596 1547 682 Quapropter
1609 595 1750 661 iure
1796 600 2095 681 expectes
2143 593 2206 659 in
2257 612 2526 680 sequen·

168 694 325 762 tibus
370 695 655 785 aliquam
700 708 879 767 certe
918 702 1263 766 memorari
1306 699 1659 786 profectam
1699 718 1736 764 a
1777 698 2014 765 marito
2056 699 2278 766 uxoris
2311 697 2525 765 obiur-

166 801 498 884 annonem.
594 803 719 871 Sed
769 812 992 870 contra
1038 814 1163 873 est.
1258 804 1426 872 Audi
1479 802 1696 869 modo:

424 916 565 975 tum
614 910 833 994 gravis
878 909 981 975 illa
1034 911 1172 975 viro
1218 918 1377 977 tunc
1424 910 1580 976 orba
1627 907 1864 995 tigride
1909 908 2123 996 peior,

420 1032 571 1080 cum
623 1015 889 1081 simulat
934 1017 1247 1100 gemituS,
1296 1015 1531 1081 occulti
1585 1016 1843 1081 conscia
1890 1011 2044 1080 iacti

420 1126 537 1184 aut
583 1117 718 1184 odit
764 1138 997 1206 pueros
1042 1127 1159 1185 aut
1205 1119 1354 1185 ficta
1405 1118 1628 1204 pellice
1677 1119 1888 1205 plorat

420 1221 732 1289 uberibus
774 1243 1030 1310 semper
1076 1223 1365 1290 lacrimis
1413 1243 1796 1311 semperque
1843 1225 2087 1310 paratis

423 1329 493 1394 in
541 1329 816 1395 statione
863 1347 979 1395 sua
1026 1337 1221 1415 atque
1260 1328 1787 1415 exspectantibus
1832 1327 2031 1407 illam,

422 1452 554 1519 quo
601 1433 817 1499 iubeat
865 1451 1129 1500 manare
1177 1432 1397 1498 modo:
1450 1443 1523 1501 tu
1564 1433 1778 1500 credis
1825 1451 2148 1512 amorem,

419 1546 497 1603 tu
545 1536 659 1603 tibi
710 1546 865 1604 tunc
918 1537 1122 1605 Uruca
1173 1537 1384 1624 places
1434 1538 1788 1625 fletumque
1838 1536 2082 1605 labellis

419 1640 691 1708 exorbes
736 1649 891 1708 cett.

200 1747 378 1830 .Qua
443 1742 531 1814 de'
591 1766 788 1813 causa
851 1748 1070 1813 nescio
1145 1767 1227 1813 an
1297 1747 1529 1814 leniter
1590 1747 2046 1835 corrigendum
2110 1748 2226 1814 sit:
2265 1768 2533 1836 πωρον

166 1850 338 1920 habet
385 1852 538 1919 lites
582 1862 960 1939 aeternaque
1008 1852 1219 1937 iurgia
1264 1851 1495 1920 lectus·

964 1954 1210 2023 Ibidem
1264 1977 1358 2023 vs.
1408 1963 1538 2024 555
1588 1976 1716 2043 sq.:

812 2061 1119 2148 quoniam
1166 2061 1430 2148 Delphis
1478 2060 1736 2128 oracula
1784 2071 2082 2140 cessant,

607 2175 674 2232 et
718 2183 923 2251 genus
969 2163 1327 2232 humanum
1376 2186 1619 2232 nanum
1666 2167 1876 2252 caligo
1923 2164 2127 2232 futuri

247 2269 690 2338 Heinricbius:
742 2270 1055 2356 »obliqat.
1104 2289 1223 2336 aus
1262 2269 1378 2336 der
1410 2270 1833 2357 juristiscben
1869 2269 2178 2358 Spracbe.
2252 2272 2352 2337 An
2389 2270 2536 2337 eine

171 2372 579 2462 »Corruption
642 2375 729 2440 ist
791 2374 971 2440 nicht
1032 2393 1116 2440 zu
1180 2374 1505 2441 denken.''
1611 2377 1691 2441 At
1758 2376 1929 2443 scire
1971 2374 2161 2442 velim
2210 2374 2292 2441 ad
2340 2394 2536 2463 quam

170 2495 293 2545 rem
338 2480 551 2566 caligo
607 2472 812 2547 futuri
876 2498 1080 2566 genus
1144 2478 1503 2548 humanum
1570 2480 1828 2569 obliget.
1928 2480 2294 2568 Numquam
2360 2482 2534 2549 enim

170 2581 456 2652 &muare
501 2595 600 2652 est
664 2585 902 2672 liqare,
965 2584 1238 2664 vincire,
1291 2596 1516 2652 tenere.
1614 2585 1682 2653 Si
1731 2585 1891 2651 nihil
1940 2606 1977 2652 a
2024 2586 2258 2653 scribis
2307 2606 2540 2674 pecca-

172 2695 299 2755 tum
345 2698 482 2769 est,
529 2690 786 2756 damnat
828 2688 894 2756 b.
939 2689 978 2754 l.
1027 2689 1483 2776 explicandum
1533 2689 1792 2757 videtur
1837 2691 2072 2770 laedit,
2122 2691 2349 2758 damno
2401 2691 2538 2779 offi-

174 2793 269 2870 eit.
290 2814 482 2881 quam
509 2795 640 2861 vim
667 2794 933 2860 verbum
963 2793 1195 2861 babere
1221 2805 1491 2881 putatur
1514 2795 1683 2883 apud
1714 2796 2011 2864 Plautum
2042 2796 2539 2874 Trinumm.1V,

180 2903 235 2974 1,
263 2905 346 2967 10
370 2898 760 2986 pauperibus
787 2906 848 2965 te
875 2918 1137 2985 parcere
1163 2900 1423 2966 solitum
1452 2900 1688 2966 divites
1711 2901 2013 2967 damnare
2036 2908 2231 2988 atque
2253 2899 2540 2967 domare.

178 3000 292 3070 Sed
328 3003 513 3090 longe
552 3005 687 3070 veri
729 3004 1007 3070 similius
1038 3023 1177 3070 esse
1224 3005 1507 3071 arbitror
1540 3014 1792 3092 poetam
1831 3008 2206 3093 scripsisse:

567 3117 633 3175 et
659 3127 864 3194 genus
902 3107 1260 3175 humanum
1310 3131 1612 3178 eximium·
1659 3111 1867 3199 caligo
1913 3111 2140 3180 futuri.

932 3212 1176 3281 Ibidem
1241 3233 1369 3282 vs8.
1423 3220 1553 3282 490
1600 3236 1766 3303 sqq.:

438 3319 719 3405 disponit
765 3319 1054 3397 crinem,
1102 3319 1401 3386 laceratis
1450 3322 1586 3406 ipsa
1636 3321 1883 3408 capillis

438 3422 612 3490 nudo
661 3442 885 3489 umero
934 3425 1161 3490 Psecas
1214 3423 1435 3491 infelix
1487 3423 1808 3512 nudisque
1854 3426 2165 3493 mamillis

440 3527 819 3595 »altiorbic
867 3548 1069 3614 quare
1114 3529 1550 3596 cincinnus?”
1604 3540 1826 3596 taurea
1878 3532 2064 3616 punit

439 3634 745 3698 continuo
796 3631 943 3699 flexi
995 3635 1241 3701 crimen
1291 3634 1672 3721 facinusque
1719 3634 1955 3721 capilli.

441 3735 607 3819 Quid
655 3738 883 3804 Psecas
929 3727 1230 3805 admisit?
1283 3759 1597 3825 quaenam
1651 3748 1752 3806 est
1796 3740 1901 3806 bic
1950 3739 2138 3827 culpa
2183 3739 2466 3828 puellae,

445 3844 499 3907 si
544 3841 1040 3929 tibi-displicuit
1090 3863 1287 3910 nasus
1335 3845 1529 3910 tuus?
1580 3844 1782 3911 altera
1833 3845 2078 3911 laevum

443 3946 730 4013 extendit
774 3950 1102 4035 pectitque
1147 3969 1364 4015 comas
1410 3960 1478 4016 et
1524 3949 1715 4022 ‚volvit
1766 3951 1832 4016 in
1881 3949 2122 4016 orbem.

272 4045 440 4126 Quid
484 4050 597 4117 sibi
660 4052 719 4118 b.
763 4053 802 4118 Ι.
871 4053 1023 4120 velit
1086 4054 1329 4120 laevum
1395 4075 1602 4143 neque
1664 4075 1783 4141 ego
1831 4053 2140 4141 intellego*
2179 4074 2387 4143 neque
2432 4055 2548 4124 alii

194 4150 350 4217 mibi
396 4155 747 4240 expediunt.
844 4159 1162 4226 luvenalis
1209 4161 1509 4246 scripsit,
1561 4162 1616 4225 si
1665 4160 1821 4246 quid
1869 4157 2086 4226 video:

1553 4265 1754 4331 altera
1805 4265 2006 4331 laeves

542 4367 818 4435 extendit
871 4372 1192 4456 pectitque
1238 4393 1440 4438 comas
1492 4380 1556 4438 et
1607 4371 1800 4437 volvit
1849 4371 1914 4437 in
1958 4371 2173 4440 orbem
