2934 5050
327 270 412 334 28
1328 285 1726 333 misceamus

326 474 451 541 que
517 455 773 521 Homeri
840 452 1051 520 locum
1117 453 1180 518 in
1248 453 1651 539 marginibus
1707 456 1884 521 circa
1947 462 2197 523 textum
2262 456 2568 544 apposuit
2630 457 2727 524 τὰ

325 563 695 644 ’Λριςονίκου
741 567 976 640 σημεῒοι
1037 558 1142 626 καὶ
1189 560 1273 625 τὰ
1324 560 1604 639 Διδύμου
1652 560 1787 642 περὶ
1836 569 1948 637 τῆς
2009 563 2438 645 ’Λριςοιρχείου
2483 562 2727 646 διορθώ-

325 691 510 746 σεως,
552 675 617 734 et
656 666 953 733 omnibus
997 666 1178 732 libris
1221 675 1473 752 praeter
1518 666 1818 733 ultimum
1864 666 2293 755 subscripsit:
2341 670 2726 751 Παράκειτα

321 776 409 842 τὰ
453 775 821 857 ἈριςονΙκου
864 781 1099 851 σημεῖα
1133 771 1240 839 καὶ
1287 773 1372 837 τοὶ
1420 771 1696 851 Διδύμου
1734 772 1868 854 περὶ
1913 782 2024 850 τῆς
2068 777 2499 856 ’Λριςαρχείου
2549 776 2729 859 &top-e

326 882 552 956 θῶσεως
575 932 590 947 .
653 881 794 947 τινὰ
862 879 924 946 δὲ
991 879 1096 944 καὶ
1155 879 1223 945 ἐκ
1286 885 1397 954 τῆς
1461 881 1735 954 Ἰλιοικῆς
1803 879 2138 961 προσῳδίας
2209 880 2314 947 καὶ
2379 880 2726 961 Νικάνορος

323 988 458 1070 περὶ
507 995 745 1067 ςιγμῆς
770 1036 787 1065 ,
838 983 946 1051 ubi
1005 983 1199 1050 verba
1244 984 1426 1049 τινὰ
1475 984 1547 1049 δὲ
1594 984 1722 1048 καὶ
1775 984 1843 1049 ἐκ
1890 992 2001 1061 τῆς
2050 988 2323 1063 ’Ῑλιωκῆο
2371 987 2722 1070 προσῳδίας

325 1092 665 1160 manifesto
710 1090 1041 1158 declarant
1096 1109 1172 1156 ex
1236 1087 1577 1154 Herodiani
1630 1088 1809 1155 libris
1857 1090 1989 1171 περὶ
2036 1098 2149 1167 τῆς
2199 1092 2478 1169 ’Imaum-
2526 1117 2722 1176 προσ-

323 1201 505 1283 ῳδίοις
567 1207 857 1284 excerpta
920 1206 1162 1260 tantum
1215 1214 1356 1261 esse
1403 1192 1770 1281 adscripta,
1841 1195 2010 1261 unde
2067 1205 2246 1262 certo
2293 1198 2511 1283 colligi
2561 1198 2721 1265 licet

323 1306 486 1373 duos
529 1305 795 1391 priores
819 1302 1016 1367 libros
1055 1302 1140 1367 τὰ
1174 1301 1540 1381 ’Λρις-ονίκου
1577 1307 1807 1378 σημεῖα
1852 1310 1916 1366 et
1958 1303 2044 1366 σοὶ
2095 1301 2373 1382 Διδύμου
2419 1304 2557 1387 περὶ
2600 1311 2720 1380 τῆς

322 1409 752 1492 ’Λριςαρχείου
776 1408 1124 1490 διορθώσεως
1158 1407 1432 1492 iuteyros
1472 1407 1534 1472 in
1576 1406 1979 1491 marginibus
2008 1414 2226 1474 textus
2254 1408 2581 1476 Homerici
2605 1409 2716 1478 de·

322 1517 601 1602 scriptos
638 1513 862 1580 fuisse.
938 1512 1160 1599 ltaque
1197 1511 1661 1579 Praelationem
1702 1532 1955 1599 quoque
1999 1512 2340 1600 utriusque
2390 1514 2541 1581 libri
2583 1536 2716 1583 non

322 1641 464 1688 esse
527 1622 834 1687 omissam
900 1628 964 1686 et
1030 1618 1444 1704 praeteritam
1515 1616 1925 1684 manifestum
1994 1626 2139 1697 est,
2205 1618 2315 1687 sed
2384 1617 2465 1686 de
2532 1640 2720 1688 ruore

323 1727 590 1794 seorsim
656 1724 1046 1813 descriptam
1109 1726 1226 1791 toti
1303 1724 1477 1811 operi
1546 1743 1686 1790 esse
1759 1723 2214 1810 praemissam,
2280 1723 2342 1791 id
2403 1725 2575 1814 quod
2643 1728 2713 1793 in

325 1832 690 1900 Aristonico
741 1830 850 1918 (ne
898 1830 976 1897 de
1024 1829 1281 1919 Didymi
1323 1849 1517 1916 opera
1565 1838 1628 1896 et
1670 1830 1952 1906 ratione,
2003 1848 2196 1916 quam
2246 1831 2313 1897 in
2364 1830 2716 1898 scribendo

325 1948 589 2005 secutus
651 1938 735 2004 sit
798 1933 878 2003 de
938 1935 1258 2002 industria
1319 1934 1640 2023 dicamus)
1712 1954 1972 2021 prorsus
2028 1945 2169 2001 erat
2235 1939 2708 2006 necessarium.

326 2042 395 2108 ln
459 2042 863 2129 marginibus
918 2041 1089 2107 enim
1152 2049 1370 2107 textus
1436 2040 1756 2106 Homerici
1817 2039 1904 2106 τὰ
1949 2048 2182 2119 σημεῖα
2231 2041 2365 2126 ipsa
2428 2061 2713 2130 appone·

324 2148 597 2228 bantur,
663 2157 728 2214 et
777 2166 895 2213 cur
946 2145 1361 2212 Aristarchus
1409 2143 1490 2211 ad
1537 2165 1857 2232 quemque
1904 2145 2113 2213 locum
2165 2145 2418 2232 singula
2468 2158 2713 2227 σημεῖα

325 2252 644 2321 addiderit
694 2250 1160 2339 exponebatur,
1223 2250 1332 2316 sed
1385 2248 1462 2316 de
1521 2249 1679 2337 ipsis
1721 2252 1992 2331 σημείοις
2042 2253 2104 2318 in
2166 2254 2593 2334 universum,
2645 2264 2715 2322 et

326 2378 492 2445 quae
550 2368 713 2424 esset
775 2364 893 2424 τῶν
953 2356 1218 2436 σημείων
1284 2357 1447 2421 ratio
1496 2366 1560 2423 et
1620 2375 1821 2435 usus»,
1886 2358 2291 2424 Aristonicus
2357 2358 2419 2423 in
2485 2361 2714 2446 operis

323 2464 585 2532 exordio
641 2471 704 2531 et
753 2462 1022 2529 introitu
1074 2461 1344 2529 lectores
1391 2461 1700 2528 certiores
1745 2460 1956 2529 lacere
2003 2461 2245 2530 debuit.
2343 2463 2516 2532 Haec
2569 2466 2710 2553 ipsa

322 2590 520 2638 causa
567 2580 662 2637 est
711 2589 831 2636 cur
871 2567 1031 2635 nihil
1071 2575 1238 2633 esset
1286 2587 1445 2654 opus
1494 2569 1559 2633 in
1602 2567 1876 2653 singulis
1923 2568 2079 2634 locis
2122 2577 2420 2636 notarum
2467 2591 2709 2640 nomeu

321 2676 650 2757 indicare,
700 2674 1002 2764 quoniam
1070 2693 1143 2739 ea
1201 2673 1417 2737 omnia
1469 2674 1534 2738 in
1605 2669 2006 2740 praefatione
2054 2673 2201 2740 libri
2266 2683 2442 2742 recte
2487 2686 2555 2742 et
2604 2698 2705 2745 or·

322 2782 473 2849 dine
535 2790 834 2849 enarrata
911 2778 1192 2845 luerunt.
1310 2777 1388 2844 Ut
1457 2778 1630 2845 enim
1696 2799 1823 2846 uno
1891 2778 2181 2867 exemplo
2253 2799 2391 2845 rem
2457 2801 2575 2868 per
2636 2802 2707 2851 se

322 2888 575 2975 planam
626 2896 689 2953 et
731 2886 1137 2974 perspicuam
1183 2883 1417 2952 faciam
1464 2884 1659 2950 etiam
1715 2883 2104 2971 planiorem,
2168 2885 2583 2952 Aristonicus
2633 2888 2702 2954 in

323 2993 723 3061 Praelatione
768 2992 1166 3080 explicuerat
1212 2992 1324 3068 την
1383 2988 1851 3071 περιεςιγμένην
1903 2988 2125 3066 διπλῆν
2167 2988 2248 3054 ab
2314 2989 2706 3059 Aristarcho

320 3098 401 3166 ad
447 3119 556 3165 eos
602 3097 772 3164 locos
817 3117 955 3164 esse
996 3096 1350 3183 adpictam,
1400 3095 1509 3161 ubi
1557 3094 1894 3161 Zenodotei
1946 3102 2162 3160 textus
2209 3094 2580 3181 scripturae
2619 3096 2704 3164 ab

322 3202 734 3270 Aristarchea
802 3202 1172 3268 recensione
1231 3200 1705 3285 discreparent,
1771 3199 1866 3263 vel
1917 3197 2061 3265 aliis
2119 3198 2331 3265 verbis
2395 3200 2501 3266 ubi
2559 3204 2706 3270 Ari·

320 3307 620 3378 starchus
668 3307 931 3372 vitiosas
992 3305 1387 3373 Zenodoteae
1444 3304 1836 3370 recensionis
1900 3302 2205 3371 lectiones
2266 3305 2703 3376 emendasset.

321 3414 499 3496 Quod
550 3432 752 3500 quum
816 3410 1014 3479 semel
1078 3411 1143 3476 in
1191 3410 1403 3497 operis
1469 3408 1737 3473 introitu
1801 3406 2148 3496 diligenter
2205 3419 2376 3477 esset
2434 3409 2707 3480 demon·

321 3527 636 3597 stratum,
710 3516 867 3584 nihil
930 3527 1068 3584 erat
1132 3535 1294 3602 opus
1371 3512 1449 3580 ad
1513 3512 1799 3599 singulas
1878 3514 2179 3581 Zenodoti
2246 3514 2706 3603 discrepantes

319 3624 628 3691 lectiones
674 3623 1073 3700 adscribere:
1138 3626 1173 3699 ἧ
1222 3618 1657 3705 περιεςιγμένη
1705 3620 1891 3695 διπλῆ
1945 3614 2036 3685 ὅτι
2085 3618 2407 3696 Ζηνόδοτος
2456 3623 2705 3708 γράφει

321 3733 453 3797 xri.
503 3728 617 3795 sed
669 3731 827 3796 satis
872 3737 1044 3795 erat:
1107 3722 1199 3792 ὅτι
1248 3724 1572 3801 Ζηνόδοτος
1627 3723 1901 3805 γράφει,
1965 3732 2029 3789 et
2072 3723 2375 3791 similiter
2426 3727 2493 3791 in
2557 3749 2703 3797 cae.

319 3836 480 3902 teris
526 3835 820 3914 σημείοις.
918 3833 1049 3899 lam
1103 3849 1253 3898 vero
1301 3829 1456 3896 baec
1493 3830 1706 3894 omnia
1758 3838 2061 3912 reputans
2111 3825 2552 3913 fragmentum
2608 3834 2706 3900 in·

319 3940 482 4007 certi
529 3939 949 4007 Grammatici
1009 3938 1072 4004 in
1127 3944 1379 4003 vetusto
1438 3932 1667 3999 Codice
1730 3933 2053 3998 Marciano
2100 3942 2159 3998 Α
2209 3943 2542 4020 repertum
2596 3959 2705 4006 su·

319 4046 479 4111 mito
524 4042 680 4109 mihi
731 4041 967 4131 aliquis
1013 4044 1075 4108 in
1128 4061 1360 4107 manus
1405 4052 1470 4106 et
1518 4037 1861 4123 diligenter
1909 4037 2236 4124 inspicito:

326 4144 522 4224 *⁴⁴13
581 4149 651 4215 τὸ
700 4146 856 4232 ἔφη.
916 4153 947 4214 δ
992 4149 1054 4215 δὲ
1098 4154 1279 4214 τοῦτο
1325 4147 1413 4227 ,wir
1461 4143 1682 4220 νοήσαις
1743 4142 1921 4209 ἀλλὰ
1966 4143 2184 4222 λαβὼν
2233 4142 2430 4211 πάλιν
2482 4146 2557 4212 τὸ
2599 4137 2706 4235 Ei}

317 4257 456 4323 σι’ντ)
504 4260 611 4322 τοῦ
636 4245 735 4329 ’ὦῖ
783 4253 1091 4332 ὑπέταξεν
1138 4254 1206 4319 ἐκ
1246 4255 1532 4335 περισσοῦ

635 4360 916 4444 πέφραδέ
962 4384 1034 4426 τε
1079 4358 1351 4441 Τρώεσσι
1401 4355 1510 4422 καὶ
1556 4353 1892 4437 εὐχόμενος
1935 4350 2079 4426 ἔπος
2125 4351 2303 4427 ηὔδα.
