2934 5050
965 324 1277 372 nucitum
1325 326 1396 372 ετ
1444 324 1751 373 Lucum«.
2470 313 2597 375 275

229 491 553 580 telligebar
617 511 835 581 posse,
899 491 1071 558 baud
1119 510 1357 578 paucos
1406 493 1666 561 retuli”.
1762 491 1935 560 Nihil
1982 512 2057 560 ex
2109 493 2212 559 bis
2258 492 2591 562 satisfacit.

227 598 550 667 Sententia
601 599 666 664 in
718 596 1005 664 Muelleri
1054 598 1328 664 lectione
1378 597 1533 665 baec
1581 599 1805 665 inerit:
1859 598 2049 685 »quia
2098 597 2354 664 videbat
2402 619 2590 665 arca-

229 723 375 770 num
443 724 631 772 suum
698 712 921 768 notum
986 722 1125 768 esse
1171 702 1369 780 mibi,
1437 723 1585 769 cum
1644 703 1871 789 paucis
1916 708 2173 769 tantum
2222 722 2359 769 rem
2409 723 2588 769 com-

225 810 611 874 municavi'’.
664 808 822 874 Mira
865 827 1018 872 sane
1063 805 1294 892 agendi
1346 809 1536 874 ratio.
1590 807 1865 890 Quidni,
1897 809 1953 874 si
2002 808 2148 894 quis
2173 807 2587 875 offensionem

224 911 495 978 hominis
542 914 797 990 timeat,
843 913 1033 977 cuius
1079 929 1386 977 arcanum
1443 912 1607 979 sorte
1655 913 1942 991 noverit,
2008 912 2193 999 plane
2239 912 2424 980 sileat
2478 934 2590 999 po-

219 1018 346 1082 tius
404 1036 601 1104 quam
669 1036 821 1082 eum
888 1017 1108 1103 paucis
1171 1016 1648 1084 communicet?
1747 1016 2008 1083 Accedit
2070 1017 2239 1104 quod
2297 1017 2421 1083 »ad
2471 1017 2588 1083 ali-

217 1140 401 1207 quem
453 1122 741 1188 rel’erre”
799 1141 925 1187 non
975 1121 1295 1206 significat
1344 1120 1726 1207 simpliciter
1773 1141 2089 1189 »narrare
2138 1120 2405 1189 alicui”.
2506 1125 2586 1188 At

221 1225 450 1293 tradita
503 1225 691 1293 lectio
735 1224 971 1292 leniter
1018 1226 1394 1291 immutata:

484 1329 654 1417 quod
704 1331 758 1395 is
805 1329 1247 1416 intellegebat,
1301 1350 1483 1397 nosse
1530 1330 1701 1397 baud
1750 1351 1986 1417 paucos
2034 1331 2297 1409 rettuli,

215 1437 269 1501 si
336 1456 461 1502 non
537 1434 939 1522 elegantem,
1006 1444 1077 1501 at
1147 1434 1539 1501 tolerabilem
1585 1438 2015 1515 sententiam,
2087 1433 2296 1503 offert.
2398 1436 2586 1503 Exci-

215 1539 378 1607 disse
425 1539 708 1628 aliquid,
762 1548 1040 1606 metrum
1091 1538 1323 1607 docere
1369 1538 1663 1614 videtum
1734 1540 2004 1608 sortasse
2041 1542 2201 1608 alios
2246 1550 2396 1608 ante
2443 1563 2586 1607 nos-

210 1665 306 1709 se:
374 1644 594 1731 »quod
664 1647 720 1710 is
787 1643 1230 1730 intellegebat,
1302 1643 1460 1710 alios
1510 1646 1695 1711 nosse
1752 1644 1920 1712 baud
1986 1664 2225 1733 paucos
2290 1646 2585 1713 rettuli”.

215 1748 360 1815 'l'am
430 1751 719 1816 incertae
771 1752 1184 1817 coniecturae
1254 1752 1481 1835 utique
1552 1770 1674 1815 non
1746 1761 1899 1818 sunt
1956 1750 2402 1837 recipiendae;
2474 1761 2588 1817 aut

214 1853 447 1920 tradita
511 1855 703 1921 lectio
765 1863 1311 1942 repraesentetur,
1382 1863 1498 1920 aut
1561 1852 1728 1939 quod
1784 1854 1865 1920 ab
1917 1857 2090 1921 omni
2152 1864 2335 1943 parte
2398 1857 2584 1921 satis-

214 1957 419 2026 faciat.
537 1960 695 2026 Eam
767 1978 1058 2027 normam
1129 1958 1281 2025 alibi
1352 1979 1606 2046 quoque
1679 1959 1958 2044 neglexit
2027 1960 2254 2027 editor.
2364 1959 2579 2026 Veluti

215 2061 502 2131 xxvnt.
554 2069 667 2131 58:
736 2094 762 2123 ι
778 2066 960 2151 pueri
1006 2073 1336 2152 praeterea
1388 2066 1627 2131 nostris
1673 2084 1801 2151 quo
1847 2063 2117 2131 subeant
2165 2064 2386 2131 iubet”
2428 2054 2583 2131 'iibri

213 2169 346 2254 quiz
417 2167 623 2234 nihilo
699 2168 803 2235 bic
866 2171 1240 2237 coniectura
1302 2169 1531 2236 melior
1595 2169 1829 2235 tradita
1894 2169 2198 2243 lectione;
2260 2170 2582 2237 sententia

209 2282 307 2337 est
350 2276 528 2340 enim
588 2273 1002 2361 imperfecta,
1055 2295 1173 2341 nec
1220 2276 1562 2361 quisquam
1617 2282 1822 2360 potest
1868 2273 2193 2352 divinare,
2242 2283 2465 2341 utrum
2512 2276 2581 2339 in

216 2378 632 2464 sequentibus
679 2381 1134 2447 coniunctivus
1195 2379 1390 2445 suerit
1440 2380 1644 2468 (iubet
1690 2379 1999 2445 accedant
2046 2381 2261 2466 pueri,
2310 2383 2420 2467 qui
2470 2401 2582 2447 su-

217 2478 400 2551 beant
471 2486 739 2566 nostris)
807 2504 886 2552 an
953 2487 1199 2553 iussum
1267 2485 1563 2573 pluribus
1622 2486 1983 2571 expositum
2049 2484 2285 2567 luerit,
2354 2494 2423 2554 et
2464 2508 2583 2574 quo

217 2587 400 2655 tinem
489 2590 951 2677 significaverit
1017 2594 1122 2679 (ut
1189 2593 1370 2678 pueri
1444 2592 1682 2657 nostris
1758 2590 2076 2669 subeant,
2151 2590 2579 2679 iubet....),

213 2711 373 2778 quae
422 2693 682 2761 videtur
727 2695 1017 2762 Muelleri
1062 2698 1400 2763 sententia.
1474 2696 1615 2761 Non
1664 2703 1763 2761 est
1810 2693 1929 2760 hoc
1978 2695 2153 2760 aliud
2202 2715 2397 2782 quam
2440 2715 2578 2781 spe·

213 2798 373 2864 ciem
424 2796 715 2865 fallacem
763 2800 1232 2867 emendationis
1277 2802 1605 2887 corruptis
1650 2799 2001 2867 offundere.

302 2903 561 2972 xxvss.
594 2909 653 2969 7.
704 2903 1127 2992 Plerumque,
1173 2914 1238 2971 et
1281 2914 1453 2972 recte
1492 2904 1779 2992 quidem,
1818 2913 1887 2971 ut
1927 2905 2189 2990 opinor,
2237 2903 2581 2971 Muellerus

218 3006 607 3075 Lachmanui
668 3010 1075 3076 coniecturas
1122 3013 1384 3098 sprevit.
1482 3010 1646 3077 Sunt
1692 3012 1863 3076 enim
1911 3029 2174 3095 operose
2221 3011 2576 3096 quaesitae.

218 3111 407 3179 Cuius
451 3115 549 3179 rei
596 3113 960 3201 exemplum
1012 3114 1273 3202 praebet
1313 3114 1417 3181 bic
1457 3135 1713 3192 versus,
1762 3135 1951 3201 quem
1980 3115 2144 3192 M.,a
2170 3114 2580 3182 Lachmanno

218 3217 453 3285 scilicet
497 3216 952 3296 emendatum,
1005 3218 1067 3282 in
1116 3226 1362 3284 textum
1412 3220 1694 3305 recepit:

433 3324 603 3388 »iam
653 3342 780 3408 qua
818 3330 1200 3409 tempestate
1237 3325 1420 3401 vivo,
1470 3324 1716 3390 clar-eain
1755 3323 1836 3389 ad
1878 3343 1979 3388 me
2018 3324 2303 3409 recipio'’

220 3426 368 3491 nim.
404 3437 660 3510 χρῆσινς
711 3427 856 3493 libri
903 3438 1067 3494 certe
1112 3429 1266 3494 sine.
1361 3428 1650 3514 Speciem
1702 3437 1916 3496 tamen
1962 3428 2248 3515 aliquam
2291 3428 2393 3494 bis
2430 3447 2577 3494 con-

217 3530 387 3599 ciliat
448 3531 623 3621 quod
671 3532 1036 3618 iunguntur
1083 3553 1232 3600 cum
1281 3533 1360 3599 fr.
1414 3541 1488 3600 δε

396 3637 544 3705 cum
596 3638 797 3703 sciam
852 3637 941 3703 nil
985 3641 1131 3705 esse
1180 3640 1242 3704 in
1292 3640 1423 3704 vita
1477 3639 1807 3725 prdprium
1862 3634 2118 3703 mortali
2157 3635 2404 3702 datum.

306 3738 422 3818 Sed
470 3743 800 3830 »recipere
846 3743 926 3809 ad
974 3745 1089 3810 se’'
1136 3743 1493 3830 significat,
1541 3745 1801 3830 opinor,
1848 3743 2024 3809 domi
2065 3760 2217 3807 suae
2268 3742 2574 3827 recipere.

225 3841 303 3908 Et
373 3856 821 3933 praeterquam
893 3848 1061 3935 qnod
1126 3848 1350 3914 Latina
1412 3868 1535 3914 non
1602 3855 1785 3923 sunt,
1874 3845 2139 3913 molesta
2202 3854 2355 3912 sunt
2418 3846 2572 3912 illa:

226 3965 438 4017 »usum
489 3950 800 4040 (chresiu)
851 3952 932 4019 ad
977 3974 1079 4021 me
1125 3952 1414 4040 recipio''
1461 3973 1607 4040 pro:
1658 3973 1785 4019 non
1827 3950 2132 4018 dubitabo
2171 3952 2264 4016 uti
2306 3952 2573 4036 paratis.

221 4049 377 4119 Tum
425 4056 679 4123 inutilia
723 4066 877 4124 sunt
925 4058 1117 4126 baec:
1169 4078 1334 4144 »qua
1386 4065 1766 4144 tempestate
1810 4057 2040 4134 vivo-'’,
2110 4076 2256 4122 nam
2308 4055 2573 4144 quaevis

226 4163 426 4238 aetas,
464 4162 572 4227 cui
612 4181 991 4249 persuasum
1032 4172 1132 4231 est
1172 4162 1334 4230 bona
1376 4184 1498 4230 non
1538 4164 1794 4250 propria
1835 4162 2090 4228 mortali
2132 4163 2317 4238 data,
2364 4164 2572 4228 utitur

225 4256 319 4323 iis
403 4264 482 4330 Et
547 4273 763 4334 tamen
830 4268 1282 4336 Lachmannus
1347 4268 1461 4336 bos
1531 4287 1755 4335 versus
1819 4267 1913 4333 sic
1971 4287 2011 4332 a
2075 4288 2144 4335 se
2198 4267 2570 4336 emendatos

224 4360 715 4450 elegantissimos
753 4371 942 4441 dicit.
