2934 5050
373 222 459 285 74
1381 238 1758 286 romaum.
2492 298 2509 311 ι
2538 160 2827 309 Α

371 408 502 474 lare
548 406 820 486 solebat,
871 404 1171 474 Chalcide
1217 405 1522 474 Corintho
1567 414 1634 472 et
1677 406 2113 483 Demetriade,
2174 409 2288 470 aut
2333 404 2560 469 bellum
2599 423 2711 468 con·

371 516 713 578 tinuarent.
763 511 1046 577 Veniunt
1080 515 1148 577 in
1187 512 1495 578 Senatum
1531 533 1660 578 una
1690 534 1839 578 cum
1862 512 2097 600 leg-atis
2120 514 2292 599 regis
2313 510 2714 576 Macedonum.

372 620 511 685 Iam
572 621 608 704 ᾖ
675 617 759 684 12
821 618 899 683 de
972 621 1259 704 utrisque
1317 618 1474 684 haec
1547 618 1886 706 leguntur:
1959 619 2008 683 οἱ
2075 618 2189 694 μὲν
2252 612 2351 682 οὖν
2408 617 2570 697 παρὰ
2623 618 2718 679 τῶν

372 725 680 799 Ἑλλήνων
727 722 1017 804 πρέσβεις
1055 729 1264 789 ταῦτα
1312 724 1417 789 καὶ
1466 724 1701 796 τούτοις
1748 725 2167 805 παραπλήσια
2215 722 2640 803 διελέχθησαν,
2678 721 2720 786 οἱ

376 831 440 896 δὲ
485 830 661 912 παρὰ
707 835 814 895 τοῦ
864 830 1174 895 Φιλίππου
1219 828 1762 909 παρεσκευάσαντο
1809 831 1923 908 μὲν
1960 832 2047 902 ὣς
2097 830 2214 894 ἐπὶ
2265 838 2520 895 πλεῖον
2563 851 2720 903 totn-

372 936 696 1015 σόμενοι
743 935 927 1008 τοὺς
976 934 1270 1015 λόγους
1322 936 1396 999 έν
1440 938 1745 1016 άρχαῒς
1794 934 1849 1001 δ’
1901 935 2181 1009 εὐθέως
2232 937 2719 1011 ἐκωλύθησαν·

372 1042 760 1126 ἐρωτηθέντες
808 1043 935 1124 γάρ
976 1043 1026 1107 εἱ
1074 1046 1512 1123 παραχωροῦσι
1561 1042 1866 1111 Χαλκίδος
1916 1042 2021 1106 καὶ
2070 1044 2343 1124 Κορίνθου
2391 1043 2493 1108 καὶ
2542 1052 2723 1120 Δημη·

370 1150 644 1231 τριάδος,
693 1149 972 1213 ἀπεῖπαν
1025 1149 1337 1227 μηδεμίαν
1384 1145 1554 1229 ἔχειν
1599 1148 1733 1228 περὶ
1774 1148 2003 1212 τούτων
2048 1149 2320 1224 ἐντολήν.
2417 1144 2595 1213 Οὗτοι
2634 1148 2727 1225 μὲν

370 1251 468 1321 οὖν
538 1253 1181 1333 έπιτιμηθέντές
1252 1251 1404 1319 οὕτω
1470 1256 1881 1319 κατέπαυσαν
1943 1253 2048 1317 τὸν
2117 1252 2327 1332 λόγον.
2440 1257 2525 1320 At
2576 1252 2727 1318 nulla

373 1366 509 1427 erat
569 1381 758 1426 causa
802 1382 915 1425 cur
958 1359 1235 1426 Romani
1277 1360 1705 1426 Macedonum
1748 1359 1997 1448 legatos
2040 1362 2559 1445 reprehenderent:
2615 1368 2728 1426 tan·

370 1467 707 1533 tummodo
769 1467 1242 1551 impediverunt
1288 1487 1394 1532 eos
1438 1469 1783 1552 quominus
1824 1465 2182 1553 longiorem
2226 1466 2531 1532 haberent
2570 1467 2729 1535 orati·

370 1593 576 1639 onem.
646 1570 788 1638 Hoc
825 1592 976 1637 vero
1023 1569 1252 1638 Graeci
1295 1572 1519 1637 dicunt
1563 1572 1945 1650 ἐπιτέμνειν,
1994 1577 2069 1637 ut
2107 1571 2514 1660 Francogalli
2549 1594 2733 1657 conpar

370 1686 556 1745 court.
672 1675 864 1743 Vides
932 1677 1269 1743 librarium
1333 1698 1448 1764 pro
1529 1686 2220 1743 emTMHec-NTGC
2291 1698 2490 1765 prono
2552 1697 2735 1744 errore

371 1787 693 1872 scripsisse
766 1792 1504 1850 ΕΠΙΤΙΜΗΘΕΝΤΕΟ.
1598 1783 1741 1849 Lib.
1811 1782 2070 1862 XVIII,
2147 1782 2234 1848 13
2302 1786 2338 1869 ᾖ
2404 1784 2445 1849 5
2505 1806 2594 1871 sq.
2656 1790 2735 1849 est

373 1894 697 1978 quantivis
758 1892 951 1977 pretii
1011 1889 1188 1955 locus
1248 1889 1326 1955 de
1377 1888 1816 1956 Romanorum
1861 1894 2222 1956 armatura:
2288 1890 2576 1965 τοιαύτης
2622 1889 2731 1969 περὶ

372 1999 483 2073 τὴν
528 1995 862 2078 Φάλαγγα
908 1995 1225 2068 διαθέσεως
1275 1995 1379 2060 καὶ
1431 1996 1691 2061 καθόλου
1732 1995 1836 2061 καὶ
1878 1996 2051 2063 κατά
2090 1996 2265 2076 μέρος
2307 1995 2518 2073 οὔσης,
2556 1995 2735 2077 ῥητέον

374 2104 450 2171 ἂν
496 2102 586 2178 εἴη
637 2102 742 2167 καὶ
788 2105 895 2167 τοῦ
936 2101 1251 2179 Ῥωμαίων
1289 2104 1715 2179 καθοπλισμοῢ
1763 2102 1867 2166 καὶ
1916 2110 2027 2175 τῆς
2072 2098 2215 2177 ὅλης
2256 2102 2601 2180 συντάξεως
2634 2104 2729 2175 τὰς

371 2209 681 2284 ἰδιότητας
745 2207 849 2273 καὶ
908 2207 1207 2289 διαφορὰς
1272 2208 1339 2274 ἐκ
1402 2209 1792 2289 παραθέσεως
1815 2229 1830 2246 ·
1894 2205 2141 2277 ἵςανται
2188 2210 2302 2287 μὲν
2347 2204 2448 2274 οὖν
2496 2211 2555 2275 ἐν
2599 2208 2729 2290 τρισὶ

378 2315 516 2380 ποσὶ
589 2313 760 2392 μετὰ
829 2319 945 2377 τῶν
1005 2310 1208 2379 ὅπλων
1271 2314 1376 2378 καὶ
1440 2315 1546 2395 (cf.
1608 2313 1696 2380 29
1759 2316 1795 2400 ᾖ
1840 2314 1910 2395 2)
1979 2317 2308 2393 Ῥωμαῖοι·
2370 2324 2481 2392 τῆς
2536 2318 2731 2397 μάχης

371 2421 422 2487 δ’
464 2421 673 2493 αὐτοῖς
712 2421 857 2485 κατ’
894 2419 1087 2501 ἄνδρα
1129 2423 1237 2496 τὴν
1282 2422 1511 2495 κίνησιν
1554 2420 2007 2500 λαμβανούσης
2049 2420 2151 2487 διὰ
2197 2421 2268 2486 τὸ
2307 2424 2393 2504 τῷ
2432 2423 2548 2501 μὲν
2579 2424 2732 2503 θυρεᾷ

374 2527 621 2594 σκέπειν
689 2527 757 2592 τὸ
826 2534 1010 2605 σῶμα
1080 2528 1727 2607 συμμετατιθεμένους
1792 2529 1887 2594 ἀεὶ
1956 2528 2097 2609 πρὸς
2164 2531 2267 2595 τὸν
2330 2538 2444 2606 τῆς
2511 2535 2733 2609 πληγῆς

370 2632 616 2715 καιρόν,
681 2643 759 2716 τῇ
805 2633 1107 2718 μαχαίρᾳ
1153 2634 1205 2698 δ’
1255 2634 1323 2697 ἐκ
1369 2637 1857 2716 καταφοράς
1904 2634 2009 2699 καὶ
2060 2634 2529 2717 διαιρέσεως
2574 2643 2730 2702 ποιεῖ·

368 2743 507 2807 σθαι
570 2742 680 2815 τὴν
739 2738 1000 2820 μάχην,
1064 2741 1373 2822 προφανὲς
1435 2736 1527 2804 ὅτι
1575 2739 1906 2821 χάλασμα
1966 2742 2069 2807 καὶ
2120 2741 2407 2808 διάτασιν
2469 2745 2730 2818 ἀλλήλων

369 2845 537 2928 ἔχειν
598 2847 798 2923 δεήσει
845 2846 984 2919 τοὺς
1034 2844 1254 2926 ἄνδρας
1304 2845 1603 2925 ἕλάχιςον
1649 2855 1806 2927 τρεῖς
1856 2848 2053 2921 πόδας
2108 2849 2256 2914 κατ’
2303 2849 2605 2925 ἐτισάτην
2644 2850 2727 2916 καὶ

368 2951 775 3034 παραςάτην,
801 2954 852 3018 εἰ
888 2950 1216 3029 μέλλουσιν
1255 2954 1597 3033 εὐχρηςεῖν.
1649 2951 1817 3034 Quid
1840 2957 1927 3018 sit
1950 2953 2274 3034 μάχεσθαι
2311 2961 2383 3021 ἐκ
2422 2955 2725 3037 διαιρέσει-κ

366 3060 541 3127 haud
599 3058 784 3124 facile
838 3058 1104 3136 dixeris3
1171 3060 1510 3144 quominus
1556 3062 1729 3124 enim
1774 3059 1852 3124 de
1882 3062 2158 3143 punctim
2200 3064 2546 3150 pugnando
2589 3065 2725 3150 cogi-

367 3172 613 3241 temus,
676 3166 827 3248 quia
882 3170 1109 3229 notum
1177 3171 1274 3229 est
1334 3164 1655 3230 Romanos
1713 3165 1950 3253 gladiis
2012 3172 2149 3232 tam
2200 3173 2496 3253 punctim
2561 3188 2719 3255 quam

366 3274 601 3338 caesim
660 3290 805 3335 usos
866 3291 1030 3349 esse,
1100 3270 1396 3355 prohibet
1457 3278 1523 3337 et
1583 3271 1845 3359 linguae
1908 3270 2185 3340 Graecae
2246 3281 2312 3340 et
2370 3276 2573 3361 ipsius
2622 3273 2717 3340 loci

364 3380 560 3457 ratio,
627 3378 927 3462 quoniam
979 3374 1246 3462 planum
1291 3382 1388 3442 est
1432 3397 1671 3464 magna
1714 3377 1830 3443 illa
1873 3378 2279 3467 singulorum
2324 3382 2611 3447 militum
2648 3380 2713 3445 di·

364 3485 601 3549 stantia
656 3503 781 3548 non
839 3501 998 3568 opus
1042 3482 1237 3548 fuisse
1282 3484 1350 3547 in
1393 3483 1736 3571 pungendo
1783 3484 1892 3550 sed
1937 3488 2005 3550 in
2050 3487 2385 3553 caedendo.
2480 3487 2551 3553 In
2590 3506 2713 3573 pug·

363 3589 571 3654 nando
616 3593 834 3654 autem
881 3592 1114 3656 caesim
1160 3590 1553 3676 respicienda
1596 3597 1693 3656 est
1732 3592 1968 3678 duplex
2005 3595 2209 3660 actio:
2257 3593 2465 3684 gladii
2499 3593 2712 3659 abtas»)

364 3699 431 3762 et
473 3695 744 3760 demissio
789 3697 857 3761 in
903 3716 1127 3783 corpus
1171 3696 1536 3762 adversarii.
1630 3695 1773 3763 Hoc
1820 3694 2080 3765 Graecis
2126 3705 2223 3766 est
2266 3703 2633 3783 καταφέρειν
2668 3703 2707 3761 et

363 3801 698 3883 καταφορά
720 3849 737 3878 ,
799 3801 964 3867 illud
1026 3802 1355 3884 διαίρεσθαι
1404 3807 1470 3867 et
1515 3801 1779 3883 δίαρσις,
1843 3805 2013 3871 unde
2057 3803 2131 3872 fit
2175 3811 2252 3872 ut
2296 3808 2465 3893 quod
2510 3804 2707 3874 latinis

363 3912 460 3973 est
510 3908 724 3972 caesim
764 3907 935 3993 apud
967 3906 1321 3995 Polybium
1364 3908 1556 3973 modo
1601 3911 1671 3974 ἐκ
1716 3916 2089 3991 καταφοράς
2133 3913 2419 3991 dicatur,
2464 3913 2640 3980 modo
2660 3907 2702 3970 ἃ

366 4013 677 4094 διάρσεως.
773 4013 916 4081 Ηοο
962 4021 1179 4080 tamen
1221 4012 1389 4090 locu,
1438 4014 1553 4079 ubi
1601 4017 1994 4102 respicienda
2038 4023 2174 4084 erat
2218 4018 2457 4104 duplex
2500 4018 2610 4084 illa
2640 4031 2700 4080 ιο·

364 4119 457 4185 tio
475 4165 493 4198 ,
566 4140 751 4186 nemo
812 4120 1156 4186 mirabitur
1212 4140 1321 4186 me
1378 4118 1681 4188 historico
1740 4122 2034 4190 reddere:
2103 4133 2181 4207 τῇ
2241 4124 2543 4209 μαχαίρᾳ
2586 4122 2628 4188 δ’
2655 4115 2696 4179 ἐκ

364 4228 731 4305 καταφοράς
782 4226 886 4291 καὶ
937 4225 1327 4308 διάρσεως
1375 4228 1677 4293 ποιεῖσθαι
1723 4229 1835 4303 τὴν
1879 4229 2123 4312 μάχην.

457 4328 732 4394 Librarii
774 4329 1122 4415 Polybium
1158 4333 1359 4399 fecere
1396 4330 1713 4400 dicentem
1753 4339 2143 4404 contrarium
2178 4337 2319 4403 eius
2349 4335 2515 4422 quod
2547 4327 2691 4401 vului¹
