2934 5050
64 529 206 588 ffl‘!

64 624 161 679 a&

1187 308 1613 356 merbrum.
2510 286 2593 352 15

241 477 357 543 κτὸ.
421 474 513 543 cf.
555 494 647 543 vl.
696 477 800 543 14.
847 483 1008 544 extr.
1055 477 1162 543 καὶ
1208 476 1280 543 τὸ
1326 482 1534 549 καλῶς
1576 476 1761 558 ἄρξαι
1806 480 1975 545 τοῦτ’
2017 473 2172 541 εἶναι
2221 469 2305 549 ὃς
2348 478 2444 543 ἂν
2487 481 2598 554 τήν

240 582 490 660 πατρίδα
538 584 827 665 ὠφελήσῃ
873 585 1004 650 xri.
1091 582 1165 650 Si
1209 586 1313 650 cui
1372 583 1634 650 insolita
1693 586 1952 652 videtur
2009 585 2077 647 in
2124 582 2401 669 pedestri
2464 605 2599 651 ora-

237 689 394 754 tione
435 693 641 768 κρᾶσις
691 711 770 756 ex
813 691 922 755 καί
969 697 1034 760 et
1078 686 1156 754 ἄν
1202 710 1390 756 sensu
1444 694 1553 754 τοῦ
1602 689 1671 765 ήν
1715 690 1823 757 vel
1881 687 1990 753 ἐάν
2036 688 2316 754 conferat
2357 690 2599 755 librum

237 791 332 858 VL
377 793 481 860 21.
544 794 754 866 ἄλλως
815 819 888 860 τε
933 795 1039 860 καὶ
1089 796 1155 860 ,εἰ
1209 794 1466 870 ξυςῶσιν
1514 796 1578 859 αἱ
1641 794 1852 868 πόλεις
1877 843 1896 872 ,
1957 794 2321 879 indicetque
2377 799 2600 860 utrum

233 902 357 964 veri
397 900 675 967 similius
711 904 799 967 sit
840 903 890 967 ei
928 922 1042 989 pro
1080 901 1188 967 ἐών
1235 922 1273 967 a
1307 901 1590 967 librariis
1628 907 1866 968 temere
1903 901 2329 966 substitutum
2367 900 2562 966 fuisse
2579 947 2598 978 ‚

232 1027 305 1072 an
341 1006 703 1094 suppletum
747 1013 1086 1095 postquam
1132 1015 1308 1073 KAN
1354 1009 1422 1072 in
1467 1007 1574 1071 καὶ
1615 1008 2033 1094 depravatum
2077 1010 2193 1071 est.

310 1216 379 1283 In
422 1238 555 1304 cap.
609 1214 714 1283 5¹7.
786 1220 900 1284 vix
965 1223 1064 1283 est
1122 1239 1343 1306 operae
1402 1221 1685 1305 pretium
1750 1224 1827 1284 ut
1894 1238 2189 1284 moneam
2260 1214 2419 1289 ὅπως
2492 1218 2599 1282 οὐκ

230 1321 645 1398 ἄποδέξονται
692 1321 1058 1411 legendum.
1143 1324 1475 1394 Bekkerus
1534 1321 1875 1390 Oodicibus
1889 1371 1907 1402 ,
1968 1328 2046 1388 ut
2104 1323 2364 1389 videtur
2381 1371 2399 1400 ,
2458 1343 2600 1389 con·

228 1430 634 1495 sentientibus
677 1427 1100 1506 ἀποδέξωνται
1140 1429 1335 1496 dedit.

308 1636 456 1727 Cap.
505 1638 616 1706 58.
662 1639 931 1725 δημοσία
976 1640 1279 1718 ἐσθήμασι
1323 1677 1415 1691 --
1460 1662 1541 1708 an
1585 1640 1893 1720 δημοσίοις
1942 1638 2217 1719 θύμασιῗ

306 1848 454 1939 Gap.
505 1850 614 1917 59.
663 1846 828 1934 ᾧτινί
873 1853 1013 1917 ποτ’
1060 1850 1139 1918 ἂν
1179 1853 1285 1917 καὶ
1329 1851 1560 1934 ἀναξίῳ
1600 1850 1904 1931 ξυμπέσοι
1944 1891 2061 1927 -,
2102 1854 2236 1918 imo
2281 1848 2319 1916 δ’
2347 1875 2471 1926 ,τινι
2516 1890 2601 1902 -—-

227 1955 488 2034 ἐμπέσοι.
565 1957 729 2026 Mox
786 1957 1261 2024 Plataeensium
1321 1958 1702 2045 suppfioatio
1765 1957 1951 2027 facile
2005 1957 2309 2044 explicari
2367 1959 2606 2044 poterit

227 2064 278 2126 si
315 2064 633 2130 trifariam
677 2064 1022 2130 dividatur.
1108 2063 1409 2129 Primum
1470 2064 1638 2130 Deos
1700 2070 1883 2131 orant
1940 2069 2017 2129 ut
2075 2062 2605 2130 Lacedaemonios

225 2188 468 2237 movere
511 2173 795 2256 possint;
843 2170 1070 2236 deinde
1114 2172 1286 2256 ipsos
1329 2169 1859 2237 Lacedaemonios
1909 2171 2240 2237 obsecrant
2282 2190 2361 2235 ne
2405 2171 2605 2235 maio·

227 2294 360 2340 mm
423 2276 782 2363 sepulchris
847 2275 1159 2364 neglectis
1225 2276 1674 2342 iusiurandum
1741 2275 1911 2362 quod
1991 2275 2096 2341 illi
2159 2278 2607 2361 praestiterant

226 2381 470 2448 irritum
517 2382 726 2447 facere
770 2382 977 2448 velint
989 2401 1006 2460 ς
1073 2384 1342 2446 tertium
1385 2388 1674 2448 mortuos
1734 2382 2263 2448 Lacedaemonios
2308 2382 2607 2447 invocant

228 2505 299 2550 ne
338 2507 402 2553 se
446 2486 772 2555 Thebanis
830 2488 1021 2554 obiici
1083 2489 1431 2574 patiantur.
1501 2487 1727 2556 Deleto
1787 2490 1995 2578 igitur
2056 2489 2221 2566 ὑμᾶς
2269 2485 2378 2553 'vel
2438 2493 2606 2555 certe

227 2598 357 2677 post
412 2594 819 2672 ἐπιβοώμενοι
878 2596 1086 2680 posito
1158 2596 1370 2680 prima
1422 2615 1569 2679 pars
1635 2594 1867 2660 mendo
1936 2594 2176 2659 carebit
2191 2613 2209 2672 ;
2280 2596 2351 2658 in
2409 2593 2610 2659 altera

230 2704 336 2764 νῦν
377 2700 684 2782 πατρῴων
718 2702 941 2782 τάφων
981 2701 1072 2778 μή
1118 2701 1493 2778 ἀμνημονεῖν
1532 2702 1923 2766 coniunctim
1944 2690 2264 2788 'legenda3
2313 2701 2382 2763 in
2418 2701 2610 2765 tertia

231 2809 430 2871 omnia
473 2813 646 2873 recte
690 2813 883 2893 atque
926 2807 1143 2872 ordine
1186 2807 1537 2892 procedunt
1550 2854 1568 2884 ,
1616 2807 1726 2871 sed
1768 2826 1883 2892 pro
1928 2811 2293 2884 κεκμηῶταο
2338 2804 2609 2870 scriben-

231 2907 374 2975 dum
415 2911 837 2989 κεκμηκότας.

311 3016 466 3083 Mox
510 3018 592 3084 ad
639 3017 832 3096 λόγου
877 3021 1185 3082 τελευτᾶν
1247 3019 1391 3105 quis
1434 3037 1560 3082 non
1603 3015 1906 3083 offendit?
1961 3017 2072 3083 sed
2116 3015 2271 3102 quid
2317 3015 2570 3082 facilius
2588 3063 2605 3094 ,

234 3123 374 3207 quid
430 3124 794 3212 elegantius
839 3144 1033 3210 quam
1079 3123 1387 3189 παύεσθαι
1441 3124 1513 3187 in
1558 3122 1890 3199 παυόμενοι
1938 3118 2307 3188 subaudiri?
2387 3122 2611 3208 Itaque

234 3227 666 3314 importunum
709 3228 1228 3316 supplementum
1273 3229 1578 3294 facessere
1620 3228 1975 3293 iubeamus.

317 3435 465 3526 Cap.
516 3439 626 3506 63.
674 3440 854 3515 ἱκανή
898 3464 979 3517 γε
1029 3434 1098 3513 ἦν
1144 3440 1274 3505 xri.
1323 3439 1549 3527 supple
1595 3429 1631 3512 ἣ
1677 3439 1857 3514 ἱκανή
1906 3463 1986 3517 γε
2035 3438 2124 3515 ἦν.

317 3648 467 3740 Cap.
519 3651 630 3718 64.
686 3651 865 3726 δῆλόν
926 3674 997 3716 τε
1054 3650 1390 3724 ἐποιήσατε
1449 3650 1582 3717 οὐδὲ
1654 3651 1798 3718 τότε
1878 3657 1999 3715 τῶν
2060 3651 2370 3727 Ἐλλήνων
2431 3648 2612 3715 ’ἕνεκα

240 3754 391 3830 μόνοι
440 3759 508 3823 οὐ
555 3756 964 3835 μηδίσαντες,
1025 3758 1175 3822 ἀλλ’
1237 3754 1329 3823 ὅτι
1386 3756 1509 3823 οὐδ’
1570 3759 1919 3833 Ἀθηναῖοι,
1970 3758 2145 3835 ὑμεῖς
2199 3757 2263 3822 δὲ
2322 3764 2450 3831 τοῖς
2497 3757 2612 3833 μὲν

239 3863 434 3929 ταῦτα
480 3864 842 3942 βουλόμενοι
892 3871 1119 3937 ποιεῖν,
1166 3872 1293 3935 τοῖς
1339 3864 1403 3930 δὲ
1447 3863 1762 3929 τάναντία
1855 3866 2072 3940 ’Ὑμεῖς
2121 3862 2188 3929 δέ
2233 3885 2358 3929 non
2403 3862 2613 3950 expel-

239 3965 490 4035 lendum
507 4018 525 4047 ,
589 3972 679 4035 sic
722 3972 896 4035 enim
940 3968 1108 4034 nihil
1151 3974 1315 4035 esset
1360 3989 1486 4054 quo
1538 3977 1665 4042 τοῖς
1729 3969 1794 4034 δέ
1838 3969 2058 4035 referri
2101 3976 2312 4056 posset
2329 4017 2346 4047 ,
2395 3970 2506 4037 sed
2543 3971 2613 4034 in

246 4073 408 4148 ἡμεῖς
453 4073 519 4140 δέ
565 4075 970 4140 mutandum.
1055 4074 1227 4140 Infra
1272 4076 1333 4140 ἐν
1391 4075 1684 4146 σπονδαῖς
1731 4075 1838 4140 καὶ
1886 4076 2250 4156 ἱερομηνίαις
2298 4078 2368 4141 in
2413 4078 2615 4141 omni-

245 4177 355 4244 bus
411 4178 609 4248 Godd.
674 4185 741 4246 et
790 4179 952 4245 Edd.
1000 4180 1461 4246 circumfertur.
1547 4180 2017 4247 Existimabam
2076 4201 2274 4246 unam
2334 4186 2615 4248 tantum-

246 4285 423 4352 modo
465 4285 690 4351 lunam
749 4305 882 4350 esse
936 4290 1001 4351 et
1057 4306 1186 4351 uno
1245 4286 1578 4352 novilunio
1631 4286 1788 4353 haec
1833 4286 2021 4353 facta.
2108 4285 2180 4353 Si
2225 4286 2345 4353 hoc
2388 4307 2616 4353 verum

251 4394 339 4453 est
376 4397 721 4475 praestaret
763 4390 1025 4457 fortasse
1067 4393 1395 4474 ἱερομηνίᾳ.
