2934 5050
314 256 442 321 188
1318 274 1664 323 116111111161,

1418 540 1556 611 III.

1174 765 1340 821 Nm
1409 776 1490 823 m·
1564 764 1797 822 com.

586 966 878 1045 Φεύγετ’,
926 966 1372 1048 Ἀριςοὶρχειοι,
1423 968 1525 1031 ἐπ’
1575 965 1752 1048 εὐρέι
1799 971 1958 1031 νῶτα.
2005 964 2325 1039 θαλάσσης

658 1070 943 1137 Ἐλλάδα.
989 1078 1101 1144 τῆς
1147 1071 1357 1149 ξουθῆς
1404 1072 1721 1152 δειλότεροι
1771 1070 2059 1151 κεμάδος.

585 1176 1087 1254 γωνιοβόμβυκες
1110 1225 1125 1249 ,
1174 1176 1667 1253 μονοσύλλαβοι,
1717 1171 1831 1239 οἷσι
1880 1174 2127 1252 μέμηλε

677 1280 748 1345 τὸ
798 1288 993 1345 (ΣΦΙΝ
1042 1280 1145 1343 καὶ
1193 1281 1262 1344 τὸ
1313 1289 1554 1345 ΟΦΩΝ
1604 1281 1708 1344 καὶ
1757 1279 1827 1342 τὸ
1875 1286 2041 1343 MIN
2087 1277 2187 1353 ἠδὲ
2235 1276 2306 1340 τὸ
2353 1284 2532 1342 ΝΙΝ.

406 1385 502 1451 De
544 1406 612 1449 re
656 1388 835 1449 tenui
880 1385 1114 1449 dicturi
1157 1385 1321 1449 nihil
1366 1385 1856 1449 reformidamus
1902 1389 2014 1448 aut
2060 1383 2174 1447 has
2219 1386 2334 1447 aut
2369 1381 2475 1445 his
2510 1382 2670 1444 simi·

317 1489 411 1555 les
452 1490 839 1555 urbanorum
882 1489 1220 1552 hominum
1266 1489 1525 1554 facetias
1571 1495 1635 1555 et
1679 1488 1941 1573 lepores.
2031 1486 2122 1551 Ut
2167 1487 2236 1550 in
2280 1485 2452 1551 bello
2497 1487 2584 1549 sic
2612 1485 2670 1546 in

317 1596 741 1681 grammatica
784 1593 948 1658 nihil
985 1597 1303 1658 contemni
1359 1598 1637 1679 oportet,
1699 1614 1814 1657 nec
1859 1594 2196 1676 quisquam
2218 1637 2236 1667 ,
2284 1592 2398 1674 qui
2440 1589 2674 1653 minuta

318 1698 474 1765 haec
518 1701 859 1783 spreverit,
907 1719 1217 1782 umquam
1262 1698 1414 1763 fecit
1453 1701 1523 1762 in
1567 1719 1634 1762 re
1679 1700 1900 1761 critica
1937 1716 2160 1780 operae
2201 1696 2506 1779 pretium.

411 1801 539 1882 Qui
583 1803 744 1867 hanc
783 1805 1275 1889 grammaticam
1313 1808 1517 1867 artem
1554 1802 1735 1867 nobis
1767 1822 1805 1866 a
1833 1799 2199 1886 primordiis
2236 1797 2671 1871 condiderunt,

320 1907 690 1973 incredibile
751 1907 928 1971 dictu
985 1912 1082 1971 est
1139 1910 1207 1971 in
1266 1908 1500 1992 quibus
1560 1907 1638 1971 ab
1689 1908 1876 1970 initio
1920 1905 2194 1969 tenebris
2237 1902 2447 1968 veluti
2479 1906 2675 1966 tenta·

323 2011 523 2076 bundi
583 2013 762 2076 viam
821 2013 1249 2095 quaesiverint
1307 2016 1371 2076 et
1414 2012 1482 2074 in
1529 2016 1795 2094 quantos
1854 2029 2090 2073 errores
2133 2028 2200 2071 se
2244 2006 2569 2071 induerint
2605 2003 2678 2068 11·

322 2116 584 2180 brorum
641 2120 934 2180 veterum
995 2115 1242 2179 mendis
1303 2115 1582 2199 decepti,
1647 2115 1841 2179 donec
1885 2112 2236 2178 Aristarchi
2278 2111 2580 2191 ἀγχίνοια
2619 2113 2684 2171 et

326 2238 554 2284 sanum
612 2219 930 2283 iudicium
996 2218 1164 2299 φόως
1225 2217 1525 2296 ἑτάροισιν
1583 2217 1805 2293 ἔθηκεν.
1899 2218 1998 2282 En
2049 2238 2147 2280 cor
2199 2214 2518 2290 Zenodoti,
2578 2213 2686 2297 qui

325 2342 439 2406 per
496 2327 700 2388 totam
760 2324 967 2389 vitam
1026 2323 1179 2406 quid
1239 2326 1570 2388 interesset
1622 2326 1789 2388 inter
1830 2324 1935 2386 νῶΐ
1982 2358 2067 2370 —-
2107 2323 2241 2385 νῶϊν
2285 2323 2351 2384 et
2393 2319 2562 2401 σφῶΐ
2599 2350 2686 2365 -

326 2429 523 2508 σφῶϊν
570 2432 635 2491 et
679 2430 848 2508 σφῶϊ
895 2465 977 2475 -
1026 2434 1198 2507 σφωε
1245 2447 1371 2493 11611
1412 2429 1625 2510 potuit
1674 2429 2044 2511 perspicere.
2135 2423 2351 2488 Huius
2395 2427 2465 2488 in
2508 2442 2583 2488 ca
2617 2441 2689 2486 re

327 2551 564 2596 errores
606 2532 1009 2597 Aristarchus
1054 2533 1378 2609 abstersit,
1426 2532 1538 2596 sed
1581 2534 1717 2617 ipse
1759 2531 2164 2597 Aristarchus
2206 2531 2275 2593 in
2317 2549 2447 2594 uno
2489 2547 2690 2594 errore

326 2640 609 2713 tenetur,
670 2656 861 2721 quem
920 2640 1160 2720 aperire
1220 2637 1592 2701 conabimur
1649 2641 1714 2702 et
1769 2635 2011 2701 tollere.
2104 2633 2179 2698 In
2235 2632 2421 2698 mad.
2485 2641 2564 2697 A.
2625 2628 2687 2695 8.

319 2738 671 2806 Zenodotea
731 2740 927 2804 editio
991 2739 1082 2826 (id
1129 2747 1225 2805 est
1268 2740 1419 2805 libri
1461 2746 1742 2817 veteres,
1790 2760 1949 2824 quos
1992 2737 2347 2804 zenodotus
2390 2742 2588 2805 testes
2629 2741 2693 2801 et

320 2850 606 2910 auctores
646 2844 1050 2928 sequebatur)
1096 2847 1477 2929 scripturam
1522 2846 1905 2910 exhibebant
1950 2844 2148 2909 hanc:

679 2949 775 3020 τίς
821 2948 939 3027 vaip
989 2956 1199 3013 conl
1247 2951 1389 3014 θεῶν
1436 2947 1576 3030 ἔριδι
1622 2947 1871 3025 ξυνέηκε
1911 2947 2271 3027 μάχεσθωι;

321 3052 683 3118 emendavit
724 3053 1128 3118 Aristarchus
1170 3056 1489 3118 incertum
1534 3074 1569 3118 e
1614 3052 1878 3118 libi-isne
1920 3074 2000 3118 an
2043 3074 2123 3118 ex
2157 3051 2421 3137 linguae
2457 3047 2696 3115 Home-

318 3158 488 3220 ricae
546 3157 840 3222 interiore
898 3160 1164 3222 notitia:
1229 3158 1325 3231 τίς
1388 3156 1506 3237 »reip
1574 3166 1809 3223 cosse
1869 3178 1983 3243 pro
2041 3165 2246 3222 ΟΦΩΙ
2294 3161 2359 3220 et
2403 3155 2698 3240 apposuit

321 3257 542 3331 διπλῆν
585 3261 1051 3340 περιεςιγμένην
1072 3310 1090 3338 ,
1154 3265 1337 3327 cuius
1382 3283 1584 3347 quum
1628 3265 2025 3329 Aristonicus
2068 3263 2384 3326 rationem
2429 3262 2699 3345 aperiret

321 3382 403 3428 ex
444 3360 934 3430 Commentariis
986 3368 1406 3433 Aristarcheis
1450 3368 1605 3434 haec
1651 3369 1851 3434 ferme
1896 3370 2213 3433 enotavit:
2263 3368 2298 3441 ἢ
2347 3364 2543 3440 διπλῆ
2591 3388 2698 3429 τε·

320 3466 669 3547 ριεςιγμένη
715 3465 808 3534 ὅτι
856 3469 1176 3544 Ζηνόδοτος
1221 3471 1459 3552 γράφει
1512 3480 1740 3537 (ΣΦΩΙ.
1788 3479 2012 3546 κακῶς.
2065 3476 2098 3547 ἧ
2148 3471 2273 3549 γὰρ
2335 3472 2555 3551 σφῶΐ
2599 3467 2696 3533 δύο

321 3571 583 3645 πτώσεις
631 3572 992 3654 ἐπιδέχεται
1043 3576 1281 3652 ὑμεῖς
1326 3600 1398 3640 τε
1447 3576 1551 3640 κοιὶ
1604 3578 1816 3654 ὑμᾶς
1842 3626 1859 3654 ,
1910 3573 1988 3641 ὧν
2034 3574 2334 3653 οὐδέτερον
2379 3574 2698 3653 ἁρμόττει.

322 3676 394 3741 τὸ
439 3675 503 3740 δὲ
551 3685 787 3742 coste
830 3682 1117 3757 μᾶλλον,
1184 3673 1240 3766 (ὃ
1288 3680 1460 3759 add.)
1507 3681 1710 3759 τρίτου
1757 3682 1847 3750 ἐς)
1897 3680 2212 3762 προσώπου
2258 3679 2365 3745 καὶ
2414 3679 2697 3756 σημαίνει

321 3780 393 3845 τὸ
463 3804 507 3845 οι
525 3782 558 3844 ὖ
577 3804 617 3845 τ
634 3803 662 3844 ο
681 3780 714 3845 ό
733 3806 783 3854 ς.
857 3803 1017 3866 quae
1075 3805 1244 3850 nunc
1303 3785 1602 3851 mendose
1660 3789 1896 3871 scripta
1956 3792 2023 3851 et
2081 3785 2348 3850 disiecta
2403 3785 2475 3848 111
2521 3783 2700 3849 libris

323 3886 873 3952 circumferuntur.
966 3890 1370 3955 Aristarchus
1429 3891 1629 3955 dixit:
1698 3891 1768 3955 τὸ
1838 3899 2075 3955 ΩΦΩΕ
2120 3888 2408 3965 σημαίνει
2457 3887 2531 3952 τὸ
2575 3912 2622 3953 a.
2640 3890 2700 3953 ὖ·

323 4014 406 4055 το
427 3991 460 4056 ύ
482 4015 543 4067 ς,
587 4011 714 4056 11611
770 3991 937 4057 αὐτώ
956 4041 974 4070 ,
1037 3993 1205 4077 quod
1248 3999 1382 4059 erat
1425 3994 1695 4072 melius,
1757 4016 2034 4081 namque
2079 3997 2289 4060 utitur
2334 3993 2699 4079 aequalium

324 4101 389 4161 et
431 4095 836 4180 popularium
879 4096 1105 4183 lingua
1123 4144 1140 4174 ,
1205 4099 1374 4184 apud
1434 4119 1591 4184 quos
1648 4099 1736 4165 τὰ
1798 4100 1976 4165 δυϊκῶ
2030 4120 2157 4165 11611
2203 4105 2381 4166 erant
2427 4102 2500 4163 in
2545 4119 2694 4172 usu,

325 4203 390 4263 et
436 4202 694 4264 omnino
738 4201 1142 4266 Aristarchus
1197 4207 1372 4268 omni
1414 4204 1732 4270 scribendi
1778 4204 2098 4292 elegantia
2144 4206 2496 4271 destitutus
2543 4199 2696 4272 nihil

326 4301 502 4368 aliud
549 4306 795 4386 quaerit
841 4326 1034 4388 quam
1080 4310 1619 4393 perspicuitatem.
