2934 5050
932 290 1319 339 ruttometm
1368 291 1438 338 er
1484 291 1740 338 cat-rica·
2408 274 2525 336 111

155 454 467 524 serendus
525 453 765 539 οἵανπερ
825 458 855 524 ὅ
915 459 1283 541 ἱεροφάντης
1348 458 1532 543 ἔχων.
1630 461 1795 528 Tum
1860 459 2258 529 Πουλυτίωνα
2307 478 2543 547 repone

156 581 265 650 pro
310 563 705 641 Πολυτίωνα,
768 583 1049 652 namque
1116 566 1288 634 illam
1334 587 1474 633 esse
1521 568 1869 652 genuinam
1923 566 2200 632 nominis
2263 564 2536 632 formam

160 687 323 735 nunc
369 668 545 738 docti
593 671 1036 750 consentiunt,
1085 682 1150 739 et
1200 672 1500 755 Θεόδωρον
1547 677 1805 753 Φηγαιᾶ
1855 692 1967 759 pro
2016 671 2229 759 inepta
2257 670 2542 738 'lectione

163 773 434 854 Φηγεέα,
498 795 661 862 quae
719 796 797 842 ex
861 779 1153 859 Φηγαιέα
1223 788 1372 846 nata
1433 787 1575 858 est,
1643 778 1753 845 sed
1827 777 2250 845 Athenienses
2311 787 2548 843 veteres

165 898 275 945 non
323 879 522 947 aliter
566 880 865 949 dicebant
930 905 1125 971 quatu
1190 890 1482 969 Στειριοῖ,
1548 888 1845 967 Πειραιᾶ,
1893 888 2238 963 Πλαταιεῖ,
2288 887 2547 960 Μηλιοῖ,

166 994 221 1051 et
263 985 573 1054 similiter
611 987 676 1053 in
715 990 1019 1074 genitivis
1062 999 1343 1075 Στειριῶς
1371 1040 1388 1073 ,
1435 997 1733 1073 Πειραιῶς
1765 999 1892 1058 cet.
1969 988 2310 1075 Sequiores
2352 989 2546 1055 Attici

166 1089 309 1158 baec
356 1090 728 1170 solvebant,
787 1092 939 1162 hinc
1010 1096 1275 1164 turbant
1337 1096 1611 1164 librarii.
1711 1099 2049 1164 Praeterea
2098 1096 2542 1181 importunum

169 1198 265 1264 καί
306 1197 656 1267 delendum
723 1201 788 1268 in
856 1201 1070 1268 verbis
1126 1204 1300 1286 παρὰ
1364 1203 1449 1270 τὰ
1515 1204 1754 1285 νόμιμα
1805 1203 1965 1293 [καὶ]
2021 1203 2107 1269 τοὶ
2153 1201 2547 1276 καθεστηκότα

171 1304 276 1371 ferd
318 1330 391 1372 τε
437 1307 848 1386 Εὐμολπιδῶν
894 1310 1000 1375 καὶ
1049 1311 1362 1392 Κηρύκων,
1414 1317 1478 1376 et
1527 1310 1591 1375 in
1647 1308 1768 1376 fine
1812 1310 2088 1376 otiosum
2156 1309 2545 1392 interpreta-

173 1421 451 1477 mentum
504 1412 611 1479 καὶ
658 1419 775 1479 τῶν
820 1415 1021 1497 ἱερέων
1063 1424 1181 1483 τῶν
1230 1415 1298 1494 ἐξ
1344 1419 1692 1489 Ἐλευσῖνος
1734 1415 1967 1493 εοίοΙο,
2018 1413 2130 1501 qui
2168 1412 2550 1500 adscripsit,

174 1515 584 1584 reddendum.
679 1519 817 1586 Non
864 1530 1048 1586 erant
1094 1521 1202 1587 alii
1270 1520 1679 1601 sacerdoteS,
1742 1523 1852 1608 qui
1927 1520 2132 1587 sacris
2200 1517 2551 1585 Eleusiniis

175 1632 533 1708 praeessent
608 1625 734 1691 nisi
796 1628 1195 1705 Εὐμολπίδαι
1263 1629 1368 1695 καὶ
1453 1627 1742 1707 Κήρυκες.
1846 1625 2029 1712 Apud
2105 1622 2546 1712 Thucydidem

175 1726 325 1796 Vlll.
388 1735 476 1797 53
554 1729 829 1817 legimus
892 1752 1092 1818 quum
1155 1733 1233 1800 de
1303 1731 1631 1800 Alcibiade
1696 1732 1759 1797 in
1837 1731 2113 1819 patriam
2189 1728 2548 1795 revocando

173 1845 462 1921 ageretur
514 1856 705 1923 aegre
753 1845 818 1903 et
864 1838 970 1904 vix
1021 1840 1440 1927 impetratum
1493 1858 1632 1905 esse
1676 1839 2084 1919 Εὐμολπιδῶν
2122 1836 2229 1904 καὶ
2270 1836 2552 1916 Κηρύκων

175 1941 290 2023 περὶ
336 1950 457 2009 τῶν
508 1948 778 2022 μυςικῶν
800 1994 818 2023 ,
868 1945 943 2010 δι’
991 1942 1150 2027 άπερ
1195 1944 1469 2030 ἔφευγε,
1519 1944 1986 2027 μαρτυρομένων
2034 1942 2138 2008 καὶ
2187 1939 2556 2026 ε’πιθειαζόν·

172 2071 275 2114 των
310 2052 401 2129 μῆ
440 2049 793 2129 κατάγειν,
835 2058 901 2117 et
954 2052 1211 2118 etiamsi
1262 2051 1425 2117 sorte
1478 2060 1732 2137 praeter
1779 2069 1889 2115 eos
1926 2057 1991 2115 et
2028 2048 2137 2114 alii
2178 2046 2550 2115 sacerdotes

176 2173 337 2222 sacra
387 2155 723 2223 Eleusinia
786 2156 1219 2243 procurabant
1278 2158 1367 2224 τα
1427 2157 1665 2237 νόμιμα
1712 2166 1889 2222 certe
1934 2154 2266 2230 καθέστηκεν
2316 2152 2434 2220 ὐπό
2484 2178 2554 2219 τε

176 2262 574 2341 Εὐμολπιδῶν
630 2262 734 2329 καὶ
800 2261 1101 2345 Κηρύκων.
1200 2264 1640 2350 Proponamus
1712 2261 1913 2347 igitur
1977 2281 2152 2328 nunc
2213 2261 2554 2347 antiquum

181 2365 626 2437 documentum
678 2367 1092 2436 emendatum
1143 2378 1207 2437 et
1254 2370 1635 2457 expolitum.

626 2474 945 2549 Θέσσαλος
1008 2478 1277 2556 Κίμωνος
1324 2475 1651 2555 Λακιάδης
1694 2473 2105 2556 Ἀλκιβιάδην

621 2583 894 2649 Κλεινίου
943 2584 1396 2663 Σκαμβωνίδην
1441 2586 1835 2664 εἰσήγγειλεν
1874 2584 2105 2651 άδικεΐν

622 2688 755 2769 περὶ
824 2690 909 2755 τὼ
977 2691 1085 2756 θεὼ
1153 2689 1656 2770 ἀπομιμούμενον
1696 2689 1783 2755 τὰ
1836 2691 2109 2773 μυςῆρια

624 2795 730 2863 καὶ
789 2795 1108 2862 δεικνύντα
1167 2804 1293 2868 τοῖς
1343 2796 1564 2863 ἑαυτοῦ
1612 2795 1867 2877 ἑταίροις
1916 2797 1978 2860 ἐν
2025 2805 2102 2878 τῆ

626 2901 787 2986 οἰκία
847 2909 925 2983 τῇ
989 2902 1210 2967 ἑαυτοῦ
1272 2901 1508 2985 ἔχοντα
1552 2904 1738 2979 σολῆν
1783 2899 2028 2983 οἵανπερ
2074 2900 2104 2965 ὃ

627 3006 990 3091 ἱεροφάντης
1070 3005 1232 3087 ἔχων
1308 3006 1571 3075 δείκνυσι
1636 3007 1724 3072 τὰ
1792 3006 1926 3088 ἱεροὶ
1997 3003 2104 3072 καὶ

631 3110 1007 3195 ὀνομάζοντα
1053 3112 1273 3179 ἑαυτὸν
1320 3115 1436 3193 μὲν
1491 3110 1887 3196 ἱεροφάντην,
1952 3122 2113 3178 Που-

631 3219 899 3285 λυτίωνα
941 3219 1002 3285 δὲ
1060 3220 1393 3304 δᾳδοῦχον,
1442 3222 1677 3300 κήρυκα
1718 3218 1782 3285 δὲ
1821 3217 2116 3300 Θέοδωρον

636 3329 922 3406 Φηγαιᾶ,
984 3325 1125 3398 τοὺς
1185 3326 1250 3392 δὲ
1297 3324 1528 3399 ἄλλους
1590 3326 1857 3408 ἑταίρους
1905 3327 2117 3405 μύςας

634 3433 1166 3516 προσαγορεύοντα
1252 3432 1357 3498 καὶ
1426 3431 1711 3505 ἐπόπτας
1780 3433 1952 3513 παρά
2031 3431 2119 3497 τὰ

638 3537 873 3618 νόμιμα
906 3539 995 3605 τά
1027 3537 1414 3615 καθεςηκότα
1441 3538 1559 3605 ὑπό
1595 3562 1665 3605 τε
1712 3537 2117 3617 Εὐμολπιδῶν

638 3646 744 3710 καὶ
791 3644 1094 3726 Κηρύκων.

284 3750 550 3840 Reperto
591 3751 797 3838 igitur
839 3752 907 3817 ἐκ
951 3759 1064 3828 τῆς
1097 3754 1403 3834 Κρατεροῦ
1442 3756 1817 3830 συναγωγῆς
1858 3756 1988 3814 tam
2033 3745 2359 3813 luculento
2396 3746 2571 3834 frag·

211 3864 405 3922 mento
447 3855 784 3925 videamus
830 3875 912 3921 an
961 3857 1156 3922 etiam
1203 3855 1388 3943 plura
1439 3854 1721 3922 indidem
1762 3862 1975 3920 sumta
2017 3852 2288 3920 iudicari
2327 3855 2572 3940 possint

210 3977 353 4042 quae
398 3982 571 4029 nunc
632 3962 881 4028 incerto
942 3970 1209 4028 auctore
1273 3971 1338 4027 et
1402 3963 1646 4027 incerta
1716 3959 1836 4027 fide
1901 3967 2234 4046 vagentur.
2334 3959 2574 4026 Scribit

212 4061 574 4135 Plutarchus
622 4068 686 4134 in
738 4069 868 4134 vita
920 4066 1187 4134 Periclis
1234 4087 1378 4153 cap.
1431 4072 1493 4133 8.
1544 4064 1871 4149 ἔγγραφον
1914 4068 2028 4145 μὲν
2069 4062 2167 4132 οὖν
2208 4066 2374 4132 οὐδὲν
2413 4068 2571 4132 άπο-

212 4168 472 4239 λέλοιπεν
503 4175 558 4261 (ὃ
590 4172 916 4261 Περικλῆς)
959 4181 1207 4240 ΠΛΗΝ
1237 4182 1434 4238 ΤΩΝ
1469 4181 2098 4239 ΨΗΦΙΣΜΛΤΩΝ.
2154 4172 2570 4258 Perspicuum

216 4270 321 4342 hoc
363 4277 617 4364 quidem
667 4300 806 4346 esse
869 4278 1152 4345 arbitror
1207 4285 1272 4343 et
1327 4288 1615 4352 certum,
1680 4277 1944 4344 Periclis
1991 4278 2387 4361 ψηφίσματα
2446 4297 2572 4343 non

218 4377 455 4452 aliunde
543 4404 734 4473 quam
805 4386 877 4451 ἐκ
940 4390 1054 4459 τῆς
1126 4387 1432 4469 Κρατεροῦ
1508 4390 1627 4450 τῶν
1701 4382 2134 4468 ψηφισμάτων
2203 4392 2573 4464 συναγωγῆς
