2934 5050
302 254 389 316 40
1294 267 1693 317 uiscscuun

299 455 427 502 non
470 444 568 503 est
600 435 707 503 isti
742 434 936 503 verbo
969 434 1188 515 locuS,
1236 457 1439 525 neque
1474 438 1624 505 olim
1661 438 1820 517 suit,
1871 437 1979 506 sed
2025 445 2218 518 NHI,
2269 449 2354 524 νῇ
2395 441 2687 521 νήματα,

302 552 367 609 ει
410 543 489 609 ab
544 541 812 608 Hesiodo
861 540 1214 628 profectum
1267 553 1331 609 et
1379 544 1458 609 ab
1510 545 1867 612 Herodiano
1915 549 2232 631 scriplum
2284 555 2418 623 est,
2478 555 2545 613 et
2592 548 2687 614 sic

302 648 563 715 demum
632 647 981 713 testimonii
1050 648 1335 735 perdocti
1384 654 1796 735 grammatici
1848 655 2014 718 ratio
2061 660 2345 717 constat:
2396 663 2495 718 est
2544 661 2686 731 νῆν,

302 753 552 839 inquit,
616 763 825 833 νῆμα,
895 764 962 837 νῇ
1011 764 1076 820 ει
1122 755 1574 843 imperfectum
1621 758 1742 834 ἔνη.
1845 758 2020 825 Unde
2066 758 2270 842 igitur
2317 766 2409 824 νεῖ
2454 771 2684 825 natum

301 867 399 925 est
439 868 504 926 et
544 860 608 924 in
661 858 915 926 Hesiodi
956 858 1136 926 libris
1175 872 1238 927 et
1263 862 1432 948 apud
1464 862 1958 951 Etymolognm?
2009 863 2104 929 Ex
2131 863 2509 950 pervulgato
2535 887 2682 932 eru·

302 964 584 1031 ditorum
636 985 896 1044 errore,
946 986 1135 1052 quem
1182 968 1351 1054 apud
1406 968 1795 1055 Hesychium
1845 980 1906 1036 et
1963 969 2257 1036 Photium
2305 973 2545 1057 poteris
2585 973 2686 1039 ἐπ’

302 1072 634 1156 αὐτοφώρῳ
679 1070 1179 1159 deprehendere.
1280 1073 1463 1161 Apud
1520 1075 1911 1163 Hesychium
1963 1076 2458 1144 circumfertur:

1031 1180 1492 1262 Νημερτής.

1037 1293 1261 1351 Νεῖν;
1312 1287 1520 1363 νήθειν.

1036 1398 1248 1467 Νηνε
1265 1394 1438 1473 μία.

306 1502 369 1561 ει
418 1492 585 1580 apud
642 1492 979 1562 photium:

1032 1607 1492 1686 Νημερτής.

1028 1717 1261 1775 Νεῑντ
1315 1711 1508 1787 νήθειν
1553 1708 1785 1792 κρόκην.

1027 1823 1238 1888 Νηνε
1254 1816 1345 1894 μί
1362 1839 1423 1881 α.

398 1922 720 1989 Tenemus
770 1922 1193 2007 impostores:
1250 1921 1417 2007 quod
1461 1922 1629 1987 ratio
1668 1920 1930 1998 suadet,
1980 1921 2042 1987 id
2085 1923 2286 1990 series
2325 1922 2690 2011 glossarum

305 2027 727 2095 demonstrat.
826 2027 1003 2093 Inter
1047 2028 1377 2109 Νημερτής
1428 2036 1492 2093 ει
1533 2030 1823 2106 Νηνεμία
1863 2026 2042 2094 locus
2081 2036 2180 2095 est
2220 2049 2406 2096 verae
2444 2028 2693 2098 formae

304 2142 506 2212 Νῆν,
575 2153 696 2197 non
762 2142 860 2199 est
919 2131 1158 2197 formae
1222 2136 1489 2199 vitiosae
1557 2142 1774 2200 Νεῒν.
1872 2131 1993 2199 Sed
2058 2136 2208 2221 quia
2258 2135 2519 2202 sedebat
2567 2135 2692 2202 hoc

305 2240 448 2305 istis
511 2239 841 2322 magistris
893 2260 1040 2304 nere
1085 2247 1204 2304 νεῖν
1255 2237 1562 2325 appellari
1610 2239 1780 2325 apud
1834 2248 2080 2307 veteres
2131 2261 2260 2327 pro·
2292 2262 2408 2309 suo
2459 2242 2692 2318 νήθειν,

303 2346 602 2432 antiquas
643 2345 1002 2432 scripturas
1045 2356 1284 2411 temere
1323 2354 1386 2410 et
1432 2345 1863 2429 incogitanter
1905 2347 2400 2434 interpolabant.
2467 2347 2693 2435 Neque

308 2461 521 2518 tamen
550 2451 760 2516 omnis
786 2440 1098 2516 memoria
1127 2450 1316 2517 verba
1342 2459 1443 2529 νῆν
1468 2451 1638 2538 apud
1669 2451 2012 2519 Hesiodum
2041 2451 2274 2518 abolita
2303 2462 2420 2520 est.
2451 2453 2692 2520 Attulit

309 2558 669 2643 Lennepius
713 2557 925 2623 nescio
950 2560 1138 2622 cuins
1164 2557 1760 2624 annotatiunculam
1792 2559 1980 2626 hanc:
2023 2562 2177 2633 τινὲς
2217 2563 2280 2627 δὲ
2311 2564 2379 2627 τὸ
2422 2569 2536 2627 νεῖ
2570 2562 2687 2637 νή·

303 2689 355 2743 μ
375 2686 538 2730 ατα
576 2662 678 2728 διὰ
710 2669 816 2730 τοῦ
854 2672 909 2729 H
938 2661 1228 2746 ἔγραψαν
1251 2666 1328 2735 ὡς
1353 2665 1662 2729 οὶποκοπὲν
1689 2666 1756 2729 ἐκ
1782 2670 1888 2731 τοῦ
1931 2667 2170 2742 νήθει.
2227 2666 2471 2732 Delirat
2499 2665 2690 2732 homo

303 2789 453 2836 cum
496 2789 611 2835 sua
655 2789 951 2855 apocope.
1003 2770 1174 2835 Nihil
1215 2778 1310 2835 est
1356 2780 1485 2834 tam
1523 2770 1875 2837 absurdum
1906 2772 2073 2857 quod
2106 2793 2228 2837 non
2255 2774 2342 2838 sit
2367 2771 2692 2858 abaliquo

305 2877 734 2961 grammatico
795 2875 1074 2950 dictum,
1140 2886 1204 2942 et
1270 2877 1486 2941 venire
1533 2877 1690 2942 solet
1741 2876 1901 2942 milii
1949 2876 2027 2943 ad
2082 2877 2235 2943 haec
2287 2880 2348 2942 in
2403 2890 2688 2944 mentem

306 2979 475 3068 quod
534 2979 898 3048 Athenaeus
952 2981 1186 3047 alicubi
1255 2983 1538 3047 iocatur:
1603 2983 1765 3048 οὐδὲν
1819 2982 1897 3050 ἂν
1944 2978 2012 3057 ἦν
2062 2991 2178 3049 τῶν
2223 2991 2687 3066 γραμματικῶν

304 3086 630 3169 μωρότερον
693 3090 744 3153 εἱ
806 3089 894 3166 μὴ
964 3087 1153 3168 ἰατροὶ
1222 3084 1396 3164 ἦσαν.
1495 3088 1791 3155 Servavit
1852 3097 2062 3153 tamen
2117 3090 2298 3156 nobis
2346 3091 2684 3157 lectionem

305 3203 376 3276 νῇ
418 3194 606 3259 unice
648 3213 888 3259 veram.
962 3192 1097 3273 Qua
1140 3202 1356 3257 autem
1399 3194 1718 3259 evidentia
1762 3194 2082 3281 Hesychio
2119 3203 2181 3261 et
2227 3195 2448 3261 Photio
2489 3217 2682 3262 suum

306 3306 468 3374 Νῆν
521 3296 954 3375 reddidimus,
1003 3296 1146 3362 vide
1192 3317 1272 3362 an
1323 3317 1445 3362 non
1488 3299 1708 3364 eadem
1759 3300 1995 3366 Polluci
2040 3320 2223 3387 opem
2268 3299 2437 3367 ferre
2480 3303 2689 3387 possis

309 3402 444 3469 Vll.
513 3408 617 3467 52.
685 3404 789 3483 ἐφ’
850 3399 918 3469 οὗ
978 3403 1039 3468 δὲ
1099 3404 1365 3479 νήθουσιν
1411 3404 1446 3480 ἢ
1498 3410 1726 3470 νῶσιν
1771 3405 1867 3493 (τὸ
1909 3406 2035 3487 γὰρ
2078 3410 2267 3484 νήθειν
2303 3409 2354 3473 οἱ
2403 3409 2680 3474 Ἀττικοὶ

305 3517 469 3574 νεῖν
512 3509 824 3596 λέγουσιν)
873 3509 1298 3590 ἑπίνητρον
1346 3518 1638 3575 καλεῖται
1689 3512 1793 3578 καὶ
1842 3511 1996 3589 ὄνος,
2044 3522 2108 3579 et
2154 3517 2389 3580 iterum
2431 3525 2504 3580 X.
2563 3519 2683 3580 125

305 3615 412 3682 καὶ
458 3613 620 3692 ὄνον,
687 3616 792 3696 ἐφ’
839 3611 907 3680 οὗ
955 3620 1173 3690 νῶσι,
1223 3617 1327 3680 καὶ
1379 3616 1712 3697 ἐπίνητρον.
1812 3617 1976 3698 Quid
2027 3619 2277 3686 diceres
2325 3619 2532 3686 sicubi
2595 3622 2682 3685 ita

305 3719 656 3805 legeretur:
676 3722 970 3800 βιοῦσινῆ
1006 3720 1240 3801 ζῶσιν
1280 3723 1374 3809 (τὸ
1399 3721 1526 3804 γὰρ
1548 3722 1721 3801 βιοῦν
1748 3724 1799 3788 οἱ
1824 3726 2098 3791 Ἀττικοὶ
2134 3724 2175 3807 ζ
2183 3750 2212 3791 ε
2232 3734 2304 3791 ’ἵν
2338 3725 2680 3813 λέγουσιν).

309 3826 554 3892 Vitium
583 3826 832 3893 diceres
856 3847 995 3893 esse
1023 3826 1438 3894 manifestum
1461 3878 1477 3904 ,
1504 3847 1783 3916 namque
1811 3831 2198 3916 praecedens
2223 3833 2398 3913 ζῶσιν
2427 3840 2681 3897 tantum

310 3951 432 3998 non
497 3931 777 3998 clamare
840 3932 946 4015 ζῆν
1006 3952 1225 3998 verum
1267 3952 1428 4000 esse.
1532 3933 1726 4001 Estne
1775 3944 1992 4002 autem
2044 3935 2297 4003 diversa
2349 3938 2513 4003 ratio
2565 3937 2684 4002 loci

309 4036 477 4125 apud
541 4037 904 4105 Pollucem?
972 4037 1103 4104 Non
1167 4048 1290 4104 est.
1389 4039 1556 4119 Quin
1610 4048 1678 4105 lu
1728 4060 1882 4125 ergo
1924 4049 2026 4117 νῆν
2072 4042 2416 4109 emendas?
2515 4043 2680 4124 Quid

308 4144 513 4229 igitur
558 4144 894 4230 superest?
962 4142 1352 4231 Hesychius:
1406 4148 1620 4211 ’Ένει
1669 4148 1967 4220 Ἀττικῶς
2011 4145 2229 4222 ἔνηθεν.
2327 4149 2680 4234 Egregium

309 4269 459 4314 vero
524 4258 749 4316 testem
817 4249 1181 4336 producunt
1247 4258 1600 4316 scatentem
1660 4252 1833 4317 vitiis
1885 4255 2244 4319 innumeris
2288 4263 2353 4321 et
2399 4253 2679 4321 aliorum

304 4363 368 4418 et
431 4356 586 4422 suis,
683 4359 761 4424 At
828 4356 1117 4444 procedit
1184 4356 1247 4420 in
1318 4355 1600 4423 medium
1666 4358 1694 4421 ὅ
1757 4359 2253 4436 ’Aua-eamme&
2317 4379 2353 4425 e
2409 4360 2678 4429 Bekkeri
