2934 5050
1031 298 1414 349 rnnnonoeicA
1464 301 1537 347 nr
1583 301 1837 348 cummi.
2545 285 2628 346 55

252 460 430 528 libris
480 483 627 529 usos
674 484 854 547 esse,
908 468 1019 554 qui
1067 468 1448 543 uncialibus.
1524 478 1609 536 ut·
1644 472 1860 548 aiunt,
1906 469 2114 536 literis
2161 470 2407 537 exarati
2450 489 2629 538 voca-

247 567 388 639 bula
438 590 569 637 non
614 570 820 638 divisa
870 572 982 641 sed
1035 595 1160 641 uno
1211 584 1430 643 tenore
1477 578 1851 643 continuata
1897 576 2318 654 exhibebant,
2363 584 2631 643 utesset

245 696 726 764 nonnumquam
785 680 1161 768 ambiguum
1205 701 1331 769 quo
1381 690 1569 769 pacto
1619 681 1901 771 syllabae
1951 684 2015 749 in
2067 681 2370 749 vocabula
2412 690 2629 749 essent

244 780 718 869 dispescendae.
811 785 1121 873 Exempla
1172 785 1252 853 de
1299 787 1521 855 multis
1569 807 1775 876 pauca
1817 787 2162 876 proferam.
2261 786 2353 853 Ad
2396 785 2623 878 odyss,

241 901 314 958 Λ.
362 895 520 958 489.

501 997 846 1078 βουλοίμην
891 1008 1455 1067 ΚΕΠΑΡΟΤΡΟΟ
1500 1002 1607 1067 ἐὼν
1654 999 1983 1081 θητευέμεν
2026 998 2225 1081 ἄλλῳ.

321 1101 624 1170 Scholion
681 1113 779 1171 est
841 1105 1203 1187 ἐπάρουροςτ
1265 1109 1342 1180 ὥς
1393 1107 1665 1187 ἐπίγειος
1714 1110 1800 1189 τῷ
1850 1107 2000 1189 τόνῳ
2047 1107 2153 1172 καὶ
2193 1107 2281 1187 τῷ
2331 1129 2623 1185 σημαινο-

236 1208 417 1290 uim.
490 1210 656 1283 τινὲς
722 1211 789 1276 δὲ
856 1210 1251 1294 πάρουρος
1322 1213 1351 1278 ὃ
1422 1212 1746 1287 άκόλουθος
1818 1215 1926 1279 οὐκ
2004 1208 2092 1278 εὖ.
2191 1211 2618 1297 Ambigebant

238 1324 446 1381 utrum
496 1319 558 1383 κ’
608 1315 928 1400 ἐπάρουρος
974 1338 1053 1384 an
1104 1343 1174 1385 κε
1215 1316 1507 1401 πάρουρος
1547 1329 1719 1388 esset
1760 1318 2201 1387 scribendum.
2302 1317 2619 1386 Similiter

236 1423 308 1489 ad
352 1436 435 1492 Λ.
491 1427 630 1491 519

491 1531 695 1615 Φοίτα
742 1531 961 1612 μακρὰ
1005 1530 1265 1610 βιβᾶσα
1304 1541 2021 1601 ΚΛΤΛΟΦΟΔΕΛΟΝ
2069 1538 2344 1612 λειμῶνα
2371 1582 2389 1611 ,

234 1645 614 1704 annotatur:
681 1634 910 1712 ἄδηλον
972 1638 1219 1719 πότερον
1281 1639 1582 1718 σΦοδελόν
1642 1639 1677 1715 ἢ
1726 1640 2073 1720 άσΦόδελον
2098 1689 2112 1705 .
2176 1637 2442 1718 λέγεται
2487 1638 2615 1721 γάρ

232 1744 329 1810 καὶ
390 1744 587 1826 χωρὶς
646 1747 757 1808 τοῦ
824 1753 903 1810 A.
1001 1743 1426 1810 Grammatici
1485 1752 1738 1812 certant
1792 1753 2009 1812 utrum
2059 1753 2246 1811 velus
2289 1744 2615 1830 scriptura

233 1851 291 1915 in
336 1851 509 1916 κατὰ
557 1848 861 1931 σφοδελόν
911 1849 1328 1936 dispescenda
1376 1850 1463 1916 sit
1514 1870 1593 1917 an
1644 1850 1707 1915 in
1760 1852 1905 1916 κατ’
1954 1848 2325 1933 άσφοδελόν.
2427 1849 2614 1916 Simi-

232 1955 369 2024 liter
415 1955 655 2045 Odyss.
709 1967 784 2023 Σ.
845 1960 970 2022 184

491 2062 588 2136 οἴη
636 2062 691 2127 δ’
736 2063 844 2129 οὐκ
888 2061 1112 2140 εἴσειμι
1157 2067 1299 2141 μετ’
1346 2062 1567 2145 άνέρας
1592 2113 1607 2128 .
1659 2060 1944 2141 αἰδέομαι
1995 2060 2142 2143 γάρ.

309 2169 682 2238 Haerebant
748 2168 811 2235 in
882 2177 1406 2235 OTKelce-IMI.
1506 2165 1844 2234 Scholion:
1912 2168 1983 2233 τὸ
2049 2175 2276 2251 πλῆρες
2339 2170 2615 2236 ἐκεῖσε

230 2275 367 2366 (leg.
417 2275 624 2364 κεῖσε)
676 2271 805 2354 εἶμι
826 2324 841 2340 .
909 2275 1066 2347 τινες
1110 2276 1176 2342 δὲ
1221 2274 1480 2354 εἴσειμι.
1547 2272 1793 2353 ἄμεινον
1838 2274 1903 2340 δὲ
1948 2277 2018 2343 τὸ
2066 2281 2315 2356 πρῶτον.
2411 2275 2613 2341 Dubi-

231 2382 444 2449 tabant
503 2390 731 2448 utrum
785 2383 853 2448 οὐ
900 2385 1054 2447 xero-⁹
1100 2377 1231 2459 εἶμι
1279 2401 1361 2447 an
1409 2382 1518 2447 οὐκ
1564 2380 1786 2459 εἴσειμι
1829 2390 2000 2447 esset
2049 2382 2285 2448 veriuS.
2385 2381 2610 2448 Gram-

230 2491 500 2557 maticus
543 2486 703 2554 illud
742 2486 1081 2573 praetulit,
1130 2486 1250 2555 hoc
1290 2486 1626 2572 vulgatum
1652 2495 1787 2564 est,
1823 2487 2222 2564 rectissime,
2266 2496 2338 2555 ut
2363 2488 2610 2575 opinor.

307 2598 377 2664 ln
445 2593 779 2663 nonnullis
839 2593 1238 2661 dissidebant
1300 2595 1524 2661 Critici
1590 2613 1717 2681 qua
1772 2594 2017 2661 ratione
2064 2593 2346 2683 syllabae
2392 2604 2612 2662 essent

232 2699 699 2790 disponendae,
750 2698 946 2767 veluti
998 2696 1221 2788 Odyss
1271 2709 1350 2766 A.
1407 2703 1555 2765 112.

491 2810 545 2874 οἱ
600 2806 653 2872 δ’
697 2803 850 2874 αὖτε
897 2807 1235 2885 σπόγγοισι
1282 2804 1712 2887 πολυτρήτοισι
1758 2803 2075 2887 τραπέζας

492 2914 654 2996 νίζον
700 2913 804 2979 καὶ
854 2919 1576 2980 ΠΡΟΤΙΘΕΝΤΟΙΔΕ
1622 2910 1769 2993 κρέα
1813 2912 2025 2978 πολλοὶ
2074 2911 2390 2978 δατεῦντο.

229 3029 287 3085 et
331 3018 571 3110 Odyss.
624 3029 693 3085 Γ.
749 3022 851 3085 10.

489 3129 543 3193 οἱ
594 3127 649 3192 δ’
694 3126 820 3200 ἴθὺς
870 3132 1501 3192 ΚΛΤΛΓΟΝΤΟΙΔ
1552 3123 1686 3194 ἱςία
1733 3123 1866 3199 νηὸς
1917 3124 2079 3199 ἐΐσης

486 3241 712 3304 ςεῒλαν
756 3234 1073 3314 άείραντες
1096 3283 1111 3298 .

233 3337 330 3404 ubi
391 3348 790 3407 annotatur:
858 3340 1229 3421 ’Λρίςαρχος
1289 3336 1662 3416 κάταγον
1724 3332 1868 3403 εἶτα
1927 3336 2048 3402 τοὶ
2115 3335 2168 3401 δ’
2228 3335 2392 3404 isla.
2458 3336 2487 3401 ό
2544 3335 2608 3401 δὲ

233 3445 580 3526 Ἡρωδιανὸς
628 3446 1141 3525 κατάγοντο.
1194 3445 1266 3510 τὸ
1314 3440 1511 3523 ὅμοιον
1559 3444 1663 3510 καῖ
1716 3442 1815 3507 ἐπὶ
1864 3446 1970 3508 τοῦ
2132 3527 2143 3539 ¹

491 3550 650 3634 νίζον
697 3552 804 3619 καὶ
852 3550 1201 3634 προτίθεντο
1249 3552 1338 3618 ἴδὲ
1383 3550 1532 3633 κρέα
1581 3548 1791 3615 πολλὰ
1840 3548 2168 3614 δατεῦντο.

237 3652 333 3720 ubi
375 3656 852 3744 supplendum:
904 3656 1262 3737 Ἡρωδιανὸς
1306 3656 1792 3735 κατάγοντο
1838 3654 1993 3731 ἰδέ,
2044 3662 2108 3718 et
2155 3650 2602 3721 scribendum:

235 3759 373 3842 νίζον
415 3765 522 3829 καὶ
583 3763 964 3845 πρότιθεν
1012 3764 1134 3829 τοὶ
1179 3762 1258 3828 δὲ
1305 3763 1432 3829 κτὲ.
1535 3762 1695 3828 Hinc
1741 3767 2007 3846 apparet
2047 3759 2344 3826 Scholion
2394 3757 2475 3825 ad
2522 3769 2603 3826 A.

240 3872 354 3932 112
411 3869 865 3956 perturbatum
915 3889 1054 3936 esse
1103 3877 1168 3936 et
1218 3867 1631 3934 mutilatum:
1702 3865 1950 3946 ἄμεινόν
2016 3874 2204 3950 Φησιν
2248 3865 2604 3947 Ἡρωδιανὸς

234 3973 712 4054 ἀναγιγνώσκειν
753 3977 888 4042 καὶ
931 3972 1350 4055 πρότιθεν,
1399 3974 1520 4040 τοὶ
1566 3973 1683 4039 δέ.
1737 3992 2016 4058 namque
2051 3970 2409 4038 Aristarchi
2449 3969 2604 4037 haec

234 4082 540 4147 sententia
602 4091 738 4158 est,
805 4101 929 4146 non
984 4079 1364 4153 Herodiani,
1414 4098 1605 4166 quem
1656 4076 1777 4143 sibi
1831 4079 1893 4142 in
1943 4087 2216 4163 utroque
2264 4074 2401 4141 loco
2451 4096 2603 4142 con-

235 4186 476 4254 stitisse
539 4208 655 4275 par
717 4195 838 4254 est.
934 4184 1174 4253 Deinde
1239 4195 1411 4252 recte
1460 4193 1797 4251 monetur:
1851 4185 1880 4249 ό
1926 4183 2110 4263 λόγος
2159 4179 2310 4249 οὕτω
2356 4186 2603 4260 μᾶλλον

244 4291 553 4367 ἀκόλουθος
577 4318 593 4334 ·
643 4296 693 4360 οἴ
742 4295 855 4371 μὲν
900 4289 1045 4360 οἶνον
1090 4292 1385 4373 ἔμισγον,
1433 4294 1485 4358 οἱ
1535 4290 1597 4358 δὲ
1644 4289 1978 4368 σπόγγοισι
2019 4288 2210 4370 νίζον,
2257 4289 2308 4354 οἴ
2355 4288 2419 4354 δὲ
2458 4288 2605 4369 κρέα

248 4397 539 4481 ἕμέριζον,
602 4407 669 4465 et
729 4398 992 4466 additur
1052 4399 1154 4465 his
1221 4399 1554 4464 verissima
1619 4394 2008 4462 observatio:
2074 4394 2179 4459 καὶ
2245 4391 2457 4468 άλλως
2504 4395 2605 4460 τὸν
