2934 5050
330 270 417 331 60
1412 285 1613 333 vanu.

416 451 486 517 In
536 450 820 517 eiusdem
873 453 1159 518 carmine
1208 453 1323 519 ΧΠ

506 557 993 624 Marrucine
1046 559 1323 634 Asini,
1377 581 1616 627 manu
1667 561 2038 626 sinistra

507 682 659 727 non
712 662 926 729 belle
978 665 1284 741 uteriS,
1337 667 1417 731 in
1472 670 1649 732 ioco
1698 676 1955 752 atque
2009 669 2202 732 vino

507 768 751 833 tollis
801 768 1073 835 lintea
1120 772 1881 856 negligentiorum.

506 873 653 939 hoc
702 873 1011 940 salsum
1063 895 1249 941 esse
1301 877 1586 962 putas?
1637 877 1864 962 fugit
1915 887 2032 955 te,
2085 878 2419 965 inepte:

502 980 888 1066 quamvis
934 980 1277 1047 sordida
1327 1003 1462 1048 res
1510 992 1589 1048 et
1639 983 2098 1049 invenusta
2146 992 2297 1050 est.

503 1105 658 1149 non
705 1085 991 1151 credis
1042 1086 1287 1152 mihi?
1340 1088 1587 1155 crede
1638 1088 2020 1154 Pollioni

504 1189 800 1266 fratri,
848 1194 985 1277 qui
1037 1199 1178 1258 tua
1224 1192 1465 1259 furta
1516 1193 1642 1260 vel
1698 1193 2036 1260 talento

505 1297 819 1361 mutari
872 1295 1112 1363 velit:
1162 1310 1285 1365 est
1334 1300 1548 1365 enim
1601 1298 1978 1386 leporum

503 1400 894 1467 disertus
938 1423 1142 1488 puer
1189 1425 1281 1469 ac
1331 1403 1872 1471 facetiarum.
1924 1424 1982 1470 e.
2036 1425 2098 1491 q.
2149 1426 2198 1471 ε.

414 1506 622 1572 Versu
668 1517 847 1572 sexto
891 1508 1139 1574 crede
1182 1509 1552 1575 Pollioni
1609 1509 1873 1576 fratri
1929 1517 1992 1575 et
2051 1530 2216 1596 quae
2262 1512 2558 1598 proxime
2607 1530 2706 1575 se·

323 1622 614 1698 quuntur
639 1612 1010 1699 impeditam
1041 1615 1634 1701 interpretationem
1664 1614 1918 1680 habent.
1962 1614 2117 1680 Nam
2149 1616 2437 1702 primum
2471 1616 2707 1681 haeres

323 1718 386 1783 in
434 1719 810 1785 mutandi
854 1718 1076 1796 verbo,
1121 1720 1289 1806 quod
1315 1723 1368 1786 si
1396 1720 1473 1787 de
1498 1723 1776 1787 emtione
1806 1720 2168 1787 venditione
2194 1741 2443 1803 sumas,
2473 1722 2539 1787 in
2569 1742 2702 1809 qua

323 1845 393 1891 re
421 1845 899 1910 nonnumquam
931 1829 1220 1913 ponitur,
1247 1827 1568 1912 intelligas
1595 1847 1852 1892 necesse
1874 1837 2006 1906 est,
2035 1829 2202 1915 quod
2235 1829 2528 1916 ineptum
2557 1836 2700 1905 est,

323 1931 665 1996 Pollionem
736 1932 928 1997 lintea
987 1953 1023 1997 a
1075 1932 1271 1997 fratre
1320 1932 1494 1998 furto
1542 1932 1749 1998 ablata
1802 1931 1955 1998 velle
2009 1936 2248 1999 talento
2295 1936 2423 1998 emi
2476 1932 2707 2004 vendi:

323 2038 423 2102 sin
468 2057 616 2103 vero
655 2037 905 2104 emendi
951 2039 1269 2103 notionem
1306 2038 1383 2103 ad
1416 2037 1770 2103 redimendi
1798 2039 2234 2122 significatum
2267 2039 2706 2126 detorqueas,

325 2156 395 2210 ut
438 2144 684 2209 dictum
730 2164 868 2209 esse
909 2143 1204 2209 videatur
1244 2164 1516 2230 puerum
1562 2145 1655 2211 vel
1702 2145 1941 2210 talento
1984 2143 2208 2212 fratris
2250 2145 2509 2233 culpam
2539 2144 2706 2212 velle

326 2250 589 2319 redimi.
654 2252 792 2314 sine
856 2247 1146 2334 exemplo
1211 2250 1295 2313 ita
1365 2250 1491 2314 dici
1555 2249 2033 2316 concedendum
2107 2252 2252 2316 erit.
2353 2253 2704 2317 Praeterea

324 2355 563 2423 tenebit
627 2363 688 2421 te
753 2355 925 2420 verbi
975 2353 1178 2419 forma
1229 2356 1520 2440 passiva,
1594 2376 1720 2441 qua
1771 2376 1895 2421 non
1942 2355 2345 2436 declaratur,
2422 2357 2484 2422 id
2529 2356 2706 2444 quod

321 2461 796 2549 expectaveris,
872 2461 1035 2526 tanti
1101 2458 1308 2526 facere
1369 2480 1644 2548 puerum
1695 2462 2240 2527 existimationem
2289 2461 2560 2542 fratriS,
2632 2473 2708 2529 ut

324 2570 460 2655 ipse
510 2567 659 2632 velit
708 2567 849 2632 eius
890 2565 1220 2631 infamiam
1274 2565 1512 2633 talento
1563 2566 1918 2647 redimere,
1984 2568 2094 2633 sed
2143 2567 2561 2647 significatur
2601 2589 2705 2636 sa-

325 2675 406 2739 tis
431 2694 577 2739 eum
608 2672 874 2749 habere,
899 2672 954 2737 si
980 2671 1143 2737 alius
1169 2673 1491 2759 quispiam
1520 2671 1875 2737 fraternum
1907 2672 2186 2739 dedecus
2214 2674 2331 2740 hoc
2360 2677 2573 2761 pretio
2602 2696 2710 2742 re-

321 2780 564 2846 dimere
609 2780 775 2844 velit.
828 2779 1025 2857 Tum,
1067 2799 1230 2864 quae
1265 2789 1359 2844 est
1385 2785 1729 2868 praecipua
1757 2779 1950 2846 huius
1978 2778 2097 2845 loci
2126 2779 2512 2858 difficultaS‚
2549 2781 2712 2848 retl-

320 2886 527 2953 denda
562 2889 688 2952 erit
725 2887 923 2962 ratio,
957 2905 1074 2951 cur
1118 2885 1440 2951 talento
1483 2906 1641 2973 puer
1679 2886 2005 2951 Romanus
2051 2906 2170 2951 non
2219 2888 2512 2952 nummis
2559 2908 2702 2954 rem

317 2994 788 3069 aestimaverit,
853 2992 1081 3058 redimi
1149 2991 1441 3056 voluerit.
1535 2990 1889 3077 Equidem,
1957 2990 2158 3057 donec
2220 3012 2292 3058 ea
2363 2994 2531 3059 ratio
2599 2995 2704 3060 in-

318 3112 504 3166 venta
551 3101 713 3175 erit,
764 3098 841 3164 de
893 3097 1166 3164 traditae
1216 3098 1507 3162 lectionis
1556 3097 1928 3161 sinceritate
1977 3095 2307 3163 dubitabo,

406 3205 475 3270 ln
548 3203 904 3288 indaganda
969 3223 1117 3268 vera
1178 3211 1395 3287 poetae
1446 3205 1770 3289 scriptura
1824 3200 1978 3266 utile
2027 3205 2153 3267 crit
2204 3212 2425 3269 tenere
2482 3203 2702 3272 Catul-

317 3310 482 3387 lum,
532 3329 723 3395 quam
775 3307 971 3374 semel
1017 3306 1342 3391 cogitandi
1391 3309 1574 3393 quasi
1623 3306 1897 3372 orbitam
1950 3307 2384 3393 impresserit,
2433 3309 2501 3374 in
2554 3331 2704 3379 eam

314 3415 518 3481 solere
565 3412 763 3479 relabi
811 3422 1001 3498 atque
1052 3413 1114 3476 in
1160 3411 1358 3475 simili
1399 3421 1781 3495 argumento
1821 3412 2057 3477 similia
2100 3412 2365 3479 referre.
2466 3416 2706 3505 ltaque

312 3542 461 3588 cum
512 3529 728 3585 nostro
774 3518 910 3584 loco
957 3537 1217 3583 carmen
1269 3515 1349 3582 ad
1396 3516 1692 3582 Thallum
1740 3515 2201 3583 conferendum
2251 3519 2380 3584 erit
2432 3521 2699 3611 (XXV).

313 3627 485 3693 Inest
551 3626 637 3691 ihi
700 3625 946 3690 lurtum
1012 3621 1373 3698 convivale,
1448 3623 1615 3688 inest
1680 3622 1837 3688 adeo
1902 3630 2278 3709 surreptum
2345 3625 2703 3695 sudarium

314 3732 695 3809 Saetabum,
754 3731 947 3797 sicuti
1004 3731 1068 3795 in
1120 3737 1337 3795 nostro
1383 3728 1704 3803 carmine;
1766 3727 1874 3794 sed
1926 3727 2050 3793 alia
2101 3748 2300 3814 poena
2343 3729 2706 3802 denuntia-

310 3847 446 3904 tur:
499 3835 760 3902 Thallus
810 3836 873 3901 ni
924 3834 1148 3901 reddat
1195 3833 1416 3918 flagris
1456 3832 1793 3899 caedetur:

311 3963 523 4032 quae
584 3961 798 4007 nunc
846 3942 1022 4006 tuis
1069 3939 1160 4005 ab
1210 3937 1640 4024 unguibus
1689 3939 2129 4024 reglutina
2177 3948 2258 4005 et
2310 3944 2717 4022 remitte,

315 4071 407 4116 ne
449 4043 1349 4130 laneumlatusculum
1404 4063 1872 4130 manusque
1923 4042 2457 4113 mollicellas

312 4156 601 4220 inusta
652 4154 1042 4238 turpiter
1086 4150 1248 4215 tibi
1303 4147 1658 4233 flagella
1704 4147 2434 4232 conscribillent;

312 4261 576 4326 Asinius
624 4258 914 4324 carmine
962 4254 1379 4322 multabitur:

502 4382 765 4450 quare
810 4370 950 4429 aut
997 4357 1776 4446 hendecasyllabos
1824 4367 2265 4427 trecentos
