2934 5050
341 311 474 372 420
1175 328 1575 375 costecmu
1641 327 1879 376 ιΑτιηΑ.

331 492 734 558 Dardanidae
779 503 1004 561 contra
1055 501 1256 564 turris
1300 518 1376 564 ac
1425 502 1594 572 tecta
1641 493 1976 560 domorum

329 595 626 662 culmina
673 599 1075 674 convellunt:
1126 601 1226 668 bis
1272 623 1383 679 se,
1427 598 1686 687 quando
1733 597 1961 664 ultima
2012 603 2335 674 cernunt,

327 710 620 768 extrema
670 703 796 768 iam
850 705 914 768 in
968 716 1172 772 morte
1225 713 1453 792 parant
1499 702 1839 769 defendere
1886 701 2052 767 telis.

415 805 543 871 Alii
605 808 802 872 limen
865 810 1192 886 obsident,
1257 812 1364 876 alii
1416 810 1610 875 scalis
1657 808 1974 873 scandunt
2024 807 2088 870 in
2137 812 2420 882 tectum,
2465 804 2679 889 clipeos

325 909 702 976 obiicientes
749 912 830 977 ad
881 913 1043 990 tela,
1095 935 1260 1000 quae
1305 914 1714 981 defensorum
1770 933 1917 998 pars
1966 913 2030 974 in
2083 919 2250 975 tecto
2291 909 2578 975 collocata
2612 909 2673 972 in

324 1015 774 1100 aggredientes
838 1018 1120 1085 Graecos
1186 1023 1448 1105 ingerit.
1538 1017 1723 1083 Nulla
1785 1018 1951 1081 inest
2000 1017 2135 1080 loco
2182 1014 2525 1079 difficultas
2567 1012 2675 1077 nisi

325 1121 392 1185 in
443 1121 640 1186 verbo
676 1133 886 1205 postes
935 1125 1050 1189 sub
1096 1126 1284 1210 ipsos.
1355 1125 1537 1189 Cadit
1585 1126 1759 1189 enim
1807 1124 1867 1186 in
1912 1120 2130 1185 oculos
2170 1138 2293 1183 non
2335 1117 2516 1184 facite
2546 1115 2676 1181 alie-

323 1224 504 1289 niore
546 1221 684 1289 loco
723 1235 966 1292 tectum
1014 1230 1236 1295 scandi
1291 1231 1578 1315 potuise‚
1640 1247 1831 1312 quam
1875 1237 2083 1312 postes
2127 1224 2241 1287 sub
2287 1225 2489 1308 ipsos,
2538 1223 2577 1286 i.
2615 1239 2671 1286 c.

321 1327 380 1392 si
441 1327 598 1393 fides
661 1330 1158 1417 interpretibus,
1230 1336 1481 1399 Graece's
1537 1334 1616 1397 ab
1675 1333 1803 1396 imo
1863 1341 2043 1417 parte
2083 1332 2307 1393 ianuae
2352 1328 2503 1392 eniti
2540 1324 2675 1390 inci·

313 1432 664 1519 piei-tibus,-
726 1437 1246 1524 quandoquidem
1311 1439 1533 1505 eodem
1584 1446 1871 1521 tempore
1921 1435 2148 1509 limen,
2199 1433 2239 1496 i.
2280 1451 2338 1498 e.
2386 1431 2545 1497 sores
2583 1449 2675 1496 ae·

319 1536 542 1614 dium,
591 1539 1022 1607 obsidebatur.
1088 1543 1218 1609 Cur
1265 1564 1503 1629 quaeso
1552 1544 1710 1607 istae
1758 1539 2018 1615 turbae,
2067 1557 2229 1623 quas
2268 1538 2507 1603 evitare
2548 1545 2667 1602 tam

316 1640 504 1708 facile
547 1655 889 1730 potuerant
928 1648 1446 1733 oppugnatores?
1500 1645 1761 1712 Accedit
1801 1643 2106 1709 vocabula
2140 1653 2351 1727 postes
2388 1641 2497 1706 sub
2518 1643 2671 1726 ipsos

317 1770 399 1816 ne
444 1751 814 1839 significare
855 1752 1113 1837 quidem
1163 1750 1330 1838 quod
1379 1752 1750 1838 significare
1792 1749 2125 1815 videntur!
2178 1748 2269 1814 Ne
2308 1747 2529 1834 plura:
2578 1764 2669 1811 ve·

319 1875 466 1922 rum
535 1855 834 1921 videtur:

565 1961 843 2027 Haerent
895 1961 1248 2046 parietibus
1309 1961 1520 2026 scalae
1584 1978 1929 2046 nosresque
1994 1956 2114 2023 sub
2180 1957 2351 2043 ipsos

313 2084 440 2152 qua
503 2065 775 2131 lectione
835 2065 1028 2130 simul
1089 2066 1496 2152 explicantur
1557 2065 1924 2150 sequentia:
1988 2062 2215 2148 clipeos
2250 2060 2665 2128 —obiioiuna

313 2169 542 2235 Hiatus
605 2179 746 2256 post
796 2189 1133 2235 caesuram
1182 2170 1767 2256 bepbtbemimerin
1819 2170 2143 2234 neminem
2197 2165 2444 2252 Vergili
2488 2165 2667 2231 lecto-

312 2293 448 2341 rem
499 2273 877 2339 morabitur.

399 2382 490 2455 Π,
541 2384 669 2443 517
719 2399 860 2464 sqq.
912 2377 1014 2445 Cf.
1065 2381 1288 2465 Eurip.
1345 2379 1592 2445 Heracl.
1644 2382 2021 2446 680—747.

401 2483 490 2557 11,
540 2487 698 2548 570:
747 2486 991 2548 erranti
1045 2487 1412 2571 passimque
1459 2486 1669 2552 octalos
1705 2506 1825 2571 per
1870 2491 2089 2551 cuncta
2128 2481 2383 2568 serenti.

399 2586 496 2654 Cf.
545 2588 770 2674 Eurip.
823 2588 1054 2656 Phoen.
1104 2595 1232 2655 265
1281 2611 1419 2676 sq.:

1124 2693 1306 2772 ὄμμα
1353 2704 1659 2775 πανταχῆ
1708 2695 1952 2763 διοιςέον

707 2800 960 2862 κὶκεῖσε
1007 2800 1112 2863 καὶ
1161 2802 1230 2865 τὸ
1281 2802 1485 2879 δεῦρο,
1534 2803 1623 2877 μὴ
1670 2800 1841 2870 δόλος
1887 2822 1981 2870 τις
2029 2796 2084 2879 ᾖ.

390 2902 587 2968 Recte
612 2902 782 2968 bunc
811 2904 1020 2967 iocum
1048 2913 1269 2970 contra
1301 2905 1700 2990 Peerlkampi
1729 2904 2020 2990 argutias
2044 2901 2328 2969 defendit
2346 2901 2661 2987 Forbiger.

388 3006 590 3093 Negat
621 3007 931 3072 Anchises
956 3029 1047 3072 vs.
1075 3012 1206 3075 638
1233 3030 1370 3095 sqq.
1399 3030 1465 3076 se
1492 3029 1639 3074 cum
1674 3008 1801 3073 titio
1828 3007 2265 3094 profecturum
2297 3010 2361 3074 in
2387 3005 2658 3075 exilium.

565 3111 665 3177 Me
712 3112 766 3175 si
815 3112 1150 3178 caelicolae
1197 3114 1554 3179 voluissent
1604 3112 1842 3178 ducere
1890 3113 2086 3178 vitam

569 3216 685 3282 bas
733 3200 890 3280 niihi
938 3228 1301 3284 servassent
1349 3218 1555 3284 sedes.
1609 3217 1780 3283 Satis
1828 3237 1954 3283 una
2001 3237 2321 3303 superque

567 3320 848 3386 vidimus
895 3322 1143 3387 excidia
1192 3332 1255 3388 et
1303 3334 1525 3408 captae
1573 3321 2023 3408 superavimus
2074 3319 2241 3386 urbi.

567 3425 674 3491 Sic
721 3446 790 3504 o,
843 3427 934 3491 sic
985 3432 1264 3512 positum
1316 3427 1514 3493 adfati
1567 3427 1881 3493 discedite
1930 3446 2186 3512 corpus,

565 3531 709 3618 lpse
755 3552 916 3596 mxu
963 3541 1234 3596 mortem
1285 3532 1641 3606 inveniam;
1693 3531 2106 3598 miserebitur
2153 3530 2362 3596 hostis

564 3636 954 3720 exuviasque
1007 3645 1198 3720 petet.

383 3738 564 3805 Manu
613 3739 930 3825 triplicem
980 3741 1267 3806 admittit
1315 3739 1950 3826 interpretationem:
2012 3740 2070 3826 1)
2124 3757 2320 3805 manu
2350 3738 2650 3809 hostium.

296 3842 364 3930 2)
393 3863 589 3909 manu
634 3863 805 3919 mea,
855 3846 920 3930 5)
974 3864 1110 3909 mea
1161 3844 1555 3910 fortitudine.
1634 3844 1762 3909 Hoc
1812 3863 1996 3919 vero,
2040 3845 2126 3908 mi
2178 3843 2340 3910 bone
2391 3841 2651 3930 Vergili,

294 3955 393 4013 est
440 3948 759 4014 ludificari
809 3948 1081 4015 lectores
1138 3959 1321 4027 tuos,
1388 3950 1667 4014 incertos
1714 3969 1841 4034 quo
1889 3969 1957 4014 se
2005 3958 2283 4015 vertant.
2359 3951 2455 4015 An
2504 3949 2651 4015 forte

298 4057 369 4116 tu
414 4051 603 4137 culpa
653 4071 875 4131 vacas,
933 4053 1041 4118 sed
1091 4053 1369 4120 ludibrio
1415 4053 1596 4120 fuisti
1646 4052 1928 4120 librariis
1975 4053 2492 4120 describentibus
2535 4073 2649 4117 ma·

292 4173 410 4229 nu,
456 4173 656 4238 quum
709 4167 776 4223 tu
825 4157 1151 4223 dedisses:

746 4262 887 4347 lpse
933 4283 1161 4329 misnens
1209 4274 1480 4331 mortem
1532 4265 1853 4330 inveniam
1907 4262 2082 4329 cett?

387 4359 573 4427 Libro
619 4362 740 4441 111,
791 4366 898 4431 ubi
946 4368 1391 4437 Andromache
1439 4374 1687 4437 Aeneae
1736 4390 1851 4436 sua
1898 4378 2040 4456 post
2081 4369 2341 4437 Troiam
2367 4382 2641 4436 eversam
