2934 5050
292 303 385 367 Β
1396 319 1610 367 una.

301 488 549 554 amiens
628 500 891 556 s-tu
954 512 1105 557 me
1164 492 1570 561 reiis-bs.
1649 490 1772 554 ht
1839 500 2034 554 nens
2087 488 2692 573 argumentatione:

302 596 375 660 si
432 606 683 662 erunt
742 599 829 661 in
890 597 1195 663 allicio
1250 602 1554 671 auiti.
1617 597 1972 685 pecunia
2033 615 2186 659 non
2247 593 2558 665 deerit;
2626 594 2697 657 si

306 722 465 767 non
542 715 827 773 erunt.
910 718 999 770 ιι
1068 704 1427 771 efficere
1493 717 1638 771 tna
1703 702 2056 789 pecunia
2125 720 2278 764 nou
2349 698 2696 785 poteris,

306 805 2702 890 ffifflivfflm-nahaeest.ffimtioneantcogi-

308 918 553 980 tatione
600 915 667 980 id
710 918 883 1002 qna-i
930 914 1219 981 etcum·
1272 917 1610 981 ini-ratur.
1683 915 1752 980 td
1801 914 1924 979 bec
1969 913 2106 975 toro
2140 932 2220 977 ex
2255 910 2703 998 superioribus

310 1022 769 1087 artesae-du-
819 1033 955 1091 est.
999 1042 1077 1087 ca
1122 1026 1474 1097 mie-tia,
1519 1034 1590 1086 m
1637 1021 1936 1085 ditatur:
1981 1032 2052 1083 ιι
2099 1029 2212 1082 tua
2253 1020 2525 1104 pecunia
2570 1037 2700 1083 nou

310 1130 555 1213 poteris
612 1125 869 1193 efficere
932 1137 1005 1191 ιι
1065 1128 1265 1190 amici
1326 1132 1461 1192 siat
1523 1132 1588 1191 ἰι
1635 1126 1864 1190 oficio.
1959 1127 2156 1210 Atqui
2203 1127 2268 1188 in
2311 1122 2521 1188 officio
2556 1143 2703 1189 esse

312 1233 433 1297 boc
477 1232 623 1298 loto
668 1244 769 1298 est
814 1232 973 1297 dare
1018 1236 1385 1318 pet-aiam-
1460 1234 1636 1318 Ergo
1681 1232 1836 1296 het
1881 1233 2182 1296 exibunt:
2231 1239 2302 1293 tu
2353 1240 2462 1293 tua
2512 1248 2702 1314 pecu·

313 1338 423 1403 nia
482 1359 607 1403 nou
672 1340 913 1423 poteris
975 1336 1269 1409 efficere,
1336 1348 1409 1402 ιι
1468 1337 1624 1404 deut
1671 1340 1868 1401 amici
1919 1340 2278 1421 pecuniam.
2373 1338 2705 1421 Assequor

310 1446 443 1509 rim
480 1446 855 1529 argumenti
896 1448 953 1507 si
996 1444 1510 1529 mripsitssicen
1549 1456 1638 1508 ιι
1673 1451 2300 1508 nunnae—non
2342 1442 2702 1527 poteris,

311 1550 433 1616 hac
494 1552 851 1616 sententia:
911 1559 1067 1615 tuae
1108 1568 1267 1634 θρα
1308 1569 1435 1613 ιιι
1485 1560 1704 1615 tantae
1751 1559 1944 1625 sunt,
2009 1557 2082 1612 ut
2127 1549 2330 1633 possis
2374 1546 2508 1612 sola
2553 1567 2702 1611 om-

312 1677 427 1722 ues
464 1656 697 1721 horum
740 1665 1105 1742 tempor-n
1142 1665 1407 1720 sant-s
1436 1658 1798 1723 minere:
1841 1674 2000 1739 ergo
2047 1655 2174 1719 nisi
2223 1655 2415 1719 amici
2459 1652 2701 1718 subve-

198 1754 207 1759 ’
314 1764 505 1829 niunt
540 1770 761 1828 tamen
802 1762 1135 1848 periimus.
1198 1761 1427 1848 ltaque
1464 1772 1540 1826 tu
1581 1781 1662 1827 ne
1699 1781 1838 1827 ren
1865 1771 2046 1824 tuam
2071 1758 2392 1825 inutiliter
2413 1757 2700 1825 accidas.

405 1973 501 2041 Ad
547 1974 623 2055 Q.
670 1972 753 2038 fr.
800 1973 852 2038 Ι.
904 1972 1025 2059 Ep.
1082 1978 1155 2047 t,
1200 1976 1312 2037 22.

406 2080 623 2146 Fratri
684 2098 849 2164 quas
893 2078 963 2142 in
1011 2077 1389 2162 provinciali
1454 2077 1906 2143 iurisdictione
1965 2078 2266 2142 imitetur
2313 2077 2389 2143 C.
2445 2076 2692 2146 Octavii

316 2188 381 2251 iu
434 2193 735 2271 praetura
786 2182 1031 2247 urbana
1072 2184 1367 2268 proponit
1414 2182 1824 2259 facilitatem,
1871 2182 2229 2257 lenitatem,
2269 2181 2694 2269 diligentiam.

317 2288 625 2372 Quodsi
674 2288 871 2354 haec
916 2288 1235 2354 lenitas
1278 2300 1518 2374 grata
1573 2290 1867 2356 Romae
1907 2298 2076 2366 est,
2127 2287 2264 2353 ubi
2312 2298 2545 2356 tanta
2582 2310 2694 2356 ar·

318 2396 707 2481 rogantia
746 2404 907 2467 est,
945 2403 1103 2459 tam
1134 2394 2114 2467 immoderataliliertas‚
2143 2404 2306 2460 tam
2343 2395 2694 2464 infinita

320 2501 737 2569 hominum
812 2499 1209 2576 lieentia,
1278 2501 1646 2590 denique
1716 2512 1838 2569 tot
1907 2502 2501 2588 magistratus,
2578 2511 2697 2569 tot

317 2607 679 2684 auxilia,
732 2614 970 2671 tanta
1029 2608 1191 2680 vis,
1242 2616 1478 2674 tauta
1515 2620 1868 2676 senatus
1901 2609 2412 2685 auctoritas,
2457 2629 2691 2696 quam

315 2711 677 2780 iucunda
744 2711 1069 2777 tandem
1132 2718 1560 2799 praetoris
1613 2717 1968 2781 comitas
2025 2718 2104 2780 in
2169 2716 2357 2779 Asia
2416 2724 2698 2801 potest

314 2840 522 2887 esse.
616 2818 1105 2888 Enumerantur
1172 2823 1458 2889 remedia
1527 2820 1610 2887 ad
1679 2820 2098 2888 acerbitatem
2171 2821 2559 2906 praetoriam
2629 2822 2692 2886 in

318 2925 477 2992 urhe
523 2934 783 3012 parata,
844 2946 995 2991 cum
1044 2948 1119 2993 ea
1165 2947 1331 3014 quae
1380 2931 1446 2994 in
1496 2949 1566 2993 se
1613 2929 1736 3013 ipsi
1784 2927 2016 2993 urbani
2065 2926 2362 2992 homiues
2407 2927 2697 2994 invenire

317 3031 644 3105 solebant,
690 3029 921 3097 fortem
984 3033 1275 3098 animum
1323 3044 1390 3100 et
1435 3033 1726 3119 linguam
1777 3040 2136 3118 promtam.
2181 3033 2352 3108 sire,
2403 3043 2470 3097 ut
2519 3032 2697 3099 Cice-

318 3138 460 3202 roni
519 3135 896 3211 videbatur,
960 3140 1437 3222 arrogantiam,
1486 3136 1974 3204 immoderatam
2026 3136 2428 3215 libertatem,
2479 3138 2695 3204 inlini-

322 3250 451 3306 tam
482 3240 872 3319 ·licentiam,
924 3251 1061 3308 tum
1103 3264 1177 3308 ea
1217 3264 1383 3329 quae
1418 3246 1826 3312 extrinsecus
1851 3242 2120 3329 peteuda
2147 3245 2211 3309 iu
2239 3247 2451 3332 capite
2476 3264 2694 3311 rerum

320 3345 575 3412 facilius
639 3365 833 3431 quam
901 3351 965 3411 in
1031 3350 1359 3433 provincia
1420 3349 1992 3436 comparabantur.
2088 3348 2158 3414 In
2212 3349 2452 3437 quihus
2493 3352 2698 3437 primo

320 3449 458 3517 loco
511 3460 845 3538 ponuntur
885 3454 1385 3538 magistratuum
1426 3456 1706 3530 auxilia,
1757 3475 1922 3542 quae
1963 3476 2078 3541 par
2109 3456 2393 3522 maiorve
2418 3464 2698 3543 potestas

320 3555 775 3623 intercedendo
836 3555 1111 3634 ferebam
1177 3569 1315 3626 tum
1377 3561 1658 3628 alterum
1725 3560 2083 3648 quoddam,
2144 3562 2312 3649 quod
2377 3562 2569 3649 quale
2615 3563 2699 3628 sit

320 3666 386 3729 in
452 3661 677 3730 mutila
743 3665 1032 3729 oratione
1092 3685 1216 3731 nou
1281 3667 1662 3754 dispicitur:
1746 3668 1935 3733 tertia
1998 3677 2262 3733 senatus
2320 3669 2696 3734 auctoritaS.

319 3767 391 3833 In
455 3787 528 3832 ea
592 3772 1078 3836 enumeratione
1127 3775 1584 3857 praetermissa
1635 3772 1937 3851 videtur,
2001 3792 2167 3858 quae
2211 3774 2479 3838 minime
2520 3794 2700 3861 prae-

323 3875 597 3939 termitti
670 3883 955 3959 poterat,
1031 3877 1156 3941 vis
1223 3887 1724 3944 mbuornn.
1823 3878 1981 3944 Nam
2047 3877 2232 3944 abest
2287 3878 2696 3946 tribunorum

324 3979 602 4055 mentio,
653 3981 765 4065 qui
815 3984 1143 4047 communi
1193 3983 1695 4069 magistratuum
1745 3982 2170 4071 appellatione
2215 3986 2536 4052 contineri
2578 4005 2697 4052 non

323 4082 642 4156 solebant:
692 4103 898 4170 neque
947 4096 1241 4172 poterant
1289 4087 1544 4164 abesse,
1590 4108 1753 4174 quos
1789 4091 1950 4155 satis
1979 4089 2314 4156 constabat
2340 4099 2566 4157 contra
2593 4092 2698 4157 de·

322 4197 573 4257 cretum
640 4193 955 4277 praetoris
1017 4191 1320 4279 appellari
1385 4214 1452 4259 se
1517 4195 1645 4281 pati
1686 4205 1751 4262 et
1801 4194 2114 4262 iudicium
2167 4196 2408 4263 tollere.
2504 4197 2703 4264 Cuius

324 4293 580 4383 generis
641 4313 698 4362 e.
749 4315 812 4381 g.
875 4294 1030 4362 illud
1099 4299 1492 4385 iniquissimi
1559 4301 2007 4367 intercessoris
2071 4301 2451 4370 heneficium
2505 4303 2704 4370 luisse

326 4399 624 4481 videtur,
673 4399 752 4470 de
799 4421 926 4489 quo
972 4401 1193 4470 Cicero
1241 4405 1303 4470 in
1355 4406 1704 4472 Antonium
1756 4405 1839 4474 11.
1889 4404 1964 4496 S.
2013 4413 2078 4474 5.
