<?xml version="1.0" encoding="UTF-8"?>
<!DOCTYPE html PUBLIC "-//W3C//DTD XHTML 1.0 Transitional//EN"
    "http://www.w3.org/TR/xhtml1/DTD/xhtml1-transitional.dtd">
<html xmlns="http://www.w3.org/1999/xhtml" xml:lang="en" lang="en">
 <head>
  <title>
</title>
<meta http-equiv="Content-Type" content="text/html;charset=utf-8" />
  <meta name='ocr-system' content='tesseract 3.04.00' />
  <meta name='ocr-capabilities' content='ocr_page ocr_carea ocr_par ocr_line ocrx_word'/>
</head>
<body>
  <div class='ocr_page' id='page_1' title='image "./mnemosynebiblio09servgoog/mnemosynebiblio09servgoog_0657.png"; bbox 0 0 2934 5050; ppageno 0'>
   <div class='ocr_carea' id='block_1_1' title="bbox 673 1230 1984 1324">
    <p class='ocr_par' dir='ltr' id='par_1_1' title="bbox 673 1230 1984 1324">
     <span class='ocr_line' id='line_1_1' title="bbox 673 1230 1984 1324; baseline 0.003 -4"><span class='ocrx_word' id='word_1_1' title='bbox 673 1230 821 1320; x_wconf 79' lang='lat' dir='ltr'><strong>AD</strong></span> <span class='ocrx_word' id='word_1_2' title='bbox 897 1232 1406 1323; x_wconf 81' lang='lat' dir='ltr'><strong>PLATONIS</strong></span> <span class='ocrx_word' id='word_1_3' title='bbox 1481 1232 1984 1324; x_wconf 83' lang='lat' dir='ltr'><strong>GORGIAM.</strong></span> 
     </span>
    </p>
   </div>
   <div class='ocr_carea' id='block_1_2' title="bbox 912 1553 1735 1883">
    <p class='ocr_par' dir='ltr' id='par_1_2' title="bbox 912 1553 1735 1883">
     <span class='ocr_line' id='line_1_2' title="bbox 912 1553 1735 1624; baseline -0.002 0"><span class='ocrx_word' id='word_1_4' title='bbox 912 1573 1197 1624; x_wconf 78' lang='lat' dir='ltr'><strong>scmrsrr</strong></span> <span class='ocrx_word' id='word_1_5' title='bbox 1245 1553 1317 1623; x_wconf 87' lang='lat' dir='ltr'><strong>O.</strong></span> <span class='ocrx_word' id='word_1_6' title='bbox 1367 1555 1447 1624; x_wconf 77' lang='lat' dir='ltr'><strong>G.</strong></span> <span class='ocrx_word' id='word_1_7' title='bbox 1499 1554 1735 1623; x_wconf 73' lang='lat' dir='ltr'><strong>Com.</strong></span> 
     </span>
     <span class='ocr_line' id='line_1_3' title="bbox 1035 1847 1616 1883; baseline 0.003 -13"><span class='ocrx_word' id='word_1_8' title='bbox 1035 1847 1616 1883; x_wconf 52' lang='grc' dir='ltr'>ψ</span> 
     </span>
    </p>
   </div>
   <div class='ocr_carea' id='block_1_3' title="bbox 335 2085 1809 2224">
    <p class='ocr_par' dir='ltr' id='par_1_3' title="bbox 335 2085 1809 2224">
     <span class='ocr_line' id='line_1_4' title="bbox 341 2085 891 2141; baseline 0.002 -2"><span class='ocrx_word' id='word_1_9' title='bbox 341 2085 615 2140; x_wconf 63' lang='lat' dir='ltr'><strong>Pan-oms</strong></span> <span class='ocrx_word' id='word_1_10' title='bbox 648 2091 891 2141; x_wconf 72' lang='lat' dir='ltr'><strong>Gonnus.</strong></span> 
     </span>
     <span class='ocr_line' id='line_1_5' title="bbox 335 2171 1809 2224; baseline -0.002 -3"><span class='ocrx_word' id='word_1_11' title='bbox 335 2171 492 2221; x_wconf 74' lang='lat' dir='ltr'><strong>edidit</strong></span> <span class='ocrx_word' id='word_1_12' title='bbox 527 2171 591 2221; x_wconf 76' lang='lat' dir='ltr'><strong>R.</strong></span> <span class='ocrx_word' id='word_1_13' title='bbox 627 2172 686 2221; x_wconf 85' lang='lat' dir='ltr'><strong>B.</strong></span> <span class='ocrx_word' id='word_1_14' title='bbox 718 2171 988 2221; x_wconf 74' lang='lat' dir='ltr'><strong>Huscmo.</strong></span> <span class='ocrx_word' id='word_1_15' title='bbox 1058 2171 1260 2221; x_wconf 72' lang='lat' dir='ltr'><strong>Traiecti</strong></span> <span class='ocrx_word' id='word_1_16' title='bbox 1292 2172 1351 2220; x_wconf 71' lang='lat' dir='ltr'><strong>ad</strong></span> <span class='ocrx_word' id='word_1_17' title='bbox 1385 2172 1623 2222; x_wconf 81' lang='lat' dir='ltr'><strong>Rhenum.</strong></span> <span class='ocrx_word' id='word_1_18' title='bbox 1665 2171 1809 2224; x_wconf 77' lang='lat'>1878.</span> 
     </span>
    </p>
   </div>
   <div class='ocr_carea' id='block_1_4' title="bbox 75 2385 2519 4351">
    <p class='ocr_par' dir='ltr' id='par_1_4' title="bbox 140 2385 2519 2992">
     <span class='ocr_line' id='line_1_6' title="bbox 229 2385 2518 2476; baseline 0.001 -23"><span class='ocrx_word' id='word_1_19' title='bbox 229 2385 454 2475; x_wconf 84' lang='lat' dir='ltr'><strong>Relegi</strong></span> <span class='ocrx_word' id='word_1_20' title='bbox 501 2408 708 2473; x_wconf 83' lang='lat' dir='ltr'>nuper</span> <span class='ocrx_word' id='word_1_21' title='bbox 761 2387 1255 2476; x_wconf 64' lang='lat' dir='ltr'><strong>diligentissime</strong></span> <span class='ocrx_word' id='word_1_22' title='bbox 1305 2389 1584 2469; x_wconf 68' lang='lat' dir='ltr'><strong>Gor-qiam</strong></span> <span class='ocrx_word' id='word_1_23' title='bbox 1625 2407 1829 2452; x_wconf 86' lang='lat' dir='ltr'><strong>unum</strong></span> <span class='ocrx_word' id='word_1_24' title='bbox 1875 2407 1953 2452; x_wconf 88' lang='lat' dir='ltr'><strong>ex</strong></span> <span class='ocrx_word' id='word_1_25' title='bbox 1995 2387 2518 2472; x_wconf 73' lang='lat' dir='ltr'><strong>praeclarissimis</strong></span> 
     </span>
     <span class='ocr_line' id='line_1_7' title="bbox 149 2487 2519 2581; baseline 0.001 -26"><span class='ocrx_word' id='word_1_26' title='bbox 149 2487 419 2558; x_wconf 83' lang='lat' dir='ltr'><strong>Platonis</strong></span> <span class='ocrx_word' id='word_1_27' title='bbox 464 2491 763 2581; x_wconf 88' lang='lat' dir='ltr'><strong>Dialogis</strong></span> <span class='ocrx_word' id='word_1_28' title='bbox 809 2498 874 2559; x_wconf 89' lang='lat' dir='ltr'><strong>et</strong></span> <span class='ocrx_word' id='word_1_29' title='bbox 920 2498 1298 2581; x_wconf 85' lang='lat' dir='ltr'><strong>argumento</strong></span> <span class='ocrx_word' id='word_1_30' title='bbox 1339 2497 1408 2558; x_wconf 89' lang='lat' dir='ltr'><strong>et</strong></span> <span class='ocrx_word' id='word_1_31' title='bbox 1451 2492 1688 2568; x_wconf 84' lang='lat' dir='ltr'><strong>forma,</strong></span> <span class='ocrx_word' id='word_1_32' title='bbox 1736 2512 1851 2557; x_wconf 89' lang='lat' dir='ltr'><strong>nec</strong></span> <span class='ocrx_word' id='word_1_33' title='bbox 1893 2493 2094 2558; x_wconf 88' lang='lat' dir='ltr'><strong>miror</strong></span> <span class='ocrx_word' id='word_1_34' title='bbox 2136 2494 2202 2557; x_wconf 89' lang='lat' dir='ltr'><strong>in</strong></span> <span class='ocrx_word' id='word_1_35' title='bbox 2250 2490 2519 2560; x_wconf 85' lang='lat' dir='ltr'><strong>Graecia</strong></span> 
     </span>
     <span class='ocr_line' id='line_1_8' title="bbox 143 2593 2514 2683; baseline 0.002 -25"><span class='ocrx_word' id='word_1_36' title='bbox 143 2593 286 2661; x_wconf 89' lang='lat' dir='ltr'><strong>olim</strong></span> <span class='ocrx_word' id='word_1_37' title='bbox 329 2598 532 2663; x_wconf 83' lang='lat' dir='ltr'><strong>fuisse</strong></span> <span class='ocrx_word' id='word_1_38' title='bbox 581 2600 692 2683; x_wconf 90' lang='lat' dir='ltr'><strong>qui</strong></span> <span class='ocrx_word' id='word_1_39' title='bbox 742 2598 1022 2679; x_wconf 62' lang='lat' dir='ltr'><strong>Gor-,qiam</strong></span> <span class='ocrx_word' id='word_1_40' title='bbox 1066 2597 1329 2682; x_wconf 88' lang='lat' dir='ltr'><strong>reliquis</strong></span> <span class='ocrx_word' id='word_1_41' title='bbox 1373 2598 1670 2663; x_wconf 84' lang='lat' dir='ltr'><strong>omnibus</strong></span> <span class='ocrx_word' id='word_1_42' title='bbox 1712 2596 2001 2662; x_wconf 83' lang='lat' dir='ltr'><strong>Platonis</strong></span> <span class='ocrx_word' id='word_1_43' title='bbox 2046 2600 2298 2683; x_wconf 89' lang='lat' dir='ltr'><strong>scriptis</strong></span> <span class='ocrx_word' id='word_1_44' title='bbox 2341 2602 2514 2662; x_wconf 87' lang='lat' dir='ltr'><strong>ante-</strong></span> 
     </span>
     <span class='ocr_line' id='line_1_9' title="bbox 143 2696 2512 2789; baseline -0.002 -22"><span class='ocrx_word' id='word_1_45' title='bbox 143 2709 463 2782; x_wconf 77' lang='lat' dir='ltr'><strong>ponerent,</strong></span> <span class='ocrx_word' id='word_1_46' title='bbox 514 2708 596 2768; x_wconf 86' lang='lat' dir='ltr'><strong>ut</strong></span> <span class='ocrx_word' id='word_1_47' title='bbox 640 2705 823 2768; x_wconf 86' lang='lat' dir='ltr'><strong>testis</strong></span> <span class='ocrx_word' id='word_1_48' title='bbox 867 2709 965 2768; x_wconf 90' lang='lat' dir='ltr'><strong>est</strong></span> <span class='ocrx_word' id='word_1_49' title='bbox 1009 2703 1320 2767; x_wconf 81' lang='lat' dir='ltr'><strong>Aristides</strong></span> <span class='ocrx_word' id='word_1_50' title='bbox 1363 2701 1545 2767; x_wconf 82' lang='lat' dir='ltr'><strong>Tom.</strong></span> <span class='ocrx_word' id='word_1_51' title='bbox 1592 2701 1674 2765; x_wconf 94' lang='grc' dir='ltr'><strong>Π.</strong></span> <span class='ocrx_word' id='word_1_52' title='bbox 1722 2723 1867 2789; x_wconf 86' lang='lat' dir='ltr'><strong>pag.</strong></span> <span class='ocrx_word' id='word_1_53' title='bbox 1917 2702 1979 2766; x_wconf 90' lang='lat'><strong>6.</strong></span> <span class='ocrx_word' id='word_1_54' title='bbox 2029 2703 2141 2767; x_wconf 81' lang='grc' dir='ltr'><strong>εἶσὶ</strong></span> <span class='ocrx_word' id='word_1_55' title='bbox 2190 2703 2246 2766; x_wconf 76' lang='grc' dir='ltr'><strong>δ’</strong></span> <span class='ocrx_word' id='word_1_56' title='bbox 2294 2696 2348 2766; x_wconf 80' lang='grc' dir='ltr'><strong>οἳ</strong></span> <span class='ocrx_word' id='word_1_57' title='bbox 2393 2705 2512 2764; x_wconf 80' lang='grc' dir='ltr'><strong>τῶν</strong></span> 
     </span>
     <span class='ocr_line' id='line_1_10' title="bbox 142 2791 2512 2887; baseline -0.001 -16"><span class='ocrx_word' id='word_1_58' title='bbox 142 2791 459 2878; x_wconf 68' lang='grc' dir='ltr'><strong><em>Πλᾶτωνος</em></strong></span> <span class='ocrx_word' id='word_1_59' title='bbox 506 2805 714 2885; x_wconf 74' lang='grc' dir='ltr'><strong><em>λόγων</em></strong></span> <span class='ocrx_word' id='word_1_60' title='bbox 745 2812 862 2872; x_wconf 79' lang='grc' dir='ltr'><strong>τῶν</strong></span> <span class='ocrx_word' id='word_1_61' title='bbox 893 2809 980 2881; x_wconf 77' lang='grc' dir='ltr'><strong>εἷς</strong></span> <span class='ocrx_word' id='word_1_62' title='bbox 1013 2806 1259 2885; x_wconf 70' lang='grc' dir='ltr'><strong><em>μνήμην</em></strong></span> <span class='ocrx_word' id='word_1_63' title='bbox 1296 2806 1558 2882; x_wconf 72' lang='grc' dir='ltr'><strong><em>ἡκόντων</em></strong></span> <span class='ocrx_word' id='word_1_64' title='bbox 1598 2807 1845 2878; x_wconf 79' lang='grc' dir='ltr'><strong><em>τούτους</em></strong></span> <span class='ocrx_word' id='word_1_65' title='bbox 1885 2806 2221 2887; x_wconf 69' lang='lat' dir='ltr'><strong>(Goryiam)</strong></span> <span class='ocrx_word' id='word_1_66' title='bbox 2256 2804 2512 2884; x_wconf 52' lang='lat' dir='ltr'><strong>adies-a</strong></span> 
     </span>
     <span class='ocr_line' id='line_1_11' title="bbox 140 2910 563 2992; baseline 0.017 -23"><span class='ocrx_word' id='word_1_67' title='bbox 140 2910 563 2992; x_wconf 67' lang='grc' dir='ltr'><strong>θαυμάζουσιν.</strong></span> 
     </span>
    </p>

    <p class='ocr_par' dir='ltr' id='par_1_5' title="bbox 136 3013 2509 3200">
     <span class='ocr_line' id='line_1_12' title="bbox 220 3013 2509 3103; baseline -0 -23"><span class='ocrx_word' id='word_1_68' title='bbox 220 3013 449 3103; x_wconf 87' lang='lat' dir='ltr'><strong>Relegi</strong></span> <span class='ocrx_word' id='word_1_69' title='bbox 511 3021 584 3080; x_wconf 89' lang='lat' dir='ltr'><strong>et</strong></span> <span class='ocrx_word' id='word_1_70' title='bbox 642 3017 844 3100; x_wconf 89' lang='lat' dir='ltr'><strong>ipsius</strong></span> <span class='ocrx_word' id='word_1_71' title='bbox 903 3015 1191 3081; x_wconf 81' lang='lat' dir='ltr'><strong>Platonis</strong></span> <span class='ocrx_word' id='word_1_72' title='bbox 1250 3036 1438 3082; x_wconf 89' lang='lat' dir='ltr'><strong>causa</strong></span> <span class='ocrx_word' id='word_1_73' title='bbox 1498 3022 1562 3081; x_wconf 87' lang='lat' dir='ltr'><strong>et</strong></span> <span class='ocrx_word' id='word_1_74' title='bbox 1623 3016 1819 3081; x_wconf 90' lang='lat' dir='ltr'><strong>simul</strong></span> <span class='ocrx_word' id='word_1_75' title='bbox 1880 3015 1961 3081; x_wconf 88' lang='lat' dir='ltr'><strong>ad</strong></span> <span class='ocrx_word' id='word_1_76' title='bbox 2005 3013 2509 3103; x_wconf 86' lang='lat' dir='ltr'><strong>cognoscendum</strong></span> 
     </span>
     <span class='ocr_line' id='line_1_13' title="bbox 136 3119 1324 3200; baseline 0.001 -15"><span class='ocrx_word' id='word_1_77' title='bbox 136 3119 277 3200; x_wconf 84' lang='lat' dir='ltr'><strong>quid</strong></span> <span class='ocrx_word' id='word_1_78' title='bbox 325 3141 499 3187; x_wconf 79' lang='lat' dir='ltr'><strong>nova</strong></span> <span class='ocrx_word' id='word_1_79' title='bbox 544 3119 744 3185; x_wconf 89' lang='lat' dir='ltr'><strong>editio</strong></span> <span class='ocrx_word' id='word_1_80' title='bbox 789 3120 1108 3186; x_wconf 78' lang='lat' dir='ltr'><strong>attulisset</strong></span> <span class='ocrx_word' id='word_1_81' title='bbox 1151 3122 1324 3186; x_wconf 88' lang='lat' dir='ltr'><strong>boni.</strong></span> 
     </span>
    </p>

    <p class='ocr_par' dir='ltr' id='par_1_6' title="bbox 75 3221 2511 4137">
     <span class='ocr_line' id='line_1_14' title="bbox 216 3221 2510 3312; baseline 0.002 -26"><span class='ocrx_word' id='word_1_82' title='bbox 216 3221 512 3290; x_wconf 89' lang='lat' dir='ltr'><strong>Plurima</strong></span> <span class='ocrx_word' id='word_1_83' title='bbox 560 3223 698 3289; x_wconf 82' lang='lat' dir='ltr'><strong>vidi</strong></span> <span class='ocrx_word' id='word_1_84' title='bbox 747 3244 907 3308; x_wconf 87' lang='lat' dir='ltr'><strong>quae</strong></span> <span class='ocrx_word' id='word_1_85' title='bbox 947 3225 1117 3289; x_wconf 90' lang='lat' dir='ltr'><strong>mihi</strong></span> <span class='ocrx_word' id='word_1_86' title='bbox 1162 3226 1418 3312; x_wconf 75' lang='lat' dir='ltr'><strong>egregie</strong></span> <span class='ocrx_word' id='word_1_87' title='bbox 1479 3224 1797 3310; x_wconf 73' lang='lat' dir='ltr'><strong>placerent</strong></span> <span class='ocrx_word' id='word_1_88' title='bbox 1852 3231 1916 3291; x_wconf 91' lang='lat' dir='ltr'><strong>et</strong></span> <span class='ocrx_word' id='word_1_89' title='bbox 1960 3227 2244 3310; x_wconf 90' lang='lat' dir='ltr'><strong>impense</strong></span> <span class='ocrx_word' id='word_1_90' title='bbox 2288 3225 2510 3311; x_wconf 87' lang='lat' dir='ltr'><strong>proba-</strong></span> 
     </span>
     <span class='ocr_line' id='line_1_15' title="bbox 135 3327 2511 3415; baseline 0.002 -25"><span class='ocrx_word' id='word_1_91' title='bbox 135 3333 366 3404; x_wconf 85' lang='lat' dir='ltr'><strong>reutur;</strong></span> <span class='ocrx_word' id='word_1_92' title='bbox 416 3327 639 3394; x_wconf 82' lang='lat' dir='ltr'><strong>multa</strong></span> <span class='ocrx_word' id='word_1_93' title='bbox 682 3327 759 3392; x_wconf 88' lang='lat' dir='ltr'><strong>de</strong></span> <span class='ocrx_word' id='word_1_94' title='bbox 802 3327 1063 3415; x_wconf 83' lang='lat' dir='ltr'><strong>linguae</strong></span> <span class='ocrx_word' id='word_1_95' title='bbox 1108 3331 1360 3395; x_wconf 86' lang='lat' dir='ltr'><strong>Atticae</strong></span> <span class='ocrx_word' id='word_1_96' title='bbox 1402 3331 1644 3395; x_wconf 89' lang='lat' dir='ltr'><strong>ratione</strong></span> <span class='ocrx_word' id='word_1_97' title='bbox 1682 3334 1747 3395; x_wconf 91' lang='lat' dir='ltr'><strong>et</strong></span> <span class='ocrx_word' id='word_1_98' title='bbox 1782 3351 1904 3394; x_wconf 90' lang='lat' dir='ltr'><strong>usu</strong></span> <span class='ocrx_word' id='word_1_99' title='bbox 1945 3329 2144 3414; x_wconf 86' lang='lat' dir='ltr'><strong>deque</strong></span> <span class='ocrx_word' id='word_1_100' title='bbox 2180 3329 2511 3396; x_wconf 74' lang='lat' dir='ltr'><strong>Platonica</strong></span> 
     </span>
     <span class='ocr_line' id='line_1_16' title="bbox 136 3419 2506 3512; baseline 0.002 -19"><span class='ocrx_word' id='word_1_101' title='bbox 136 3428 374 3497; x_wconf 75' lang='lat' dir='ltr'><strong>dicendi</strong></span> <span class='ocrx_word' id='word_1_102' title='bbox 439 3432 902 3499; x_wconf 83' lang='lat' dir='ltr'><strong>consuetudine</strong></span> <span class='ocrx_word' id='word_1_103' title='bbox 953 3419 1247 3498; x_wconf 70' lang='lat' dir='ltr'><strong>sollerter</strong></span> <span class='ocrx_word' id='word_1_104' title='bbox 1305 3437 1370 3496; x_wconf 89' lang='lat' dir='ltr'><strong>et</strong></span> <span class='ocrx_word' id='word_1_105' title='bbox 1415 3437 1598 3499; x_wconf 86' lang='lat' dir='ltr'><strong>acute</strong></span> <span class='ocrx_word' id='word_1_106' title='bbox 1643 3433 2081 3500; x_wconf 81' lang='lat' dir='ltr'><strong>animadversa</strong></span> <span class='ocrx_word' id='word_1_107' title='bbox 2093 3452 2112 3512; x_wconf 71' lang='grc' dir='ltr'><strong><em>ς</em></strong></span> <span class='ocrx_word' id='word_1_108' title='bbox 2158 3433 2372 3499; x_wconf 88' lang='lat' dir='ltr'><strong>multa</strong></span> <span class='ocrx_word' id='word_1_109' title='bbox 2411 3435 2506 3498; x_wconf 90' lang='lat' dir='ltr'><strong>in-</strong></span> 
     </span>
     <span class='ocr_line' id='line_1_17' title="bbox 134 3533 2509 3624; baseline 0.002 -25"><span class='ocrx_word' id='word_1_110' title='bbox 134 3537 377 3618; x_wconf 80' lang='lat' dir='ltr'><strong>geniose</strong></span> <span class='ocrx_word' id='word_1_111' title='bbox 423 3541 494 3601; x_wconf 86' lang='lat' dir='ltr'><strong>et</strong></span> <span class='ocrx_word' id='word_1_112' title='bbox 542 3533 817 3601; x_wconf 82' lang='lat' dir='ltr'><strong>feliciter</strong></span> <span class='ocrx_word' id='word_1_113' title='bbox 861 3535 1221 3612; x_wconf 77' lang='lat' dir='ltr'><strong>emendata3</strong></span> <span class='ocrx_word' id='word_1_114' title='bbox 1269 3536 1510 3603; x_wconf 81' lang='lat' dir='ltr'><strong>multas</strong></span> <span class='ocrx_word' id='word_1_115' title='bbox 1547 3536 1896 3604; x_wconf 76' lang='lat' dir='ltr'><strong>Socraticas</strong></span> <span class='ocrx_word' id='word_1_116' title='bbox 1929 3539 2509 3624; x_wconf 85' lang='lat' dir='ltr'><strong>argumentationes</strong></span> 
     </span>
     <span class='ocr_line' id='line_1_18' title="bbox 75 3638 2507 3726; baseline 0.002 -25"><span class='ocrx_word' id='word_1_117' title='bbox 75 3651 78 3656; x_wconf 86' lang='grc'><em>·</em></span> <span class='ocrx_word' id='word_1_118' title='bbox 135 3638 591 3725; x_wconf 84' lang='lat' dir='ltr'><strong>circumspecto</strong></span> <span class='ocrx_word' id='word_1_119' title='bbox 636 3638 876 3704; x_wconf 89' lang='lat' dir='ltr'><strong>iudicio</strong></span> <span class='ocrx_word' id='word_1_120' title='bbox 920 3639 1244 3724; x_wconf 85' lang='lat' dir='ltr'><strong>expeditas</strong></span> <span class='ocrx_word' id='word_1_121' title='bbox 1259 3688 1276 3716; x_wconf 91' lang='lat'><em>,</em></span> <span class='ocrx_word' id='word_1_122' title='bbox 1326 3646 1392 3706; x_wconf 87' lang='lat' dir='ltr'><strong>et</strong></span> <span class='ocrx_word' id='word_1_123' title='bbox 1429 3643 1808 3726; x_wconf 87' lang='lat' dir='ltr'><strong>praesertim</strong></span> <span class='ocrx_word' id='word_1_124' title='bbox 1847 3641 2243 3708; x_wconf 74' lang='lat' dir='ltr'><strong>Platonicam</strong></span> <span class='ocrx_word' id='word_1_125' title='bbox 2281 3643 2507 3706; x_wconf 87' lang='lat' dir='ltr'><strong>oratio-</strong></span> 
     </span>
     <span class='ocr_line' id='line_1_19' title="bbox 132 3742 2507 3828; baseline 0.004 -25"><span class='ocrx_word' id='word_1_126' title='bbox 132 3761 267 3806; x_wconf 75' lang='lat' dir='ltr'><strong>nem</strong></span> <span class='ocrx_word' id='word_1_127' title='bbox 334 3744 585 3828; x_wconf 87' lang='lat' dir='ltr'><strong>passim</strong></span> <span class='ocrx_word' id='word_1_128' title='bbox 648 3742 843 3808; x_wconf 88' lang='lat' dir='ltr'><strong>fatuis</strong></span> <span class='ocrx_word' id='word_1_129' title='bbox 904 3751 969 3807; x_wconf 86' lang='lat' dir='ltr'><strong>et</strong></span> <span class='ocrx_word' id='word_1_130' title='bbox 1027 3743 1285 3808; x_wconf 88' lang='lat' dir='ltr'><strong>insulsis</strong></span> <span class='ocrx_word' id='word_1_131' title='bbox 1342 3745 1684 3819; x_wconf 79' lang='lat' dir='ltr'><strong>sciolorum</strong></span> <span class='ocrx_word' id='word_1_132' title='bbox 1744 3746 2193 3811; x_wconf 87' lang='lat' dir='ltr'><strong>additamentis</strong></span> <span class='ocrx_word' id='word_1_133' title='bbox 2249 3745 2507 3811; x_wconf 85' lang='lat' dir='ltr'><strong>tandem</strong></span> 
     </span>
     <span class='ocr_line' id='line_1_20' title="bbox 133 3844 2508 3934; baseline 0.003 -27"><span class='ocrx_word' id='word_1_134' title='bbox 133 3854 551 3933; x_wconf 82' lang='lat' dir='ltr'><strong>expurgatam</strong></span> <span class='ocrx_word' id='word_1_135' title='bbox 573 3893 590 3922; x_wconf 87' lang='lat'><em>,</em></span> <span class='ocrx_word' id='word_1_136' title='bbox 635 3865 799 3930; x_wconf 88' lang='lat' dir='ltr'><strong>quae</strong></span> <span class='ocrx_word' id='word_1_137' title='bbox 844 3844 1018 3911; x_wconf 88' lang='lat' dir='ltr'><strong>labes</strong></span> <span class='ocrx_word' id='word_1_138' title='bbox 1061 3851 1128 3911; x_wconf 90' lang='lat' dir='ltr'><strong>et</strong></span> <span class='ocrx_word' id='word_1_139' title='bbox 1169 3849 1338 3933; x_wconf 88' lang='lat' dir='ltr'><strong>apud</strong></span> <span class='ocrx_word' id='word_1_140' title='bbox 1383 3848 1661 3934; x_wconf 86' lang='lat' dir='ltr'><strong>reliquos</strong></span> <span class='ocrx_word' id='word_1_141' title='bbox 1697 3855 1942 3915; x_wconf 79' lang='lat' dir='ltr'><strong>veteres</strong></span> <span class='ocrx_word' id='word_1_142' title='bbox 1986 3854 2052 3913; x_wconf 92' lang='lat' dir='ltr'><strong>et</strong></span> <span class='ocrx_word' id='word_1_143' title='bbox 2089 3849 2259 3934; x_wconf 90' lang='lat' dir='ltr'><strong>apud</strong></span> <span class='ocrx_word' id='word_1_144' title='bbox 2294 3848 2508 3916; x_wconf 85' lang='lat' dir='ltr'><strong>Plato-</strong></span> 
     </span>
     <span class='ocr_line' id='line_1_21' title="bbox 132 3949 2507 4039; baseline 0.004 -29"><span class='ocrx_word' id='word_1_145' title='bbox 132 3969 267 4013; x_wconf 85' lang='lat' dir='ltr'><strong>nem</strong></span> <span class='ocrx_word' id='word_1_146' title='bbox 333 3950 537 4037; x_wconf 87' lang='lat' dir='ltr'><strong>longe</strong></span> <span class='ocrx_word' id='word_1_147' title='bbox 601 3949 798 4015; x_wconf 87' lang='lat' dir='ltr'><strong>latius</strong></span> <span class='ocrx_word' id='word_1_148' title='bbox 866 3953 1092 4037; x_wconf 77' lang='lat' dir='ltr'><strong>serpsit</strong></span> <span class='ocrx_word' id='word_1_149' title='bbox 1153 3972 1347 4036; x_wconf 88' lang='lat' dir='ltr'><strong>quam</strong></span> <span class='ocrx_word' id='word_1_150' title='bbox 1405 3953 1692 4039; x_wconf 88' lang='lat' dir='ltr'><strong>plerique</strong></span> <span class='ocrx_word' id='word_1_151' title='bbox 1748 3953 2014 4019; x_wconf 90' lang='lat' dir='ltr'><strong>lectores</strong></span> <span class='ocrx_word' id='word_1_152' title='bbox 2073 3951 2177 4021; x_wconf 80' lang='lat' dir='ltr'><strong>vel</strong></span> <span class='ocrx_word' id='word_1_153' title='bbox 2235 3952 2507 4021; x_wconf 87' lang='lat' dir='ltr'><strong>editores</strong></span> 
     </span>
     <span class='ocr_line' id='line_1_22' title="bbox 129 4054 486 4137; baseline 0.017 -23"><span class='ocrx_word' id='word_1_154' title='bbox 129 4054 486 4137; x_wconf 86' lang='lat' dir='ltr'><strong>opinantur.</strong></span> 
     </span>
    </p>

    <p class='ocr_par' dir='ltr' id='par_1_7' title="bbox 133 4155 2509 4351">
     <span class='ocr_line' id='line_1_23' title="bbox 213 4155 2509 4248; baseline 0.004 -27"><span class='ocrx_word' id='word_1_155' title='bbox 213 4155 439 4245; x_wconf 87' lang='lat' dir='ltr'><strong>Itaque</strong></span> <span class='ocrx_word' id='word_1_156' title='bbox 510 4162 651 4245; x_wconf 88' lang='lat' dir='ltr'><strong>cepi</strong></span> <span class='ocrx_word' id='word_1_157' title='bbox 719 4159 1058 4226; x_wconf 90' lang='lat' dir='ltr'><strong>consilium</strong></span> <span class='ocrx_word' id='word_1_158' title='bbox 1127 4161 1240 4228; x_wconf 81' lang='lat' dir='ltr'><strong>ina</strong></span> <span class='ocrx_word' id='word_1_159' title='bbox 1306 4182 1466 4247; x_wconf 89' lang='lat' dir='ltr'><strong>quae</strong></span> <span class='ocrx_word' id='word_1_160' title='bbox 1533 4164 1699 4228; x_wconf 89' lang='lat' dir='ltr'><strong>mihi</strong></span> <span class='ocrx_word' id='word_1_161' title='bbox 1759 4164 2043 4229; x_wconf 80' lang='lat' dir='ltr'><strong>maxime</strong></span> <span class='ocrx_word' id='word_1_162' title='bbox 2099 4165 2168 4229; x_wconf 83' lang='lat' dir='ltr'><strong>vi</strong></span> <span class='ocrx_word' id='word_1_163' title='bbox 2225 4168 2509 4248; x_wconf 87' lang='lat' dir='ltr'><strong>repertae</strong></span> 
     </span>
     <span class='ocr_line' id='line_1_24' title="bbox 133 4263 2507 4351; baseline 0.003 -25"><span class='ocrx_word' id='word_1_164' title='bbox 133 4265 417 4328; x_wconf 75' lang='lat' dir='ltr'><strong>veritatis</strong></span> <span class='ocrx_word' id='word_1_165' title='bbox 481 4263 798 4329; x_wconf 87' lang='lat' dir='ltr'><strong>feriissent</strong></span> <span class='ocrx_word' id='word_1_166' title='bbox 859 4266 1148 4331; x_wconf 88' lang='lat' dir='ltr'><strong>animum</strong></span> <span class='ocrx_word' id='word_1_167' title='bbox 1210 4287 1287 4331; x_wconf 90' lang='lat' dir='ltr'><strong>ex</strong></span> <span class='ocrx_word' id='word_1_168' title='bbox 1347 4269 1611 4332; x_wconf 88' lang='lat' dir='ltr'><strong>caeteris</strong></span> <span class='ocrx_word' id='word_1_169' title='bbox 1652 4287 1980 4351; x_wconf 82' lang='lat' dir='ltr'><strong>excerpere</strong></span> <span class='ocrx_word' id='word_1_170' title='bbox 2025 4272 2090 4331; x_wconf 94' lang='lat' dir='ltr'><strong>et</strong></span> <span class='ocrx_word' id='word_1_171' title='bbox 2133 4288 2282 4334; x_wconf 89' lang='lat' dir='ltr'><strong>cum</strong></span> <span class='ocrx_word' id='word_1_172' title='bbox 2326 4266 2507 4334; x_wconf 87' lang='lat' dir='ltr'><strong>Mne-</strong></span> 
     </span>
    </p>
   </div>
   <div class='ocr_carea' id='block_1_5' title="bbox 133 4368 2506 4522">
    <p class='ocr_par' dir='ltr' id='par_1_8' title="bbox 133 4368 2506 4522">
     <span class='ocr_line' id='line_1_25' title="bbox 133 4368 2506 4456; baseline 0.003 -29"><span class='ocrx_word' id='word_1_173' title='bbox 133 4385 426 4452; x_wconf 78' lang='lat' dir='ltr'><strong>mosynes</strong></span> <span class='ocrx_word' id='word_1_174' title='bbox 472 4368 817 4433; x_wconf 87' lang='lat' dir='ltr'><strong>lectoribus</strong></span> <span class='ocrx_word' id='word_1_175' title='bbox 875 4373 1375 4446; x_wconf 87' lang='lat' dir='ltr'><strong>communicare,</strong></span> <span class='ocrx_word' id='word_1_176' title='bbox 1438 4391 1562 4455; x_wconf 90' lang='lat' dir='ltr'><strong>quo</strong></span> <span class='ocrx_word' id='word_1_177' title='bbox 1624 4370 1835 4453; x_wconf 88' lang='lat' dir='ltr'><strong>plures</strong></span> <span class='ocrx_word' id='word_1_178' title='bbox 1898 4371 1976 4435; x_wconf 88' lang='lat' dir='ltr'><strong>ad</strong></span> <span class='ocrx_word' id='word_1_179' title='bbox 2022 4373 2227 4456; x_wconf 81' lang='lat' dir='ltr'><strong>ipsam</strong></span> <span class='ocrx_word' id='word_1_180' title='bbox 2274 4391 2506 4437; x_wconf 83' lang='lat' dir='ltr'><strong>novam</strong></span> 
     </span>
     <span class='ocr_line' id='line_1_26' title="bbox 1768 4473 2255 4522; baseline 0 0"><span class='ocrx_word' id='word_1_181' title='bbox 1768 4473 1789 4502; x_wconf 85' lang='lat'><strong>·</strong></span> <span class='ocrx_word' id='word_1_182' title='bbox 2225 4477 2255 4522; x_wconf 84' lang='lat'><strong>8</strong></span> 
     </span>
    </p>
   </div>
  </div>
 </body>
</html>
