2934 5050
1144 314 1204 360 tn
1270 314 1667 363 nsciooonmt.
2471 295 2595 359 147

232 483 381 548 ticos
416 482 688 551 Graecos
752 482 1091 550 Heliodoro
1146 482 1357 548 locum
1407 503 1549 551 esse
1595 484 1841 561 noluit,
1891 483 2082 550 credo
2131 505 2210 550 ne
2255 483 2591 550 invaderet

231 587 287 652 in
334 588 717 673 provinciam
769 587 849 654 ab
895 588 1084 654 Imm.
1136 588 1420 655 Bekkero
1464 598 1879 676 occupatam,
1927 590 1994 654 in
2043 589 2322 656 editione
2384 591 2591 675 igitur

232 693 502 759 Parisina
551 714 611 780 p.
662 697 817 760 319.
862 698 945 759 25
998 693 1306 777 Calasiris
1351 701 1418 760 et
1464 693 1796 762 Nausicles
1845 694 2017 760 haud
2065 695 2251 780 longe
2300 694 2378 760 ab
2426 694 2590 758 ostio

230 796 341 864 Nili
380 798 558 885 juxta
619 800 830 885 ripam
873 800 1207 866 ambulant
1254 807 1317 865 et
1365 800 1733 881 κροκόδειλον
1780 804 1983 883 ὁρῶσιν
2044 802 2170 867 ἄπο
2220 807 2339 867 τῶν
2379 797 2586 876 δεξιῶν

231 905 320 969 ἐπὶ
377 903 600 986 θάτερα
664 905 1098 988 διερπύζοντα,
1161 925 1288 992 quo
1352 915 1694 991 conspecto
1761 907 2007 973 incolae
2062 907 2320 980 συνήθως
2363 928 2436 969 τε
2482 905 2587 969 καὶ

232 1010 512 1091 ἀθορύβως
561 1013 633 1076 τὸ
683 1011 865 1090 ὀφθὲν
918 1008 1088 1090 ἦγον.
1183 1010 1426 1076 Verum
1489 1012 1553 1075 in
1616 1030 1691 1077 ea
1751 1021 1932 1097 parte
1991 1011 2155 1090 Nili,
2202 1030 2368 1098 quae
2418 1008 2588 1074 mari

234 1116 493 1201 proxima
533 1124 666 1190 est,
708 1135 832 1181 non
863 1116 1048 1181 modo
1089 1114 1395 1182 crocodili
1436 1134 1562 1181 non
1600 1125 1754 1181 sunt
1789 1115 2160 1202 frequentes
2185 1115 2294 1182 sed
2322 1116 2586 1180 omnino

234 1241 338 1287 non
384 1223 802 1295 inveniuntur
868 1241 1024 1301 nec,
1086 1230 1399 1308 quantum
1467 1221 1638 1298 scio,
1709 1241 2014 1308 umquam
2086 1221 2335 1287 inventi
2403 1225 2581 1286 sunt.

236 1326 291 1391 P.
333 1331 475 1394 369.
527 1331 613 1393 38
665 1335 1017 1392 narrantur
1062 1325 1323 1414 quidam
1367 1324 1729 1412 Memphide
1779 1326 2047 1413 profecti
2094 1345 2273 1406 esse,
2324 1333 2395 1392 ut
2435 1345 2580 1390 con·

235 1434 498 1498 venirent
564 1434 904 1497 Persarum
966 1433 1139 1517 regis
1201 1441 1564 1517 satrapam,
1623 1432 1734 1518 qui
1803 1441 1956 1497 tunc
2008 1431 2246 1499 Thebis
2293 1431 2578 1516 degeret.

236 1536 339 1601 Sed
394 1544 737 1624 antequam
805 1536 1055 1602 Thebas
1114 1545 1469 1613 venerunt,
1538 1537 1602 1601 in
1686 1538 1917 1603 itinere
1985 1538 2296 1604 certiores
2374 1535 2578 1614 fiunt,

236 1638 668 1722 Oroondatem,
721 1661 870 1708 nam
935 1641 1056 1708 hoc
1120 1661 1351 1707 nomen
1411 1651 1550 1706 erat
1616 1644 2170 1730 regiosatrapae,
2219 1640 2575 1729 profectum

235 1767 349 1815 oese
390 1748 675 1837 Syenem
723 1765 916 1834 qnam
958 1747 1037 1812 oh
1077 1766 1336 1812 causam
1392 1746 1669 1831 Bagoas,
1714 1749 1823 1833 qui
1870 1747 2272 1832 Theageuem
2314 1754 2378 1812 et
2417 1744 2575 1810 Cha-

234 1853 462 1919 ricleam
503 1855 792 1941 captivos
824 1852 1215 1930 adducebat,
1263 1851 1593 1932 ἐκτραπεὶς
1633 1858 1751 1917 τῶν
1794 1854 2017 1931 Θηβῶν
2052 1854 2153 1918 ἐπὶ
2194 1854 2306 1928 την
2343 1851 2578 1927 Συήνην

232 1957 484 2032 ἤλαυνεν.
589 1960 870 2045 Apparet
933 1960 1160 2045 opinor
1216 1958 1547 2043 ignorasse
1614 1956 2060 2033 Heliodorum,
2131 1957 2238 2023 ubi
2290 1956 2576 2022 locorum

233 2067 366 2131 sitae
422 2073 638 2130 essent
702 2062 977 2152 Thebae.
1070 2064 1352 2148 Turpius
1420 2063 1616 2128 etiam
1693 2071 1790 2127 est
1861 2061 2328 2148 Elephantinen
2403 2059 2575 2147 apud

232 2179 495 2237 nostrum
542 2188 666 2234 non
716 2167 964 2235 insulae
1005 2187 1235 2233 nomen
1274 2186 1456 2245 esse,
1509 2165 1618 2233 sed
1663 2167 1841 2232 urhis
1880 2168 1944 2232 in
1973 2175 2146 2233 terra
2187 2166 2581 2241 continenti;

229 2275 426 2341 crebro
468 2277 646 2341 enim
695 2276 759 2339 in
806 2275 1050 2362 Syenes
1089 2273 1564 2359 oppugnatione
1588 2273 1762 2337 sicco
1789 2271 1946 2358 pede
1971 2281 2336 2338 commeant
2365 2270 2576 2360 Syene

230 2379 669 2468 Elephantinen
734 2389 797 2447 et
858 2389 1121 2458 contra,
1189 2398 1251 2464 p.
1306 2383 1457 2444 578.
1527 2381 1608 2442 25
1674 2376 1848 2444 alibi.
1945 2378 2086 2444 Non
2135 2378 2345 2462 ¹magis
2393 2383 2580 2443 norat

230 2484 581 2554 Heliodorus
649 2484 861 2551 Philas
926 2482 1226 2549 insulam.
1323 2483 1519 2569 Capta
1586 2481 1797 2570 Syene
1849 2481 2235 2570 Aethiopum
2283 2501 2394 2549 rex
2444 2482 2581 2571 Hy·

226 2590 429 2679 daspes
475 2592 642 2658 redit
693 2592 756 2656 in
804 2592 1116 2678 patriam,
1167 2610 1226 2676 p.
1258 2594 1410 2656 389.
1455 2593 1557 2655 14.
1655 2589 1944 2654 Primum
1998 2598 2172 2656 recte
2209 2589 2424 2672 ἐχώρει
2463 2598 2575 2665 τῆς

225 2694 389 2779 ὄχθης
424 2702 533 2763 τοῦ
570 2698 798 2763 Νείλου
838 2696 1133 2777 ἐχόμενος
1160 2745 1177 2773 ,
1218 2694 1328 2760 sed
1367 2704 1703 2780 postquam
1746 2694 1823 2759 ad
1866 2692 2214 2760 Charaetas
2255 2694 2610 2780 pervenit„

225 2803 527 2883 ἐπιτραπεὶς
550 2853 568 2881 ,
612 2811 723 2879 τῆς
758 2802 1112 2882 μεσογαίας
1163 2803 1410 2879 μᾶλλον
1459 2798 1666 2879 εἴχετο
1706 2800 1812 2865 καὶ
1861 2801 1945 2873 εἷς
1992 2800 2112 2873 τὰς
2161 2800 2358 2872 Φίλας
2395 2799 2578 2865 ἐλθὼν

225 2905 570 2975 διαναπαύει
619 2910 722 2974 τὸν
767 2906 1009 2989 epm-dv.
1106 2906 1274 2972 Sunt
1321 2903 1442 2970 alia
1498 2904 1962 2990 ejusdemmodi
2016 2906 2209 2982 vilia,
2260 2903 2371 2971 sed
2422 2904 2575 2970 haec

223 3022 358 3078 sunt
403 3014 532 3081 l'ere
579 3012 954 3098 insigniora.

301 3118 505 3204 Fingit
575 3118 951 3184 Heliodorus
1006 3125 1217 3182 actam
1291 3135 1432 3181 esse
1483 3114 1760 3180 fabulam
1824 3133 1898 3178 eo
1945 3121 2232 3200 tempore
2278 3133 2405 3199 quo
2456 3113 2577 3180 Ae-

224 3224 410 3311 gyptii
470 3234 772 3310 parerent
832 3224 963 3307 regi
1031 3222 1371 3287 Persarum
1426 3221 1641 3306 itaque
1690 3240 1753 3305 p.
1786 3223 1936 3287 236.
1989 3224 2071 3285 45
2128 3218 2396 3285 Athenis
2447 3239 2573 3285 me·

228 3330 442 3394 morari
486 3348 608 3393 non
651 3327 874 3394 debuit
912 3328 983 3392 τὸ
1029 3335 1250 3406 μνῆμα
1293 3332 1411 3390 τῶν
1449 3326 1913 3405 Ἐπικουρείων,
1962 3324 2071 3390 sed
2121 3324 2258 3391 leve
2308 3324 2424 3391 hoc
2473 3334 2572 3391 est

229 3448 359 3515 prae
404 3432 671 3498 ridiculo
734 3441 1100 3499 commento
1159 3452 1220 3518 p.
1268 3435 1437 3509 278,
1512 3430 1858 3496 Homerum
1912 3430 2108 3495 fuisse
2157 3430 2571 3517 Aegyptium.

231 3535 391 3602 Hunc
437 3537 816 3605 Heliodorus
862 3557 1050 3623 saepe
1091 3536 1308 3602 laudat
1350 3545 1414 3602 et
1463 3545 1769 3622 perpetuo
1832 3533 2158 3600 vocabulis
2206 3535 2576 3600 recentiori·

229 3638 331 3706 hus
373 3653 432 3710 et
470 3643 620 3709 olim
665 3644 1011 3728 incognitis
1059 3634 1356 3707 indecore
1397 3641 1711 3707 admiscet
1754 3640 2122 3705 Homericos
2161 3638 2369 3719 locos,
2420 3658 2574 3725 quo·

229 3758 355 3814 rum
411 3750 584 3816 color
642 3756 778 3814 toto
839 3747 1012 3814 coelo
1075 3747 1370 3813 diversus
1430 3756 1547 3811 est.
1644 3745 1969 3812 Flosculos
2018 3753 2194 3809 amat
2241 3741 2464 3831 quales
2512 3741 2575 3811 ὃν

229 3852 389 3931 θυμὸν
447 3853 718 3923 κατέδων
797 3874 859 3940 p.
906 3858 1059 3920 234.
1120 3857 1239 3928 41,
1303 3851 1586 3933 ἐδάκρυον
1655 3852 1877 3917 ἐκείνου
1940 3850 2247 3933 πρόφασιν
2309 3871 2367 3936 p.
2419 3853 2573 3917 257.

232 3960 301 4023 43
365 3970 425 4026 et
489 3962 797 4026 ὀλλύντων
879 3984 952 4025 τε
1015 3959 1118 4024 καὶ
1178 3957 1526 4036 ὀλλυμένων
1605 3964 1666 4043 p:
1716 3962 1869 4023 240.
1944 3962 2023 4021 31
2094 3964 2149 4021 el
2240 3960 2391 4023 244.
2466 3959 2574 4020 59.

232 4058 481 4150 llsurpat
538 4071 724 4143 κῶμα
784 4086 847 4151 p.
891 4069 1046 4131 254.
1100 4070 1186 4131 50
1249 4072 1339 4130 et·
1372 4068 1544 4128 272..
1595 4068 1677 4126 44
1728 4072 1791 4127 et
1839 4063 1993 4135 θῶας
2058 4082 2118 4147 p.
2169 4066 2324 4127 257.
2378 4065 2466 4127 50
2510 4070 2576 4127 et

231 4168 491 4246 πύματον
550 4168 732 4236 ὕπνον
794 4189 854 4255 p.
908 4174 1061 4236 258.
1128 4178 1165 4235 4
1215 4177 1280 4235 el.
1329 4168 1486 4235 ἔνθεν
1536 4169 1676 4234 ἐθών
1727 4188 1783 4253 p.
1838 4171 1989 4232 307.
2040 4171 2103 4232 9.
2152 4175 2217 4231 et
2257 4168 2570 4245 ἐγυμνώθη

231 4277 329 4336 τῶν
371 4273 879 4356 ἐπιβεβλημένων
924 4278 1117 4356 ῥακῶν
1164 4295 1224 4360 p.
1261 4278 1413 4340 556.
1466 4277 1575 4339 22.
1677 4271 1886 4338 Semel
1933 4289 2188 4357 quoque
2237 4291 2385 4336 cum
2439 4276 2576 4356 ipso

238 4369 479 4446 Homero
559 4379 945 4445 contendere
1036 4378 1193 4445 velle
1278 4378 1569 4456 videtur,
1654 4386 1794 4443 uter
1867 4376 2223 4462 elegantius
2293 4374 2575 4451 scribat,
