2934 5050
1212 301 1644 357 nummu.
2490 281 2619 353 297

239 478 382 550 λοὺς
447 477 876 558 προορωμένους
940 481 1262 564 scripseris
1279 527 1296 557 ,
1359 478 1608 544 videbis
1672 480 1887 544 omnia
1945 484 2112 544 recte
2168 483 2358 563 atque
2406 478 2623 543 ordine

237 583 588 670 procedere.
618 617 701 632 --
731 579 824 649 ὄτι
873 585 1006 665 περὶ
1055 585 1343 666 πατρίδος
1389 583 1795 662 βουλεύεσθε,
1847 582 1914 658 ἣν
1963 587 2116 661 μιᾶς
2174 582 2367 671 [περὶ]
2412 585 2515 649 καὶ
2561 584 2619 656 ἐς

239 691 392 768 μίαν
455 691 685 769 βουλὴν
740 689 1063 770 τυχοῦσαν
1118 715 1189 756 τε
1249 692 1352 755 καὶ
1418 693 1506 766 μὴ
1549 728 1635 739 -
1671 727 1756 738 -
1792 728 1876 738 —
1920 690 2392 769 κατορθώσασαν
2462 688 2619 756 ἔςαι.

239 795 440 862 Posui
494 796 747 862 hiatum
804 797 973 863 unde
1027 799 1331 863 excidisse
1399 799 1664 862 coniicio
1726 796 1970 883 aliquid
2028 794 2507 885 huiuscemodi:
2561 794 2619 880 (ἢ

239 901 547 969 ἀπολέσαι
613 903 783 977 ὑμῖν,
850 902 885 971 ἢ
949 902 1095 969 ἰδεῖν
1155 926 1203 969 s.
1253 903 1486 990 οἰκεῖν).
1557 902 1683 968 Pro
1740 902 1875 981 περὶ
1924 901 2270 990 legendum
2315 905 2473 987 puto
2485 898 2625 974 ,vel

240 1013 459 1089 ψήφου
503 1009 608 1075 vel
652 1010 924 1087 γνώμης.

329 1114 406 1179 V.
477 1114 625 1180 112.
710 1114 867 1181 Dele
920 1118 1362 1201 importunum
1410 1115 1765 1191 emblema,
1813 1115 1986 1195 Φίλοι
2035 1115 2148 1192 μὲν
2194 1109 2344 1178 εἶναι
2368 1163 2384 1176 .
2436 1111 2621 1178 πολὲ·

240 1244 364 1300 μιοι
430 1221 492 1285 δὲ
553 1220 931 1299 μηδετέροις,
995 1242 1155 1307 quae
1217 1221 1552 1287 antithesis
1615 1219 1989 1308 Thucydide
2053 1240 2306 1306 prorsus
2359 1218 2627 1306 indigna

241 1329 546 1393 orationis
604 1329 1127 1413 compositionem
1191 1328 1443 1405 turbat,
1510 1328 1983 1406 προκαλούμεθα
2044 1328 2107 1391 δὲ
2168 1328 2333 1404 ὑμᾶς
2399 1328 2467 1390 ἐκ
2513 1332 2623 1400 τῆς

247 1442 365 1511 γῆς
431 1434 854 1511 ἀναχωρῆσαι.
876 1432 1091 1498 -Bis
1124 1436 1192 1497 in
1225 1433 1344 1498 hoc
1390 1435 1597 1518 capite
1644 1433 1752 1497 καί
1796 1434 2188 1498 intruserunt
2232 1433 2623 1517 interpretes.

243 1538 504 1604 Etenim
550 1548 626 1619 τῇ
676 1537 942 1620 σωζούσῃ
989 1539 1157 1620 τύχῃ
1198 1538 1266 1602 ἐκ
1303 1543 1408 1603 τοῦ
1447 1538 1602 1604 θειόυ
1636 1539 1976 1624 opponitur
2013 1549 2088 1620 τῇ
2128 1538 2628 1615 Λακεδαιμονίων

244 1644 510 1727 τιμωρία
549 1643 680 1709 ἀπὸ
715 1650 831 1710 τῶν
870 1644 1209 1724 ἀνθρώπων.
1260 1643 1506 1711 Deinde
1542 1647 1854 1710 insertum
1894 1650 1990 1709 est
2027 1645 2161 1722 hic,
2211 1650 2285 1709 ut
2311 1643 2629 1709 emblema

245 1751 416 1837 quod
462 1752 765 1816 eiecimus
810 1770 959 1815 cum
1006 1751 1414 1834 sequentibus
1461 1754 1969 1839 coniungeretur.

332 1855 408 1920 V.
466 1855 616 1921 116.
664 1854 863 1922 Video
909 1855 1076 1941 quod
1119 1859 1483 1922 moniturus
1536 1877 1710 1922 eram
1758 1857 1835 1922 de
1878 1856 2261 1945 glossemate
2305 1862 2449 1942 post
2497 1857 2627 1919 δια-

240 1964 520 2043 βατήρια
569 1961 802 2027 addito.
832 1961 964 2041 ἱερὰ
1010 1961 1070 2026 ἔν
1116 1971 1242 2035 τοῖς
1291 1962 1459 2042 ὁρίοις
1509 1966 1641 2029 iam
1688 1984 1726 2028 a
1773 1959 2010 2029 Cobeto
2054 1983 2186 2027 esse
2226 1966 2626 2047 occupatum.

243 2067 318 2134 In
377 2067 611 2135 multis
672 2067 816 2134 aliis
867 2071 1190 2154 praeterea
1233 2090 1340 2135 me
1386 2075 1604 2134 actum
1652 2071 1856 2157 egisse
1899 2068 2207 2134 intellexi.
2281 2066 2406 2135 Sed
2448 2069 2634 2156 piget

245 2174 357 2240 has
404 2172 703 2261 plagulas
747 2194 890 2239 eam
937 2175 1017 2240 ob
1054 2195 1193 2240 rem
1238 2177 1479 2240 iterum
1523 2175 1903 2261 perlustrare
1945 2180 2019 2238 ut
2056 2177 2123 2239 in
2162 2172 2435 2261 singulis
2476 2172 2633 2238 locis

246 2302 360 2347 sua
422 2282 654 2366 cuique
716 2280 1011 2359 reddam,
1073 2283 1446 2367 praesertim
1502 2302 1652 2347 cum
1696 2301 1820 2346 non
1866 2282 1991 2344 nisi
2037 2301 2115 2346 ex
2159 2286 2338 2366 parte
2382 2285 2499 2345 hoc
2545 2279 2634 2344 fa-

247 2408 382 2453 cere
432 2406 699 2473 queam,
749 2389 983 2473 quippe
1030 2389 1142 2473 qui
1187 2387 1513 2475 Madvigii
1558 2387 1800 2452 librum
1845 2381 2129 2452 nondum
2165 2386 2474 2462 viderim,
2519 2406 2635 2451 nec

247 2492 454 2559 ullam
502 2491 848 2559 editionem
895 2503 1142 2578 praeter
1186 2493 1655 2561 Bekkerianam
1701 2492 2023 2560 consulere
2061 2496 2402 2579 potuerim.
2454 2491 2636 2573 Quod

246 2597 324 2663 ad
378 2594 700 2664 Cobetum
763 2601 994 2666 attinet
1036 2622 1161 2667 non
1206 2621 1426 2666 vereor
1469 2621 1549 2666 ne
1588 2622 1695 2666 me
1740 2599 1946 2687 plagii
1991 2605 2242 2666 accuset
2288 2605 2401 2665 aut
2449 2618 2635 2685 aegre

244 2703 404 2769 ferat
453 2703 622 2788 quod
669 2724 1146 2791 nonnumquam
1192 2708 1261 2770 in
1305 2706 1480 2770 idem
1528 2706 1695 2791 quod
1742 2708 1877 2789 ipse
1922 2706 2276 2771 inciderim.

338 2808 414 2873 V.
471 2808 621 2874 116.
671 2810 878 2899 Lege,
929 2813 1050 2896 (τὸ)
1103 2814 1237 2877 καθ’
1287 2809 1486 2891 ἕτερόν
1532 2835 1591 2875 τι
1635 2816 1740 2875 τοῦ
1786 2812 2356 2891 περιτειχίσματος.

954 2916 1134 2984 Libri
1181 2921 1390 3004 quinti
1434 2918 1540 2984 hic
1586 2914 1730 2982 finis
1774 2923 1927 2983 esto.

1231 3254 1646 3320 '‘ATAKTA.

1065 3483 1346 3532 scaffen·
1393 3464 1464 3532 C.
1516 3468 1817 3532 Bamma.

339 3668 675 3739 Scholium
713 3677 804 3741 ad
837 3677 1326 3755 ,Andromachae
1372 3700 1433 3743 v.
1491 3678 1620 3743 103
1638 3728 1655 3757 ,
1714 3677 1883 3764 quod
1931 3675 2132 3742 edidit
2180 3671 2488 3752 Cobetus‚
2544 3679 2636 3741 sic

249 3776 633 3866 legendum:

342 3885 550 3965 Ἰλίῳ
609 3889 983 3972 αἱπεινᾷε
1042 3891 1305 3971 μονῳδία
1353 3892 1443 3960 ἐςὶ
1493 3891 1563 3955 τὸ
1611 3891 1686 3956 δι’
1737 3890 1858 3963 ἑνὸς
1906 3889 2223 3969 προσώπου
2269 3888 2630 3968 θρηνοῦντος.

253 3987 366 4058 ὅτε
437 3993 505 4057 τὸ
571 3995 963 4070 ,,’Λσιοὶτιδος
1028 4006 1145 4075 γῆς
1193 3998 1460 4079 σχῆμαὲ
1518 3999 1636 4085 (οὐ)
1684 3995 1949 4076 μονῳδία
1997 3995 2109 4062 ἕςί.
2158 3997 2469 4074 τραγῳδεῖ
2506 4001 2632 4080 γὰρ

256 4095 358 4159 καὶ
422 4099 528 4162 οὐκ
593 4100 760 4182 ᾄδει·
826 4101 965 4167 οὔτε
1025 4103 1111 4169 τὰ
1157 4104 1218 4166 ἐν
1267 4102 1722 4187 Θεοφορουμένῃ
1768 4100 2082 4186 ᾀδόμενα,
2132 4100 2198 4164 οὐ
2248 4101 2443 4180 θρηνεῖ
2483 4106 2629 4187 7029·

253 4198 465 4290 Vulgo
511 4203 687 4271 deest
731 4209 796 4271 οὐ
842 4206 1208 4295 legiturque
1253 4211 1570 4290 τραγῳδία
1617 4211 1744 4290 γὰρ
1791 4207 1894 4272 καὶ
1943 4208 2048 4270 οὐκ
2103 4204 2243 4272 ἔδει.

342 4307 445 4373 Ad
481 4307 769 4377 Rhesum
808 4336 872 4379 v.
922 4312 1072 4379 30¹7.
1123 4317 1485 4383 Aristotelis
1525 4317 1959 4404 fragmentum
1994 4315 2086 4379 sic
2117 4317 2632 4385 constituendum

258 4410 460 4478 διελὼν
525 4416 586 4480 δὲ
650 4420 757 4494 τὴν
820 4420 999 4486 πόλιν
1063 4422 1335 4496 Ἀλεύας
1401 4421 1586 4499 ἔταξε
1652 4426 1865 4491 κατὰ
1921 4426 2023 4490 τὸν
2074 4426 2285 4503 κλῆρον
2335 4429 2632 4510 παρέχειν
