2934 5050
949 315 1036 362 An
1081 314 1435 362 rumonim
1483 314 1726 362 manum
1774 317 1836 362 x.
2499 296 2585 363 33

217 483 313 546 καὶ
368 481 709 563 ἐγχάσκειν
754 478 864 548 εἶθ’
927 485 1309 551 ὑποκιναδεῖν
1371 486 1475 551 καὶ
1524 487 1813 553 διανεύειν
1863 485 2078 558 ἀλλοις
2141 488 2248 553 καὶ
2298 490 2582 568 ἀνακαγ·

210 587 452 669 χαζειν.
521 596 586 655 et
626 589 813 676 plura
858 591 962 656 his
1022 591 1299 672 similia,
1363 613 1525 678 quae
1579 592 1660 658 ad
1712 592 1986 660 formam
2030 599 2148 659 τῶν
2213 594 2586 677 Θεοφράςου

143 721 148 726 ·
211 697 600 776 χαρακτήρων
670 717 863 783 quam
930 700 1220 784 proxime
1288 700 1597 765 accedunt
1659 702 1784 764 nisi
1852 699 2021 786 quod
2087 700 2299 767 multo
2366 705 2584 768 minus

210 798 410 887 lepida
474 808 540 869 et
603 808 873 869 venusta
940 810 1090 870 sunt
1156 826 1358 892 neque
1401 810 1541 872 tam
1602 808 1763 872 scita
1829 810 1894 873 et
1954 805 2234 895 eleganti
2300 828 2585 874 sermone

210 906 446 994 scripta.

289 1015 783 1104 Nonnumquam
842 1022 1059 1084 tamen
1126 1019 1185 1083 is
1199 1065 1217 1096 ,
1289 1022 1400 1105 qui
1453 1040 1534 1084 ex
1593 1017 2026 1106 Theophrasto
2091 1023 2262 1106 ipsas
2330 1041 2586 1086 morum

209 1125 547 1190 notationes
593 1126 906 1210 excerpsit
950 1128 1318 1211 caeteraque
1362 1128 1634 1192 resecuit
1650 1173 1668 1204 ‚
1715 1146 1913 1192 unam
1966 1132 2032 1192 et
2075 1119 2343 1193 alteram
2381 1126 2582 1194 Theo-

207 1230 440 1315 phrasti
497 1231 1004 1296 observationem
1064 1230 1135 1295 in
1200 1251 1316 1297 sua
1381 1230 1698 1317 Excerpta
1755 1232 2105 1298 transtulit.
2193 1232 2371 1300 Haec
2412 1254 2586 1299 nunc

207 1335 325 1410 fere
378 1334 569 1402 video
615 1357 654 1402 a
697 1337 961 1402 caeteris
1014 1338 1196 1423 quasi
1238 1340 1519 1424 genuina
1578 1358 1704 1404 non
1762 1340 1891 1404 sint
1935 1339 2188 1427 seiungi
2206 1386 2224 1416 ‚
2291 1338 2401 1404 sed
2446 1342 2584 1425 ipsa

207 1440 521 1530 cogitandi
585 1447 648 1506 et
708 1441 959 1509 dicendi
1017 1442 1225 1509 forma
1297 1442 1657 1509 incredibili
1715 1442 1927 1529 lepore
1988 1444 2242 1510 condita
2303 1444 2409 1509 καὶ
2473 1443 2584 1518 τὴν

205 1548 487 1624 Ἀττικὴν
531 1546 720 1629 χάριν
761 1547 1152 1615 ἀποπνέουσα
1200 1547 1710 1636 Theophrastum
1753 1555 2078 1616 auctorem
2114 1549 2300 1617 facile
2336 1550 2582 1638 arguit,

205 1659 274 1719 ut
310 1656 378 1719 in
422 1675 563 1740 cap.
604 1653 654 1718 I.
703 1653 999 1726 τοιαύτας
1046 1654 1260 1733 Φωνάς
1306 1656 1413 1719 καὶ
1461 1655 1704 1727 πλοκὰς
1752 1656 1857 1721 καὶ
1920 1656 2351 1736 παλιλλογίας
2397 1657 2584 1737 εὑρεῖν

206 1756 288 1828 ἔτι
328 1765 436 1825 τοῦ
491 1758 719 1841 εἴρωνος
741 1782 755 1797 ·
803 1760 891 1825 τὰ
940 1760 1009 1835 δὲ
1055 1767 1173 1826 τῶν
1212 1763 1361 1837 ἠθῶν
1401 1764 1491 1840 μή
1536 1763 1722 1828 ἀπλά
1770 1763 1925 1828 ἀλλ’
1973 1762 2283 1842 ἐπίβουλα
2328 1761 2583 1844 Φυλάτ-

205 1868 404 1932 τεσθαι
453 1870 707 1945 μᾶλλον
754 1868 853 1933 δεῖ
891 1866 926 1942 ἢ
969 1866 1116 1958 τοὺς
1163 1864 1331 1948 ἔχεις
1357 1918 1370 1932 .
1423 1873 1491 1934 et
1534 1871 1603 1934 in
1644 1888 1779 1955 cap.
1826 1868 1940 1934 III.
1990 1869 2465 1950 παρασεΙσαντα
2513 1870 2585 1944 δῆ

206 1969 293 2037 δεῖ
344 1973 492 2045 τοὺς
554 1973 858 2047 τοιούτους
912 1980 1028 2040 τῶν
1084 1974 1406 2056 ἀνθρώπων
1467 1977 1572 2040 καὶ
1637 1974 1999 2056 διαράμενον
2058 1973 2585 2041 ἀπαλλάττεσθαι

204 2074 318 2152 ὅτις
364 2077 672 2159 ἀπύρετος
734 2079 1035 2158 βούλεται
1111 2075 1298 2146 εἶναι.
1347 2085 1414 2146 et
1455 2083 1527 2146 in
1570 2102 1705 2168 cap.
1752 2079 1859 2147 VI.
1907 2082 2185 2162 ἐργώδεις
2239 2082 2291 2148 δ’
2335 2080 2487 2147 εἰσὶν
2534 2084 2585 2148 οἱ

205 2183 267 2249 τὸ
324 2182 499 2263 ςδμα
562 2184 813 2252 εὔλυτον
874 2186 1127 2269 ἔχοντες
1192 2188 1279 2261 εἷς
1342 2187 1639 2269 λοιδορίαν
1700 2188 1805 2255 καὶ
1852 2187 2275 2270 Φθεγγόμενοι
2326 2188 2587 2271 μεγάλῃ

205 2300 274 2366 τῆ
317 2297 495 2375 Φωνῇ
555 2288 673 2361 ὅτε
716 2300 1007 2374 συνηχεῖν
1068 2293 1280 2365 αὐτοῖς
1326 2293 1435 2368 τήν
1495 2294 1731 2375 ἀγορὰν
1786 2293 1889 2359 καὶ
1951 2293 2039 2360 τὰ
2084 2293 2458 2375 ἐργαςήρια.
2524 2302 2588 2361 et

204 2398 266 2462 in
295 2419 426 2485 cap.
466 2396 641 2463 VIH.
686 2404 805 2464 τῶν
849 2398 1133 2465 τοιούτων
1174 2400 1492 2481 ἀνθρώπων
1535 2399 1907 2478 τεθαύμακα
1946 2403 2010 2466 τΙ
2050 2424 2203 2467 ποτε
2251 2398 2583 2479 βούλονται

205 2507 657 2582 λογοποιοῦντες
678 2528 693 2543 ·
781 2506 848 2571 ού
917 2505 1046 2586 γάρ
1115 2505 1293 2584 μόνον
1371 2506 1704 2587 ψεύδονται
1772 2508 1950 2575 ἀλλά
2025 2507 2131 2574 καὶ
2203 2509 2582 2580 ἀλυσιτελῶς

203 2610 717 2677 ἀπαλλάττουσιν
738 2634 753 2651 ·
818 2611 1125 2685 πολλάκις
1187 2614 1313 2692 γὰρ
1373 2614 1575 2678 αὐτῶν
1642 2615 1694 2679 οἱ
1750 2617 1865 2693 μὲν
1925 2616 1987 2679 ἐν
2044 2623 2171 2687 τοῖς
2221 2613 2578 2692 βαλανείοις

205 2717 546 2797 περιςάσεις
608 2718 947 2797 ποιούμενοι
995 2716 1303 2796 θαιμάτια
1367 2718 1891 2798 ἀποβεβλήκασιν
1911 2770 1928 2794 ,
1984 2721 2036 2786 02
2093 2721 2145 2786 δ’
2207 2721 2268 2786 ἐν
2331 2731 2409 2804 τῇ
2459 2728 2576 2805 τοᾷ

203 2821 563 2907 πεζομαχία
610 2824 717 2890 καὶ
766 2826 1102 2909 ναυμαχία
1147 2833 1427 2903 νικῶντες
1475 2829 1725 2909 ἐρήμους
1774 2826 1947 2899 δίκας
1996 2826 2396 2908 ὠφλήκασιν·
2460 2828 2577 2892 εἰσὶ

204 2925 250 2991 δ’
293 2922 346 2995 οἳ
390 2929 497 2995 καὶ
546 2930 758 3003 πόλεις
803 2932 890 3012 τῷ
938 2932 1109 3013 λόγῳ
1155 2936 1329 3000 κατὰ
1367 2934 1588 3016 κράτος
1638 2937 1942 3017 αἱροῦντες
1983 2933 2578 3014 παρεδειπνήθησαν.

202 3054 351 3119 quae
397 3038 616 3102 omnia
659 3038 753 3102 ita
809 3037 1096 3105 redolent
1156 3046 1222 3106 et
1277 3044 1591 3129 resipiunt
1633 3044 1919 3108 Atticam
1963 3041 2210 3129 ingenii
2267 3040 2578 3107 festivita-

202 3144 326 3207 tem
372 3148 438 3208 et
483 3143 782 3209 dictionis
825 3145 1077 3211 Atticae
1113 3145 1359 3232 lepores
1402 3169 1785 3234 veneresque
1831 3149 1920 3212 sic
1956 3145 2238 3211 referunt
2272 3148 2578 3234 gratiam-

203 3267 314 3332 que
379 3252 624 3336 spirant
682 3256 757 3316 ut
824 3250 1172 3317 absurdum
1238 3257 1325 3320 sit
1390 3257 1755 3321 existimare
1822 3253 1978 3318 haec
2047 3251 2126 3317 ab
2194 3251 2319 3318 alio
2384 3273 2579 3339 quam

203 3373 239 3417 a
277 3353 709 3442 Theophrasto
751 3358 846 3422 ita
889 3357 1081 3423 scribi
1125 3361 1425 3445 potuisse.

286 3460 441 3541 Quis
505 3467 753 3547 praeter
819 3463 1236 3530 Athenienses
1253 3513 1271 3543 ‚
1342 3471 1418 3530 ut
1477 3466 1598 3532 hoc
1667 3464 1800 3530 solo
1860 3468 2005 3530 utar
2020 3511 2037 3542 ‚
2106 3470 2369 3531 noverat
2427 3464 2581 3551 quid

202 3572 358 3633 esset
401 3569 956 3648 παραδειπνηθῆναι
1003 3575 1068 3634 et
1111 3591 1250 3636 rem
1308 3571 1625 3637 ludicram
1670 3576 1807 3636 tam
1867 3572 2077 3636 iocoso
2128 3571 2322 3636 verbo
2368 3569 2578 3656 appel-

202 3669 460 3738 litabat?
528 3674 789 3741 Praeter
833 3674 1345 3762 Theophrastum
1393 3698 1597 3742 unum
1656 3682 1888 3742 testem
1948 3677 2141 3742 habet
2186 3675 2580 3762 Amphidem

204 3772 530 3845 comicum
574 3782 887 3847 Athenaei
930 3802 1077 3871 pag.
1129 3780 1261 3847 423
1307 3785 1384 3849 A.

733 3886 1354 3966 παραδεδειπνημένοι
1376 3938 1395 3968 ,
1444 3874 1667 3963 παῖδες
1683 3939 1698 3965 ,
1759 3888 1998 3955 πάλαι.

204 3994 274 4050 ut
315 3991 384 4052 in
423 3990 646 4057 Plauti
690 3992 1092 4058 Menaechmis
1136 3994 1488 4061 Penicillus
1532 3994 1644 4060 m.
1698 3995 1732 4060 1
1755 4043 1772 4074 ,
1826 3993 1946 4060 13:

415 4096 473 4159 ei
516 4096 589 4160 id
630 4098 720 4160 ica
764 4106 912 4164 esset
953 4122 1074 4164 non
1120 4122 1220 4181 eqo
1261 4101 1437 4165 hodie
1466 4101 1864 4185 perdidissem
1896 4103 2243 4185 prandium.

207 4193 435 4266 Graece
478 4200 747 4267 dixeris:

607 4308 671 4371 οὐ
716 4308 841 4391 γάρ
889 4312 1021 4376 ποθ’
1068 4309 1254 4386 οὕτως
1300 4310 1376 4378 ἂν
1421 4313 1901 4394 παρεδειπνήθην
1947 4313 2093 4392 ἐγώ.

211 4405 387 4475 Nunc
431 4411 513 4476 ad
557 4402 722 4496 ipsos
766 4425 1171 4498 Χαρακτῆρας
1220 4418 1610 4485 accedamus.

2122 4530 2154 4574 s
