2934 5050
1150 288 1209 335 m
1257 287 1655 334 nsciononuu.
2458 271 2583 333 149

216 469 335 536 que
399 450 786 518 Herodotum
855 472 1132 539 agnosco
1191 474 1256 541 p.
1310 459 1462 521 262.
1531 461 1606 532 5,
1655 452 1764 521 sed
1813 454 1970 520 levis
2021 452 2343 520 Heliodori
2390 473 2576 521 error

215 554 296 619 ibi
344 555 663 623 notandus
723 567 841 624 est.
937 558 1168 625 Narrat
1217 556 1517 625 Calasiris
1563 579 1631 626 se
1677 559 2022 647 aliquando
2068 570 2329 647 captum
2380 558 2581 627 luisse

216 679 424 728 autore
476 661 866 750 Rhodopidis
928 665 1279 731 Thracicae
1328 666 1647 741 mulieris,
1704 664 1783 731 de
1831 685 1956 753 qua
2004 686 2083 733 ex
2134 665 2451 733 Herodoto
2498 666 2580 733 11.

217 770 335 832 155
383 768 599 833 omnia
665 777 835 836 nota.
937 769 1173 838 Verum
1238 789 1365 857 quo
1413 780 1697 857 tempore
1760 771 1867 837 illa
1934 772 1997 838 in
2066 771 2356 861 Aegypto
2416 771 2577 849 suit,

217 870 488 938 noudum
534 873 846 959 parebant
894 874 1138 941 incolae
1183 875 1529 943 Persarum
1571 876 1859 964 imperio.
1953 877 2249 944 Ceterum
2293 876 2581 964 plerique

214 974 323 1042 loci
368 996 532 1064 quos
579 978 860 1045 indicavi
900 979 1038 1066 jam
1088 980 1196 1048 diu
1246 983 1308 1046 in
1360 980 1772 1068 proverbium
1822 980 2114 1048 abierant
2166 983 2336 1071 apud
2383 984 2579 1051 Grae-

213 1102 313 1147 cos
356 1103 581 1150 omnes
643 1094 708 1151 et
763 1085 1140 1153 Heliodorus
1200 1086 1469 1154 fortasse
1517 1095 1766 1154 veteres
1814 1089 1971 1153 istos
2018 1108 2098 1154 ne
2146 1088 2389 1175 legerat
2436 1091 2574 1176 qui-

213 1185 368 1253 dem.
464 1190 627 1256 Aliis
672 1190 830 1257 locis
879 1193 1157 1258 imitatio
1203 1195 1420 1258 minus
1469 1192 1808 1259 manifesta
1856 1201 1972 1259 est.

293 1292 474 1372 Quod
536 1296 812 1363 Cobetus
873 1296 1216 1384 aliquando
1281 1300 1527 1364 notavit
1587 1300 1649 1363 in
1717 1298 2099 1376 Charitone,
2155 1320 2274 1366 usu
2323 1320 2575 1387 quoque

216 1401 374 1464 venit
438 1401 502 1466 in
569 1400 934 1469 Heliodoro:
996 1403 1302 1490 pleraque
1362 1406 1579 1469 omnia
1626 1403 1796 1489 apud
1843 1423 1988 1471 eum
2041 1405 2206 1471 mira
2251 1415 2315 1472 et
2366 1405 2573 1473 incre·

216 1500 378 1569 dibili
428 1506 761 1574 celeritate
801 1508 1250 1594 perficiuntur.
1322 1509 1566 1576 Bellum
1613 1509 1899 1576 inferunt
1949 1509 2289 1597 Aethiopes
2336 1531 2394 1597 p.
2425 1515 2575 1577 369.

220 1610 294 1673 58
339 1611 560 1678 θᾶττον
616 1614 824 1690 ἀκοῆς.
922 1618 989 1683 Ρ.
1041 1621 1193 1683 572.
1262 1620 1348 1682 50
1409 1614 1799 1681 describitur
1846 1616 2073 1702 ingens
2121 1615 2285 1682 fossa
2315 1665 2332 1694 ,
2379 1637 2571 1703 quam

222 1711 537 1803 Hydaspes
600 1718 750 1784 duci
809 1720 1007 1806 Jussit
1074 1723 1246 1788 circa
1314 1720 1558 1810 Syenes
1623 1722 1908 1787 moenia:
1971 1722 2358 1807 stupendum
2419 1742 2580 1809 opus

221 1820 541 1904 perficitur
585 1823 778 1903 λόγου
828 1828 1068 1892 θᾶττον.
1163 1827 1399 1894 Eodem
1445 1828 1724 1919 pertinet
1766 1847 1827 1913 p.
1874 1831 2029 1893 579.
2083 1831 2200 1893 25ε
2254 1836 2581 1914 pugnatur

220 1926 371 2009 apud
439 1929 730 2018 Syenen,
797 1932 1179 2019 Aethiopum
1245 1934 1384 1999 acie
1454 1931 1737 1998 nondum
1813 1933 2162 1998 instructa:
2226 1932 2389 1999 οὕτω
2452 1938 2580 1999 πᾶν

220 2028 556 2100 διετέτακτο
605 2046 670 2102 et
716 2035 948 2104 Persae
987 2037 1122 2123 jam
1186 2036 1806 2126 appropinquabant.
1906 2037 2061 2102 Vide
2103 2057 2355 2124 quoque
2403 2038 2576 2104 istud

218 2139 389 2218 λόγου
439 2145 661 2210 θᾶττον
707 2165 770 2232 p.
822 2147 975 2210 287.
1024 2147 1145 2223 20,
1199 2164 1255 2230 p.
1302 2148 1455 2210 512.
1511 2147 1594 2209 24
1644 2152 1708 2209 et
1750 2163 1811 2230 p.
1853 2147 2005 2208 554.
2059 2148 2161 2209 45.
2259 2144 2381 2211 Sed
2430 2165 2578 2231 gra-

221 2244 300 2306 vis
352 2267 541 2313 error
602 2257 735 2326 est,
787 2248 895 2314 ubi
964 2250 1244 2335 scriptor
1293 2250 1425 2335 ipse
1482 2249 1603 2313 sibi
1651 2247 2059 2313 contradicit.
2160 2249 2226 2315 Ρ.
2281 2253 2434 2317 386.
2485 2256 2570 2316 47

220 2347 479 2417 affirmat
524 2352 861 2419 Chariclea
909 2356 1252 2420 certiorem
1303 2374 1370 2420 se
1435 2352 1668 2419 factam
1720 2373 2053 2439 superesse
2103 2363 2372 2420 matrem
2422 2356 2573 2421 Per-

220 2452 405 2523 sinam
477 2457 864 2546 Aethiopum
933 2461 1260 2546 reginam,
1327 2458 1438 2527 sed
1497 2457 1824 2546 splendide
1890 2461 2202 2526 mentitur
2262 2479 2570 2547 generosa

219 2562 445 2643 puella,
492 2583 641 2630 nam
695 2565 782 2631 nil
830 2565 955 2631 tale
1004 2575 1117 2631 aut
1166 2563 1481 2630 inaudivit
1528 2572 1640 2631 aut
1688 2565 1911 2631 audire
1959 2567 2187 2652 potuit.

293 2666 563 2756 Scripsit
611 2671 692 2737 iis
741 2670 1138 2757 temporibus
1179 2670 1586 2747 Heliodorus,
1630 2670 1865 2758 quibus
1906 2690 1983 2736 ne
2028 2672 2370 2756 vestigium
2421 2675 2565 2757 qui-

219 2767 345 2838 dcm
412 2775 721 2861 pristinae
784 2775 1102 2842 libertatis
1163 2785 1301 2841 erat
1367 2775 1710 2861 reliquum.
1806 2774 2036 2842 Omnia
2098 2776 2440 2861 vergebant
2488 2776 2568 2842 ad

218 2881 574 2947 servitutem
626 2890 690 2946 et
735 2879 1084 2947 excusandi
1132 2901 1384 2948 errores
1433 2889 1618 2960 sunt,
1669 2881 1723 2944 si
1766 2881 1911 2967 quis
1950 2880 2190 2946 labitur
2229 2883 2292 2946 in
2329 2880 2570 2948 descri-

220 2978 422 3050 bendis
462 2985 579 3064 iis,
625 3005 789 3072 quae
831 3006 1035 3073 neque
1072 2987 1455 3074 experiendo
1491 2987 1789 3071 coguovit
1820 2994 1884 3057 et
1924 2984 2190 3071 legendo
2234 2985 2333 3052 vix
2379 3006 2570 3072 aegre

220 3104 583 3173 cognoscere
637 3093 869 3178 potuit.
968 3092 1036 3158 P.
1104 3096 1259 3160 237.
1313 3096 1399 3158 26
1451 3090 1827 3158 Heliodorus
1875 3091 2040 3157 serio
2091 3090 2353 3157 credere
2397 3090 2566 3158 vide·

224 3198 318 3258 tur
376 3194 570 3263 luisse
643 3195 913 3264 Athenis
983 3196 1303 3283 quoddam
1367 3206 1485 3265 τῶν
1545 3195 1965 3279 πολεμάρχων
2012 3195 2391 3282 collegium,
2455 3196 2566 3264 sed

225 3302 453 3385 turpius
500 3321 569 3367 se
621 3300 732 3367 dat
779 3323 840 3389 p.
872 3307 1028 3369 255.
1088 3308 1190 3369 15.
1283 3301 1517 3368 Narrat
1584 3301 1671 3368 ihi
1719 3301 1997 3368 Cnemon
2050 3300 2566 3369 adolescentulus

225 3401 609 3473 Atheniensis
670 3428 738 3474 se
790 3427 1029 3474 morem
1080 3427 1307 3495 gerere
1357 3406 1634 3473 noluisse
1685 3426 2027 3485 novercae,
2076 3426 2239 3493 quae
2290 3408 2566 3492 privigni

225 3527 413 3579 amore
457 3512 819 3601 deperiret,
884 3532 1226 3580 novercam
1287 3512 1455 3600 apud
1525 3513 1828 3579 maritum
1893 3511 2197 3577 detulisse
2249 3512 2566 3578 nefarium

226 3612 536 3685 Cnemouis
583 3638 908 3698 amorem,
949 3627 1164 3686 cetera
1212 3618 1431 3685 eodem
1485 3617 1667 3683 modo
1717 3637 1843 3704 quo
1889 3616 1966 3683 de
2016 3615 2305 3682 Phaedra
2354 3616 2566 3684 fabula

227 3730 322 3787 est.
411 3724 696 3792 Theseus
734 3722 1117 3811 personatus
1165 3744 1286 3789 non
1338 3723 1623 3789 continet
1672 3724 1871 3798 iram,
1922 3742 1993 3787 re
2035 3722 2302 3789 minime
2349 3723 2563 3809 explo-

228 3835 342 3892 rata
388 3827 586 3897 filium
636 3830 1020 3896 Cnemonem
1072 3830 1134 3896 iu
1184 3827 1437 3896 vincula
1488 3828 1751 3914 conjicit
1796 3834 1900 3907 et,
1968 3836 2299 3914 postquam
2353 3828 2565 3897 illuxit

227 3934 369 4017 rapit
412 3935 647 4021 injus.
716 3933 1132 4002 -Producitur
1195 3954 1343 4000 reus
1393 3935 1457 4000 in
1510 3935 1879 4001 concionem
1947 3934 2200 4020 populi,
2255 3953 2400 4001 nam
2452 3956 2566 4022 po·

227 4036 391 4118 pulus
449 4040 586 4127 ipse
640 4039 720 4107 de
775 4039 1090 4107 eiusmodi
1158 4040 1375 4106 causis
1437 4040 1811 4124 cognovisse
1859 4037 2142 4112 videtum
2192 4048 2346 4107 sunt
2391 4050 2568 4107 certe

227 4142 392 4210 verba
441 4145 791 4212 Heliodori:
840 4146 940 4211 ἐπὶ
978 4146 1082 4210 τὸν
1113 4146 1299 4225 δῆμον
1342 4141 1485 4224 ἦγε.
1562 4146 1905 4232 Postquam
1950 4151 2133 4232 pater
2174 4144 2564 4211 luculentam

230 4239 425 4315 babuit
479 4254 868 4327 orationem,
929 4252 1338 4339 Hippolytum
1410 4252 1438 4317 ὅ
1482 4252 1903 4331 γραμματεὺς
1969 4250 2246 4315 breviter
2292 4250 2560 4314 interro·

232 4360 356 4431 gat,
415 4358 694 4423 mittitur
756 4355 1029 4445 populus
1091 4358 1159 4423 in
1206 4354 1590 4442 suffragium
1655 4364 1720 4422 et
1790 4375 1941 4423 reus
2007 4355 2213 4442 patria
2281 4353 2559 4440 pellitur.
