<?xml version="1.0" encoding="UTF-8"?>
<!DOCTYPE html PUBLIC "-//W3C//DTD XHTML 1.0 Transitional//EN"
    "http://www.w3.org/TR/xhtml1/DTD/xhtml1-transitional.dtd">
<html xmlns="http://www.w3.org/1999/xhtml" xml:lang="en" lang="en">
 <head>
  <title>
</title>
<meta http-equiv="Content-Type" content="text/html;charset=utf-8" />
  <meta name='ocr-system' content='tesseract 3.04.00' />
  <meta name='ocr-capabilities' content='ocr_page ocr_carea ocr_par ocr_line ocrx_word'/>
</head>
<body>
  <div class='ocr_page' id='page_1' title='image "./mnemosynebiblio09servgoog/mnemosynebiblio09servgoog_0997.png"; bbox 0 0 2934 5050; ppageno 0'>
   <div class='ocr_carea' id='block_1_1' title="bbox 987 279 2624 349">
    <p class='ocr_par' dir='ltr' id='par_1_1' title="bbox 987 279 2624 349">
     <span class='ocr_line' id='line_1_1' title="bbox 987 279 2624 349; baseline -0.002 -1"><span class='ocrx_word' id='word_1_1' title='bbox 987 291 1094 348; x_wconf 76' lang='lat' dir='ltr'>AD&#39;</span> <span class='ocrx_word' id='word_1_2' title='bbox 1118 298 1385 349; x_wconf 69' lang='lat' dir='ltr'>eroum</span> <span class='ocrx_word' id='word_1_3' title='bbox 1429 297 1883 348; x_wconf 67' lang='lat' dir='ltr'>rnomnemnt.</span> <span class='ocrx_word' id='word_1_4' title='bbox 2489 279 2624 345; x_wconf 79' lang='lat'>425</span> 
     </span>
    </p>
   </div>
   <div class='ocr_carea' id='block_1_2' title="bbox 242 466 2637 3687">
    <p class='ocr_par' dir='ltr' id='par_1_2' title="bbox 242 466 2625 1393">
     <span class='ocr_line' id='line_1_2' title="bbox 246 466 2622 548; baseline -0.003 -10"><span class='ocrx_word' id='word_1_5' title='bbox 246 478 344 538; x_wconf 84' lang='lat' dir='ltr'>est</span> <span class='ocrx_word' id='word_1_6' title='bbox 388 476 455 538; x_wconf 86' lang='lat' dir='ltr'>in</span> <span class='ocrx_word' id='word_1_7' title='bbox 498 475 617 540; x_wconf 90' lang='lat' dir='ltr'>hoc</span> <span class='ocrx_word' id='word_1_8' title='bbox 659 472 798 537; x_wconf 85' lang='lat' dir='ltr'>loeo</span> <span class='ocrx_word' id='word_1_9' title='bbox 844 469 1234 535; x_wconf 85' lang='lat' dir='ltr'>emendando</span> <span class='ocrx_word' id='word_1_10' title='bbox 1279 469 1618 535; x_wconf 78' lang='lat' dir='ltr'>commissa</span> <span class='ocrx_word' id='word_1_11' title='bbox 1652 466 2136 548; x_wconf 75' lang='grc' dir='ltr'>’πάροιδιόρθωσις</span> <span class='ocrx_word' id='word_1_12' title='bbox 2176 468 2244 530; x_wconf 85' lang='lat' dir='ltr'>in</span> <span class='ocrx_word' id='word_1_13' title='bbox 2266 468 2478 533; x_wconf 85' lang='lat' dir='ltr'>verbis</span> <span class='ocrx_word' id='word_1_14' title='bbox 2500 491 2622 532; x_wconf 70' lang='lat' dir='ltr'>m-</span> 
     </span>
     <span class='ocr_line' id='line_1_3' title="bbox 245 571 2623 659; baseline -0.002 -18"><span class='ocrx_word' id='word_1_15' title='bbox 245 575 439 659; x_wconf 73' lang='grc' dir='ltr'><strong><em>ὀάπερ</em></strong></span> <span class='ocrx_word' id='word_1_16' title='bbox 484 579 571 645; x_wconf 73' lang='grc' dir='ltr'>τὰ.</span> <span class='ocrx_word' id='word_1_17' title='bbox 616 576 876 659; x_wconf 72' lang='grc' dir='ltr'><strong><em>ζώφυτά</em></strong></span> <span class='ocrx_word' id='word_1_18' title='bbox 923 574 1060 656; x_wconf 72' lang='grc' dir='ltr'><strong><em>περὶ</em></strong></span> <span class='ocrx_word' id='word_1_19' title='bbox 1105 576 1209 640; x_wconf 80' lang='grc' dir='ltr'>τὸν</span> <span class='ocrx_word' id='word_1_20' title='bbox 1255 577 1489 654; x_wconf 72' lang='grc' dir='ltr'><strong><em>πρᾶτον</em></strong></span> <span class='ocrx_word' id='word_1_21' title='bbox 1534 572 1733 654; x_wconf 79' lang='grc' dir='ltr'><strong><em>καιρὸν</em></strong></span> <span class='ocrx_word' id='word_1_22' title='bbox 1772 577 1893 645; x_wconf 72' lang='grc' dir='ltr'>τάς</span> <span class='ocrx_word' id='word_1_23' title='bbox 1933 571 2219 650; x_wconf 76' lang='grc' dir='ltr'>οιῦξήσιος</span> <span class='ocrx_word' id='word_1_24' title='bbox 2237 620 2255 647; x_wconf 85' lang='grc'><em>,</em></span> <span class='ocrx_word' id='word_1_25' title='bbox 2301 572 2415 637; x_wconf 86' lang='lat' dir='ltr'>ubi</span> <span class='ocrx_word' id='word_1_26' title='bbox 2456 572 2623 639; x_wconf 81' lang='lat' dir='ltr'>Mei-</span> 
     </span>
     <span class='ocr_line' id='line_1_4' title="bbox 242 676 2622 770; baseline -0.003 -20"><span class='ocrx_word' id='word_1_27' title='bbox 242 684 475 750; x_wconf 80' lang='lat' dir='ltr'>nekius</span> <span class='ocrx_word' id='word_1_28' title='bbox 533 704 647 770; x_wconf 87' lang='lat' dir='ltr'>pro</span> <span class='ocrx_word' id='word_1_29' title='bbox 692 680 950 762; x_wconf 77' lang='grc' dir='ltr'><strong><em>ζώφυτοι</em></strong></span> <span class='ocrx_word' id='word_1_30' title='bbox 992 683 1062 746; x_wconf 89' lang='lat' dir='ltr'>in</span> <span class='ocrx_word' id='word_1_31' title='bbox 1104 684 1356 746; x_wconf 86' lang='lat' dir='ltr'>textum</span> <span class='ocrx_word' id='word_1_32' title='bbox 1399 679 1638 763; x_wconf 90' lang='lat' dir='ltr'>recepit</span> <span class='ocrx_word' id='word_1_33' title='bbox 1684 676 1927 759; x_wconf 79' lang='grc' dir='ltr'><strong><em>ζωΰφιω</em></strong></span> <span class='ocrx_word' id='word_1_34' title='bbox 1945 725 1962 756; x_wconf 88' lang='grc'><em>,</em></span> <span class='ocrx_word' id='word_1_35' title='bbox 2025 676 2137 743; x_wconf 89' lang='lat' dir='ltr'>sed</span> <span class='ocrx_word' id='word_1_36' title='bbox 2179 676 2427 760; x_wconf 77' lang='grc' dir='ltr'>ζωΰφιά</span> <span class='ocrx_word' id='word_1_37' title='bbox 2471 684 2622 742; x_wconf 85' lang='lat' dir='ltr'>sunt</span> 
     </span>
     <span class='ocr_line' id='line_1_5' title="bbox 245 782 2621 870; baseline -0.002 -17"><span class='ocrx_word' id='word_1_38' title='bbox 245 787 525 863; x_wconf 71' lang='grc' dir='ltr'><strong><em>κώνωπες</em></strong></span> <span class='ocrx_word' id='word_1_39' title='bbox 542 835 559 866; x_wconf 88' lang='grc'><em>,</em></span> <span class='ocrx_word' id='word_1_40' title='bbox 605 786 861 865; x_wconf 71' lang='grc' dir='ltr'>ἕμπίδες</span> <span class='ocrx_word' id='word_1_41' title='bbox 902 790 966 858; x_wconf 84' lang='lat' dir='ltr'>et</span> <span class='ocrx_word' id='word_1_42' title='bbox 1010 787 1066 849; x_wconf 94' lang='lat' dir='ltr'>si</span> <span class='ocrx_word' id='word_1_43' title='bbox 1110 805 1270 870; x_wconf 86' lang='lat' dir='ltr'>quae</span> <span class='ocrx_word' id='word_1_44' title='bbox 1315 783 1478 848; x_wconf 89' lang='lat' dir='ltr'>aliae</span> <span class='ocrx_word' id='word_1_45' title='bbox 1523 789 1672 847; x_wconf 89' lang='lat' dir='ltr'>sunt</span> <span class='ocrx_word' id='word_1_46' title='bbox 1720 782 2023 849; x_wconf 76' lang='lat' dir='ltr'><strong>bestiolae</strong></span> <span class='ocrx_word' id='word_1_47' title='bbox 2073 783 2151 848; x_wconf 88' lang='lat' dir='ltr'>de</span> <span class='ocrx_word' id='word_1_48' title='bbox 2194 802 2424 870; x_wconf 79' lang='lat' dir='ltr'>genere</span> <span class='ocrx_word' id='word_1_49' title='bbox 2467 782 2588 849; x_wconf 89' lang='lat' dir='ltr'>hoc</span> <span class='ocrx_word' id='word_1_50' title='bbox 2602 830 2621 860; x_wconf 87' lang='lat'><em>,</em></span> 
     </span>
     <span class='ocr_line' id='line_1_6' title="bbox 246 886 2623 978; baseline -0.003 -20"><span class='ocrx_word' id='word_1_51' title='bbox 246 912 517 978; x_wconf 77' lang='lat' dir='ltr'>quarum</span> <span class='ocrx_word' id='word_1_52' title='bbox 561 893 630 956; x_wconf 74' lang='lat' dir='ltr'>in</span> <span class='ocrx_word' id='word_1_53' title='bbox 660 892 860 976; x_wconf 79' lang='lat' dir='ltr'>primo</span> <span class='ocrx_word' id='word_1_54' title='bbox 904 891 1259 955; x_wconf 71' lang='lat' dir='ltr'>incremento</span> <span class='ocrx_word' id='word_1_55' title='bbox 1302 907 1612 975; x_wconf 87' lang='lat' dir='ltr'>magnam</span> <span class='ocrx_word' id='word_1_56' title='bbox 1658 889 1970 953; x_wconf 87' lang='lat' dir='ltr'>rationem</span> <span class='ocrx_word' id='word_1_57' title='bbox 2004 886 2227 953; x_wconf 87' lang='lat' dir='ltr'>haberi</span> <span class='ocrx_word' id='word_1_58' title='bbox 2264 891 2376 952; x_wconf 88' lang='lat' dir='ltr'>aut</span> <span class='ocrx_word' id='word_1_59' title='bbox 2424 886 2623 952; x_wconf 88' lang='lat' dir='ltr'>solere</span> 
     </span>
     <span class='ocr_line' id='line_1_7' title="bbox 246 990 2624 1083; baseline -0.003 -21"><span class='ocrx_word' id='word_1_60' title='bbox 246 1000 362 1062; x_wconf 85' lang='lat' dir='ltr'>aut</span> <span class='ocrx_word' id='word_1_61' title='bbox 406 1001 690 1083; x_wconf 88' lang='lat' dir='ltr'>oportere</span> <span class='ocrx_word' id='word_1_62' title='bbox 735 997 878 1081; x_wconf 86' lang='lat' dir='ltr'>quis</span> <span class='ocrx_word' id='word_1_63' title='bbox 922 997 1084 1061; x_wconf 86' lang='lat' dir='ltr'>serio</span> <span class='ocrx_word' id='word_1_64' title='bbox 1130 990 1399 1059; x_wconf 77' lang='lat' dir='ltr'>dixerit?</span> <span class='ocrx_word' id='word_1_65' title='bbox 1458 992 1751 1059; x_wconf 76' lang='lat' dir='ltr'>Fortasse</span> <span class='ocrx_word' id='word_1_66' title='bbox 1796 993 2032 1058; x_wconf 79' lang='lat' dir='ltr'>excidit</span> <span class='ocrx_word' id='word_1_67' title='bbox 2069 992 2315 1077; x_wconf 82' lang='lat' dir='ltr'>aliquid</span> <span class='ocrx_word' id='word_1_68' title='bbox 2351 994 2420 1056; x_wconf 91' lang='lat' dir='ltr'>in</span> <span class='ocrx_word' id='word_1_69' title='bbox 2453 992 2624 1057; x_wconf 86' lang='lat' dir='ltr'>hunc</span> 
     </span>
     <span class='ocr_line' id='line_1_8' title="bbox 245 1095 2625 1181; baseline -0.002 -14"><span class='ocrx_word' id='word_1_70' title='bbox 245 1101 514 1167; x_wconf 87' lang='lat' dir='ltr'>modum</span> <span class='ocrx_word' id='word_1_71' title='bbox 577 1100 1078 1167; x_wconf 83' lang='lat' dir='ltr'>restituendum:</span> <span class='ocrx_word' id='word_1_72' title='bbox 1140 1098 1539 1177; x_wconf 72' lang='grc' dir='ltr'><strong><em>ποτιβλέπων</em></strong></span> <span class='ocrx_word' id='word_1_73' title='bbox 1601 1095 1863 1164; x_wconf 71' lang='grc' dir='ltr'><strong><em>ἅπαντα</em></strong></span> <span class='ocrx_word' id='word_1_74' title='bbox 1918 1098 2003 1164; x_wconf 74' lang='grc' dir='ltr'>τά</span> <span class='ocrx_word' id='word_1_75' title='bbox 2050 1098 2160 1164; x_wconf 78' lang='grc' dir='ltr'><strong><em>νέοι</em></strong></span> <span class='ocrx_word' id='word_1_76' title='bbox 2205 1103 2504 1181; x_wconf 70' lang='grc' dir='ltr'>φυλακᾶς</span> <span class='ocrx_word' id='word_1_77' title='bbox 2550 1122 2625 1163; x_wconf 91' lang='grc' dir='ltr'><strong><em>τε</em></strong></span> 
     </span>
     <span class='ocr_line' id='line_1_9' title="bbox 248 1201 2622 1286; baseline -0.002 -15"><span class='ocrx_word' id='word_1_78' title='bbox 248 1206 354 1271; x_wconf 74' lang='grc' dir='ltr'>καὶ</span> <span class='ocrx_word' id='word_1_79' title='bbox 416 1206 765 1283; x_wconf 70' lang='grc' dir='ltr'><strong><em>τάμε-λείως</em></strong></span> <span class='ocrx_word' id='word_1_80' title='bbox 826 1204 1088 1285; x_wconf 75' lang='grc' dir='ltr'><strong><em>δεόμενοι</em></strong></span> <span class='ocrx_word' id='word_1_81' title='bbox 1147 1204 1425 1284; x_wconf 71' lang='grc' dir='ltr'><strong><em>καθάπερ</em></strong></span> <span class='ocrx_word' id='word_1_82' title='bbox 1483 1203 1568 1268; x_wconf 77' lang='grc' dir='ltr'>τὰ</span> <span class='ocrx_word' id='word_1_83' title='bbox 1634 1201 1855 1284; x_wconf 79' lang='grc' dir='ltr'><strong><em>ζῶἵοι·</em></strong></span> <span class='ocrx_word' id='word_1_84' title='bbox 1891 1204 2025 1270; x_wconf 70' lang='grc' dir='ltr'>καὶ</span> <span class='ocrx_word' id='word_1_85' title='bbox 2070 1204 2169 1271; x_wconf 74' lang='grc' dir='ltr'>τὰ</span> <span class='ocrx_word' id='word_1_86' title='bbox 2217 1203 2439 1285; x_wconf 78' lang='grc' dir='ltr'><strong><em>Φυτοὶ</em></strong></span> <span class='ocrx_word' id='word_1_87' title='bbox 2487 1202 2622 1286; x_wconf 73' lang='grc' dir='ltr'><strong><em>περὶ</em></strong></span> 
     </span>
     <span class='ocr_line' id='line_1_10' title="bbox 248 1310 1398 1393; baseline -0.001 -19"><span class='ocrx_word' id='word_1_88' title='bbox 248 1310 353 1375; x_wconf 79' lang='grc' dir='ltr'>τὸν</span> <span class='ocrx_word' id='word_1_89' title='bbox 398 1314 633 1391; x_wconf 71' lang='grc' dir='ltr'><strong><em>πρᾶτον</em></strong></span> <span class='ocrx_word' id='word_1_90' title='bbox 677 1311 881 1393; x_wconf 68' lang='grc' dir='ltr'><strong><em>καιρὸν</em></strong></span> <span class='ocrx_word' id='word_1_91' title='bbox 927 1314 1046 1384; x_wconf 80' lang='grc' dir='ltr'>τὶἰς</span> <span class='ocrx_word' id='word_1_92' title='bbox 1091 1310 1398 1388; x_wconf 75' lang='grc' dir='ltr'>αὖξήσιος.</span> 
     </span>
    </p>

    <p class='ocr_par' dir='ltr' id='par_1_3' title="bbox 249 1414 2633 2555">
     <span class='ocr_line' id='line_1_11' title="bbox 339 1414 2625 1504; baseline -0 -24"><span class='ocrx_word' id='word_1_93' title='bbox 339 1414 483 1481; x_wconf 86' lang='lat' dir='ltr'>Duo</span> <span class='ocrx_word' id='word_1_94' title='bbox 527 1415 657 1481; x_wconf 88' lang='lat' dir='ltr'>alia</span> <span class='ocrx_word' id='word_1_95' title='bbox 699 1419 849 1481; x_wconf 85' lang='lat' dir='ltr'>sunt</span> <span class='ocrx_word' id='word_1_96' title='bbox 891 1419 959 1481; x_wconf 90' lang='lat' dir='ltr'>in</span> <span class='ocrx_word' id='word_1_97' title='bbox 1003 1416 1224 1483; x_wconf 90' lang='lat' dir='ltr'>eodem</span> <span class='ocrx_word' id='word_1_98' title='bbox 1270 1416 1631 1504; x_wconf 83' lang='lat' dir='ltr'>fragmento</span> <span class='ocrx_word' id='word_1_99' title='bbox 1676 1418 1842 1482; x_wconf 84' lang='lat' dir='ltr'>vitia</span> <span class='ocrx_word' id='word_1_100' title='bbox 1884 1436 2043 1500; x_wconf 89' lang='lat' dir='ltr'>quae</span> <span class='ocrx_word' id='word_1_101' title='bbox 2087 1414 2285 1481; x_wconf 87' lang='lat' dir='ltr'>semel</span> <span class='ocrx_word' id='word_1_102' title='bbox 2322 1414 2625 1500; x_wconf 88' lang='lat' dir='ltr'>deprensa</span> 
     </span>
     <span class='ocr_line' id='line_1_12' title="bbox 251 1519 2624 1609; baseline 0 -24"><span class='ocrx_word' id='word_1_103' title='bbox 251 1521 486 1608; x_wconf 87' lang='lat' dir='ltr'>corrigi</span> <span class='ocrx_word' id='word_1_104' title='bbox 542 1526 825 1607; x_wconf 78' lang='lat' dir='ltr'><strong>possunt.</strong></span> <span class='ocrx_word' id='word_1_105' title='bbox 905 1520 986 1609; x_wconf 25' lang='lat' dir='ltr'>In·</span> <span class='ocrx_word' id='word_1_106' title='bbox 1039 1541 1257 1588; x_wconf 82' lang='lat' dir='ltr'>severa</span> <span class='ocrx_word' id='word_1_107' title='bbox 1314 1519 1703 1608; x_wconf 78' lang='lat' dir='ltr'>legislatoris</span> <span class='ocrx_word' id='word_1_108' title='bbox 1762 1521 1843 1587; x_wconf 83' lang='lat' dir='ltr'>ad</span> <span class='ocrx_word' id='word_1_109' title='bbox 1903 1520 2273 1586; x_wconf 88' lang='lat' dir='ltr'>libidinosos</span> <span class='ocrx_word' id='word_1_110' title='bbox 2332 1519 2624 1585; x_wconf 88' lang='lat' dir='ltr'>homines</span> 
     </span>
     <span class='ocr_line' id='line_1_13' title="bbox 252 1622 2624 1714; baseline -0 -24"><span class='ocrx_word' id='word_1_111' title='bbox 252 1626 533 1691; x_wconf 78' lang='lat' dir='ltr'>oratione</span> <span class='ocrx_word' id='word_1_112' title='bbox 577 1647 744 1692; x_wconf 86' lang='lat' dir='ltr'>nune</span> <span class='ocrx_word' id='word_1_113' title='bbox 785 1626 1062 1714; x_wconf 86' lang='lat' dir='ltr'>legitur:</span> <span class='ocrx_word' id='word_1_114' title='bbox 1110 1626 1301 1704; x_wconf 76' lang='grc' dir='ltr'><strong><em>ἐγών,</em></strong></span> <span class='ocrx_word' id='word_1_115' title='bbox 1354 1622 1396 1689; x_wconf 81' lang='grc' dir='ltr'><em>ὦ</em></span> <span class='ocrx_word' id='word_1_116' title='bbox 1442 1624 1713 1705; x_wconf 78' lang='grc' dir='ltr'><strong><em>κράτιςοι</em></strong></span> <span class='ocrx_word' id='word_1_117' title='bbox 1760 1625 1982 1705; x_wconf 72' lang='grc' dir='ltr'><strong><em>ἀνδρῶν</em></strong></span> <span class='ocrx_word' id='word_1_118' title='bbox 2004 1675 2021 1703; x_wconf 89' lang='grc'><strong><em>,</em></strong></span> <span class='ocrx_word' id='word_1_119' title='bbox 2058 1663 2142 1674; x_wconf 90' lang='grc'>-</span> <span class='ocrx_word' id='word_1_120' title='bbox 2170 1623 2487 1703; x_wconf 70' lang='grc' dir='ltr'><strong><em>ὑπέλαβον</em></strong></span> <span class='ocrx_word' id='word_1_121' title='bbox 2533 1625 2624 1701; x_wconf 67' lang='grc' dir='ltr'>μὴ</span> 
     </span>
     <span class='ocr_line' id='line_1_14' title="bbox 250 1725 2623 1813; baseline -0.001 -18"><span class='ocrx_word' id='word_1_122' title='bbox 250 1728 571 1811; x_wconf 74' lang='grc' dir='ltr'>παρέργως</span> <span class='ocrx_word' id='word_1_123' title='bbox 630 1731 755 1797; x_wconf 76' lang='grc' dir='ltr'><strong><em>δεῖν</em></strong></span> <span class='ocrx_word' id='word_1_124' title='bbox 814 1732 1017 1796; x_wconf 74' lang='grc' dir='ltr'><strong><em>αὐτῶν</em></strong></span> <span class='ocrx_word' id='word_1_125' title='bbox 1076 1754 1158 1808; x_wconf 78' lang='grc' dir='ltr'><strong><em>με</em></strong></span> <span class='ocrx_word' id='word_1_126' title='bbox 1213 1729 1542 1813; x_wconf 79' lang='grc' dir='ltr'><strong><em>Φυλάσσεν</em></strong></span> <span class='ocrx_word' id='word_1_127' title='bbox 1589 1731 1706 1796; x_wconf 74' lang='grc' dir='ltr'>τὰν</span> <span class='ocrx_word' id='word_1_128' title='bbox 1750 1731 2083 1797; x_wconf 71' lang='grc' dir='ltr'><strong><em>ἀσθένειαν.</em></strong></span> <span class='ocrx_word' id='word_1_129' title='bbox 2155 1726 2313 1795; x_wconf 58' lang='lat' dir='ltr'>Ain*</span> <span class='ocrx_word' id='word_1_130' title='bbox 2345 1726 2534 1795; x_wconf 81' lang='lat' dir='ltr'>vero?</span> <span class='ocrx_word' id='word_1_131' title='bbox 2579 1725 2623 1792; x_wconf 83' lang='grc' dir='ltr'><em>ὦ</em></span> 
     </span>
     <span class='ocr_line' id='line_1_15' title="bbox 251 1832 2626 1920; baseline -0 -20"><span class='ocrx_word' id='word_1_132' title='bbox 251 1843 592 1904; x_wconf 76' lang='grc' dir='ltr'><strong><em>ΚΡΛΤιςοι</em></strong></span> <span class='ocrx_word' id='word_1_133' title='bbox 629 1834 853 1916; x_wconf 71' lang='grc' dir='ltr'><strong><em>ἀνδρῶν</em></strong></span> <span class='ocrx_word' id='word_1_134' title='bbox 873 1885 889 1900; x_wconf 93' lang='grc'><strong>.</strong></span> <span class='ocrx_word' id='word_1_135' title='bbox 935 1838 1069 1902; x_wconf 89' lang='lat' dir='ltr'>imo</span> <span class='ocrx_word' id='word_1_136' title='bbox 1106 1856 1258 1902; x_wconf 82' lang='lat' dir='ltr'>vero</span> <span class='ocrx_word' id='word_1_137' title='bbox 1282 1858 1535 1920; x_wconf 71' lang='lat' dir='ltr'>prorem</span> <span class='ocrx_word' id='word_1_138' title='bbox 1570 1836 1931 1900; x_wconf 73' lang='lat' dir='ltr'>contrarium</span> <span class='ocrx_word' id='word_1_139' title='bbox 1961 1832 2003 1899; x_wconf 83' lang='grc' dir='ltr'><strong><em>ὦ</em></strong></span> <span class='ocrx_word' id='word_1_140' title='bbox 2030 1843 2335 1904; x_wconf 71' lang='grc' dir='ltr'><strong><em>ΚΑΚιςοι.</em></strong></span> <span class='ocrx_word' id='word_1_141' title='bbox 2382 1832 2626 1900; x_wconf 83' lang='lat' dir='ltr'>Deinde</span> 
     </span>
     <span class='ocr_line' id='line_1_16' title="bbox 249 1931 2626 2030; baseline -0.001 -25"><span class='ocrx_word' id='word_1_142' title='bbox 249 1939 447 2006; x_wconf 82' lang='lat' dir='ltr'>iudex</span> <span class='ocrx_word' id='word_1_143' title='bbox 489 1943 584 2006; x_wconf 76' lang='lat' dir='ltr'>ita</span> <span class='ocrx_word' id='word_1_144' title='bbox 625 1943 840 2030; x_wconf 79' lang='lat' dir='ltr'>pergit</span> <span class='ocrx_word' id='word_1_145' title='bbox 883 1941 1125 2007; x_wconf 81' lang='lat' dir='ltr'>dicere:</span> <span class='ocrx_word' id='word_1_146' title='bbox 1177 1940 1352 2019; x_wconf 78' lang='grc' dir='ltr'><strong><em>ὑμεῖς</em></strong></span> <span class='ocrx_word' id='word_1_147' title='bbox 1406 1940 1561 2029; x_wconf 87' lang='lat' dir='ltr'>(leg.</span> <span class='ocrx_word' id='word_1_148' title='bbox 1614 1942 1790 2022; x_wconf 75' lang='grc' dir='ltr'><strong><em>ὑμὲς)</em></strong></span> <span class='ocrx_word' id='word_1_149' title='bbox 1839 1939 1902 2007; x_wconf 73' lang='grc' dir='ltr'>δέ</span> <span class='ocrx_word' id='word_1_150' title='bbox 1948 1942 2016 2019; x_wconf 84' lang='grc' dir='ltr'>γ’</span> <span class='ocrx_word' id='word_1_151' title='bbox 2059 1931 2114 2005; x_wconf 78' lang='grc' dir='ltr'>οἳ</span> <span class='ocrx_word' id='word_1_152' title='bbox 2162 1940 2471 2020; x_wconf 76' lang='grc' dir='ltr'><strong><em>ὅριγνῆσθε</em></strong></span> <span class='ocrx_word' id='word_1_153' title='bbox 2514 1963 2626 2004; x_wconf 81' lang='grc' dir='ltr'>σω-</span> 
     </span>
     <span class='ocr_line' id='line_1_17' title="bbox 250 2041 2627 2127; baseline -0 -18"><span class='ocrx_word' id='word_1_154' title='bbox 250 2048 534 2122; x_wconf 67' lang='grc' dir='ltr'>ματικάς</span> <span class='ocrx_word' id='word_1_155' title='bbox 597 2045 817 2119; x_wconf 78' lang='grc' dir='ltr'><strong><em>άδονᾶς</em></strong></span> <span class='ocrx_word' id='word_1_156' title='bbox 861 2083 945 2095; x_wconf 92' lang='grc'>-</span> <span class='ocrx_word' id='word_1_157' title='bbox 986 2048 1107 2125; x_wconf 78' lang='grc' dir='ltr'>οὐχ</span> <span class='ocrx_word' id='word_1_158' title='bbox 1165 2041 1257 2112; x_wconf 73' lang='grc' dir='ltr'>ὅτι</span> <span class='ocrx_word' id='word_1_159' title='bbox 1313 2045 1573 2127; x_wconf 87' lang='grc' dir='ltr'><strong><em>χάριτος</em></strong></span> <span class='ocrx_word' id='word_1_160' title='bbox 1638 2045 1672 2119; x_wconf 75' lang='grc' dir='ltr'>ἦ</span> <span class='ocrx_word' id='word_1_161' title='bbox 1736 2049 1930 2124; x_wconf 75' lang='grc' dir='ltr'><strong><em>τιμάς</em></strong></span> <span class='ocrx_word' id='word_1_162' title='bbox 1974 2044 2153 2111; x_wconf 72' lang='grc' dir='ltr'>ἀλλὰ</span> <span class='ocrx_word' id='word_1_163' title='bbox 2198 2044 2301 2109; x_wconf 71' lang='grc' dir='ltr'>καὶ</span> <span class='ocrx_word' id='word_1_164' title='bbox 2350 2044 2627 2125; x_wconf 76' lang='grc' dir='ltr'>μέμψιος</span> 
     </span>
     <span class='ocr_line' id='line_1_18' title="bbox 250 2148 2627 2236; baseline 0.001 -22"><span class='ocrx_word' id='word_1_165' title='bbox 250 2149 395 2215; x_wconf 74' lang='grc' dir='ltr'><strong><em>ποτὶ</em></strong></span> <span class='ocrx_word' id='word_1_166' title='bbox 439 2148 658 2216; x_wconf 79' lang='grc' dir='ltr'><strong><em>κολάσι</em></strong></span> <span class='ocrx_word' id='word_1_167' title='bbox 720 2149 965 2226; x_wconf 71' lang='grc' dir='ltr'>δικαίως</span> <span class='ocrx_word' id='word_1_168' title='bbox 1026 2152 1124 2219; x_wconf 79' lang='grc' dir='ltr'><strong><em>ε’ςὲ</em></strong></span> <span class='ocrx_word' id='word_1_169' title='bbox 1172 2149 1329 2227; x_wconf 76' lang='grc' dir='ltr'><strong><em>ἄξιοι</em></strong></span> <span class='ocrx_word' id='word_1_170' title='bbox 1368 2150 1712 2232; x_wconf 87' lang='grc' dir='ltr'><strong><em>τυγχάνεν.</em></strong></span> <span class='ocrx_word' id='word_1_171' title='bbox 1783 2149 2170 2236; x_wconf 68' lang='lat' dir='ltr'>scripserat:</span> <span class='ocrx_word' id='word_1_172' title='bbox 2219 2150 2477 2216; x_wconf 71' lang='grc' dir='ltr'>δίκαιΟῙ</span> <span class='ocrx_word' id='word_1_173' title='bbox 2525 2151 2627 2220; x_wconf 75' lang='grc' dir='ltr'>ἐςε</span> 
     </span>
     <span class='ocr_line' id='line_1_19' title="bbox 249 2254 2633 2342; baseline 0 -22"><span class='ocrx_word' id='word_1_174' title='bbox 249 2254 596 2337; x_wconf 81' lang='grc' dir='ltr'><strong><em>τυγχάνεν.</em></strong></span> <span class='ocrx_word' id='word_1_175' title='bbox 664 2255 795 2321; x_wconf 88' lang='lat' dir='ltr'>Ubi</span> <span class='ocrx_word' id='word_1_176' title='bbox 855 2256 1072 2323; x_wconf 72' lang='grc' dir='ltr'>δίκαιοι</span> <span class='ocrx_word' id='word_1_177' title='bbox 1133 2259 1203 2322; x_wconf 90' lang='lat' dir='ltr'>in</span> <span class='ocrx_word' id='word_1_178' title='bbox 1261 2258 1507 2330; x_wconf 68' lang='grc' dir='ltr'>δικαίως</span> <span class='ocrx_word' id='word_1_179' title='bbox 1569 2256 1986 2342; x_wconf 85' lang='lat' dir='ltr'>depravatum</span> <span class='ocrx_word' id='word_1_180' title='bbox 2052 2261 2148 2321; x_wconf 89' lang='lat' dir='ltr'>est</span> <span class='ocrx_word' id='word_1_181' title='bbox 2215 2257 2426 2322; x_wconf 90' lang='lat' dir='ltr'>nescio</span> <span class='ocrx_word' id='word_1_182' title='bbox 2489 2257 2633 2341; x_wconf 89' lang='lat' dir='ltr'>quis</span> 
     </span>
     <span class='ocr_line' id='line_1_20' title="bbox 251 2356 2631 2448; baseline 0.001 -24"><span class='ocrx_word' id='word_1_183' title='bbox 251 2356 411 2436; x_wconf 74' lang='grc' dir='ltr'><strong><em>ἄξιοι</em></strong></span> <span class='ocrx_word' id='word_1_184' title='bbox 458 2359 706 2425; x_wconf 80' lang='lat' dir='ltr'>addidit</span> <span class='ocrx_word' id='word_1_185' title='bbox 750 2360 827 2426; x_wconf 89' lang='lat' dir='ltr'>de</span> <span class='ocrx_word' id='word_1_186' title='bbox 869 2382 1006 2428; x_wconf 88' lang='lat' dir='ltr'>suo.</span> <span class='ocrx_word' id='word_1_187' title='bbox 1082 2362 1289 2442; x_wconf 83' lang='lat' dir='ltr'>Quam</span> <span class='ocrx_word' id='word_1_188' title='bbox 1331 2364 1546 2448; x_wconf 89' lang='lat' dir='ltr'>inepte</span> <span class='ocrx_word' id='word_1_189' title='bbox 1592 2362 1840 2427; x_wconf 86' lang='lat' dir='ltr'>dictum</span> <span class='ocrx_word' id='word_1_190' title='bbox 1879 2364 1966 2427; x_wconf 88' lang='lat' dir='ltr'>sit</span> <span class='ocrx_word' id='word_1_191' title='bbox 2004 2361 2247 2436; x_wconf 66' lang='grc' dir='ltr'>δικαίως</span> <span class='ocrx_word' id='word_1_192' title='bbox 2291 2362 2416 2440; x_wconf 76' lang='grc' dir='ltr'><strong><em>εἰμὶ</em></strong></span> <span class='ocrx_word' id='word_1_193' title='bbox 2461 2359 2631 2438; x_wconf 78' lang='grc' dir='ltr'><strong><em>ἄξιος</em></strong></span> 
     </span>
     <span class='ocr_line' id='line_1_21' title="bbox 252 2464 1713 2555; baseline 0.003 -26"><span class='ocrx_word' id='word_1_194' title='bbox 252 2464 549 2547; x_wconf 73' lang='grc' dir='ltr'>τιμωρίας</span> <span class='ocrx_word' id='word_1_195' title='bbox 597 2464 941 2546; x_wconf 85' lang='grc' dir='ltr'><strong><em>τυγχάνειν</em></strong></span> <span class='ocrx_word' id='word_1_196' title='bbox 985 2469 1419 2555; x_wconf 82' lang='lat' dir='ltr'>unusquisque</span> <span class='ocrx_word' id='word_1_197' title='bbox 1464 2470 1713 2534; x_wconf 90' lang='lat' dir='ltr'>sentiet.</span> 
     </span>
    </p>

    <p class='ocr_par' dir='ltr' id='par_1_4' title="bbox 253 2570 2637 3687">
     <span class='ocr_line' id='line_1_22' title="bbox 344 2570 2636 2661; baseline 0 -24"><span class='ocrx_word' id='word_1_198' title='bbox 344 2570 499 2637; x_wconf 81' lang='lat' dir='ltr'>Esse</span> <span class='ocrx_word' id='word_1_199' title='bbox 557 2571 674 2638; x_wconf 86' lang='lat' dir='ltr'>illa</span> <span class='ocrx_word' id='word_1_200' title='bbox 717 2571 1126 2661; x_wconf 83' lang='lat' dir='ltr'>Pythagorea</span> <span class='ocrx_word' id='word_1_201' title='bbox 1169 2578 1385 2640; x_wconf 86' lang='lat' dir='ltr'>omnia</span> <span class='ocrx_word' id='word_1_202' title='bbox 1430 2575 1647 2661; x_wconf 86' lang='lat' dir='ltr'>spuria</span> <span class='ocrx_word' id='word_1_203' title='bbox 1693 2580 1760 2641; x_wconf 90' lang='lat' dir='ltr'>et</span> <span class='ocrx_word' id='word_1_204' title='bbox 1802 2577 2129 2660; x_wconf 85' lang='lat' dir='ltr'>supposita</span> <span class='ocrx_word' id='word_1_205' title='bbox 2175 2579 2420 2640; x_wconf 87' lang='lat' dir='ltr'>constat</span> <span class='ocrx_word' id='word_1_206' title='bbox 2468 2576 2636 2638; x_wconf 87' lang='lat' dir='ltr'>inter</span> 
     </span>
     <span class='ocr_line' id='line_1_23' title="bbox 254 2676 2633 2764; baseline 0 -22"><span class='ocrx_word' id='word_1_207' title='bbox 254 2695 494 2742; x_wconf 87' lang='lat' dir='ltr'>omnes.</span> <span class='ocrx_word' id='word_1_208' title='bbox 548 2676 857 2752; x_wconf 74' lang='lat' dir='ltr'>Auctores</span> <span class='ocrx_word' id='word_1_209' title='bbox 893 2684 1044 2744; x_wconf 86' lang='lat' dir='ltr'>sunt</span> <span class='ocrx_word' id='word_1_210' title='bbox 1077 2679 1532 2745; x_wconf 86' lang='lat' dir='ltr'>homunciones</span> <span class='ocrx_word' id='word_1_211' title='bbox 1568 2682 1876 2764; x_wconf 83' lang='lat' dir='ltr'>sequioris</span> <span class='ocrx_word' id='word_1_212' title='bbox 1915 2681 2142 2745; x_wconf 86' lang='lat' dir='ltr'>aetatis</span> <span class='ocrx_word' id='word_1_213' title='bbox 2178 2700 2381 2764; x_wconf 86' lang='lat' dir='ltr'>neque</span> <span class='ocrx_word' id='word_1_214' title='bbox 2417 2700 2633 2744; x_wconf 88' lang='lat' dir='ltr'>rerum</span> 
     </span>
     <span class='ocr_line' id='line_1_24' title="bbox 254 2783 2634 2870; baseline 0.001 -24"><span class='ocrx_word' id='word_1_215' title='bbox 254 2783 608 2866; x_wconf 84' lang='lat' dir='ltr'>priscarum</span> <span class='ocrx_word' id='word_1_216' title='bbox 652 2802 855 2867; x_wconf 86' lang='lat' dir='ltr'>neque</span> <span class='ocrx_word' id='word_1_217' title='bbox 900 2785 1241 2850; x_wconf 83' lang='lat' dir='ltr'>verborum</span> <span class='ocrx_word' id='word_1_218' title='bbox 1287 2784 1474 2851; x_wconf 78' lang='lat' dir='ltr'>valde</span> <span class='ocrx_word' id='word_1_219' title='bbox 1518 2785 1732 2868; x_wconf 88' lang='lat' dir='ltr'>periti.</span> <span class='ocrx_word' id='word_1_220' title='bbox 1800 2783 2046 2870; x_wconf 88' lang='lat' dir='ltr'>Magna</span> <span class='ocrx_word' id='word_1_221' title='bbox 2089 2802 2326 2869; x_wconf 86' lang='lat' dir='ltr'>pompa</span> <span class='ocrx_word' id='word_1_222' title='bbox 2359 2784 2634 2850; x_wconf 76' lang='lat' dir='ltr'>vocabu-</span> 
     </span>
     <span class='ocr_line' id='line_1_25' title="bbox 253 2883 2634 2973; baseline 0.001 -22"><span class='ocrx_word' id='word_1_223' title='bbox 253 2883 468 2952; x_wconf 88' lang='lat' dir='ltr'>lorum</span> <span class='ocrx_word' id='word_1_224' title='bbox 523 2890 588 2950; x_wconf 89' lang='lat' dir='ltr'>et</span> <span class='ocrx_word' id='word_1_225' title='bbox 631 2886 982 2954; x_wconf 86' lang='lat' dir='ltr'>formarum</span> <span class='ocrx_word' id='word_1_226' title='bbox 1027 2889 1400 2956; x_wconf 88' lang='lat' dir='ltr'>Doricarum</span> <span class='ocrx_word' id='word_1_227' title='bbox 1447 2888 1663 2953; x_wconf 87' lang='lat' dir='ltr'>induti</span> <span class='ocrx_word' id='word_1_228' title='bbox 1706 2887 2010 2953; x_wconf 88' lang='lat' dir='ltr'>incedunt</span> <span class='ocrx_word' id='word_1_229' title='bbox 2025 2935 2043 2965; x_wconf 92' lang='lat'>‚</span> <span class='ocrx_word' id='word_1_230' title='bbox 2091 2887 2200 2953; x_wconf 90' lang='lat' dir='ltr'>sed</span> <span class='ocrx_word' id='word_1_231' title='bbox 2246 2889 2304 2952; x_wconf 89' lang='lat' dir='ltr'>si</span> <span class='ocrx_word' id='word_1_232' title='bbox 2349 2889 2491 2973; x_wconf 83' lang='lat' dir='ltr'>quis</span> <span class='ocrx_word' id='word_1_233' title='bbox 2536 2892 2634 2954; x_wconf 87' lang='lat' dir='ltr'>est</span> 
     </span>
     <span class='ocr_line' id='line_1_26' title="bbox 253 2989 2634 3080; baseline 0.002 -24"><span class='ocrx_word' id='word_1_234' title='bbox 253 2989 474 3077; x_wconf 77' lang='lat' dir='ltr'>paullo</span> <span class='ocrx_word' id='word_1_235' title='bbox 518 2994 934 3078; x_wconf 86' lang='lat' dir='ltr'>perspicacior</span> <span class='ocrx_word' id='word_1_236' title='bbox 975 2993 1163 3060; x_wconf 86' lang='lat' dir='ltr'>facile</span> <span class='ocrx_word' id='word_1_237' title='bbox 1209 2995 1326 3060; x_wconf 88' lang='lat' dir='ltr'>sub</span> <span class='ocrx_word' id='word_1_238' title='bbox 1371 2992 1626 3060; x_wconf 86' lang='lat' dir='ltr'>leonina</span> <span class='ocrx_word' id='word_1_239' title='bbox 1669 2993 1837 3080; x_wconf 90' lang='lat' dir='ltr'>pelle</span> <span class='ocrx_word' id='word_1_240' title='bbox 1882 2992 2191 3059; x_wconf 88' lang='lat' dir='ltr'>latentem</span> <span class='ocrx_word' id='word_1_241' title='bbox 2237 2995 2490 3059; x_wconf 85' lang='lat' dir='ltr'>asinum</span> <span class='ocrx_word' id='word_1_242' title='bbox 2531 2994 2634 3060; x_wconf 89' lang='lat' dir='ltr'>de-</span> 
     </span>
     <span class='ocr_line' id='line_1_27' title="bbox 253 3092 2634 3187; baseline 0.001 -27"><span class='ocrx_word' id='word_1_243' title='bbox 253 3095 619 3182; x_wconf 85' lang='lat' dir='ltr'>prehendet.</span> <span class='ocrx_word' id='word_1_244' title='bbox 688 3096 851 3163; x_wconf 89' lang='lat' dir='ltr'>Dius</span> <span class='ocrx_word' id='word_1_245' title='bbox 911 3119 967 3164; x_wconf 93' lang='lat' dir='ltr'>e.</span> <span class='ocrx_word' id='word_1_246' title='bbox 1035 3121 1087 3165; x_wconf 94' lang='lat' dir='ltr'>c.</span> <span class='ocrx_word' id='word_1_247' title='bbox 1150 3100 1442 3187; x_wconf 82' lang='lat' dir='ltr'>graviter-</span> <span class='ocrx_word' id='word_1_248' title='bbox 1496 3100 1589 3163; x_wconf 80' lang='lat' dir='ltr'>ita</span> <span class='ocrx_word' id='word_1_249' title='bbox 1650 3097 1837 3163; x_wconf 83' lang='lat' dir='ltr'>dicit:</span> <span class='ocrx_word' id='word_1_250' title='bbox 1904 3099 1956 3163; x_wconf 77' lang='grc' dir='ltr'>οἱ</span> <span class='ocrx_word' id='word_1_251' title='bbox 2003 3092 2071 3163; x_wconf 84' lang='grc' dir='ltr'><strong><em>εὖ</em></strong></span> <span class='ocrx_word' id='word_1_252' title='bbox 2116 3095 2398 3178; x_wconf 71' lang='grc' dir='ltr'><strong><em>ἔρξαντες</em></strong></span> <span class='ocrx_word' id='word_1_253' title='bbox 2444 3097 2634 3181; x_wconf 86' lang='grc' dir='ltr'><strong><em>χάριν</em></strong></span> 
     </span>
     <span class='ocr_line' id='line_1_28' title="bbox 256 3197 2630 3289; baseline 0.002 -23"><span class='ocrx_word' id='word_1_254' title='bbox 256 3197 462 3280; x_wconf 76' lang='grc' dir='ltr'><strong><em>ἔχοντι</em></strong></span> <span class='ocrx_word' id='word_1_255' title='bbox 524 3197 617 3266; x_wconf 74' lang='grc' dir='ltr'>ὅτι</span> <span class='ocrx_word' id='word_1_256' title='bbox 679 3202 785 3267; x_wconf 76' lang='grc' dir='ltr'>κω)</span> <span class='ocrx_word' id='word_1_257' title='bbox 849 3202 1016 3285; x_wconf 91' lang='lat' dir='ltr'>(dele</span> <span class='ocrx_word' id='word_1_258' title='bbox 1063 3204 1194 3289; x_wconf 76' lang='grc' dir='ltr'>καὶ)</span> <span class='ocrx_word' id='word_1_259' title='bbox 1247 3202 1580 3284; x_wconf 69' lang='grc' dir='ltr'><strong><em>ὑπέμεινάν</em></strong></span> <span class='ocrx_word' id='word_1_260' title='bbox 1627 3197 1693 3268; x_wconf 81' lang='grc' dir='ltr'><strong><em>εὖ</em></strong></span> <span class='ocrx_word' id='word_1_261' title='bbox 1739 3203 1931 3267; x_wconf 77' lang='grc' dir='ltr'><strong><em>ποιθὲν</em></strong></span> <span class='ocrx_word' id='word_1_262' title='bbox 1977 3204 2164 3269; x_wconf 80' lang='grc' dir='ltr'>ΠΛΡ’</span> <span class='ocrx_word' id='word_1_263' title='bbox 2212 3204 2434 3270; x_wconf 70' lang='grc' dir='ltr'><strong><em>αὐτῶν.</em></strong></span> <span class='ocrx_word' id='word_1_264' title='bbox 2507 3202 2630 3270; x_wconf 86' lang='lat' dir='ltr'>De-</span> 
     </span>
     <span class='ocr_line' id='line_1_29' title="bbox 256 3304 2635 3399; baseline 0.002 -28"><span class='ocrx_word' id='word_1_265' title='bbox 256 3307 530 3392; x_wconf 87' lang='lat' dir='ltr'>crepitae</span> <span class='ocrx_word' id='word_1_266' title='bbox 575 3304 957 3399; x_wconf 78' lang='lat' dir='ltr'>Graecitatis</span> <span class='ocrx_word' id='word_1_267' title='bbox 1002 3314 1098 3375; x_wconf 86' lang='lat' dir='ltr'>est</span> <span class='ocrx_word' id='word_1_268' title='bbox 1142 3309 1347 3376; x_wconf 87' lang='lat' dir='ltr'>dicere</span> <span class='ocrx_word' id='word_1_269' title='bbox 1391 3307 1458 3375; x_wconf 79' lang='grc' dir='ltr'><strong><em>εὖ</em></strong></span> <span class='ocrx_word' id='word_1_270' title='bbox 1525 3305 1806 3391; x_wconf 72' lang='grc' dir='ltr'><strong><em>πάσχειν</em></strong></span> <span class='ocrx_word' id='word_1_271' title='bbox 1847 3307 2018 3388; x_wconf 73' lang='grc' dir='ltr'><strong><em>παρά</em></strong></span> <span class='ocrx_word' id='word_1_272' title='bbox 2057 3331 2212 3382; x_wconf 86' lang='grc' dir='ltr'><strong><em>τινος</em></strong></span> <span class='ocrx_word' id='word_1_273' title='bbox 2238 3359 2256 3386; x_wconf 90' lang='grc'><strong><em>,</em></strong></span> <span class='ocrx_word' id='word_1_274' title='bbox 2306 3314 2371 3375; x_wconf 89' lang='lat' dir='ltr'>et</span> <span class='ocrx_word' id='word_1_275' title='bbox 2393 3311 2635 3375; x_wconf 91' lang='lat' dir='ltr'>nescire</span> 
     </span>
     <span class='ocr_line' id='line_1_30' title="bbox 257 3412 2637 3486; baseline 0.001 -10"><span class='ocrx_word' id='word_1_276' title='bbox 257 3415 325 3476; x_wconf 87' lang='lat' dir='ltr'>et</span> <span class='ocrx_word' id='word_1_277' title='bbox 381 3430 508 3476; x_wconf 90' lang='lat' dir='ltr'>non</span> <span class='ocrx_word' id='word_1_278' title='bbox 571 3415 804 3479; x_wconf 86' lang='lat' dir='ltr'>sentire</span> <span class='ocrx_word' id='word_1_279' title='bbox 850 3435 964 3479; x_wconf 89' lang='lat' dir='ltr'>cur</span> <span class='ocrx_word' id='word_1_280' title='bbox 1008 3412 1127 3480; x_wconf 79' lang='grc' dir='ltr'>ὑπό</span> <span class='ocrx_word' id='word_1_281' title='bbox 1178 3437 1335 3486; x_wconf 84' lang='grc' dir='ltr'><strong><em>τινος</em></strong></span> <span class='ocrx_word' id='word_1_282' title='bbox 1381 3417 1468 3479; x_wconf 91' lang='lat' dir='ltr'>sit</span> <span class='ocrx_word' id='word_1_283' title='bbox 1509 3415 1953 3480; x_wconf 86' lang='lat' dir='ltr'>necessarium.</span> <span class='ocrx_word' id='word_1_284' title='bbox 2025 3412 2152 3480; x_wconf 79' lang='lat' dir='ltr'>Sed</span> <span class='ocrx_word' id='word_1_285' title='bbox 2197 3412 2497 3481; x_wconf 77' lang='lat' dir='ltr'>Graeculi</span> <span class='ocrx_word' id='word_1_286' title='bbox 2539 3413 2637 3479; x_wconf 90' lang='lat' dir='ltr'>nil</span> 
     </span>
     <span class='ocr_line' id='line_1_31' title="bbox 256 3517 2632 3604; baseline 0.002 -24"><span class='ocrx_word' id='word_1_287' title='bbox 256 3517 601 3583; x_wconf 77' lang='lat' dir='ltr'>sentientes</span> <span class='ocrx_word' id='word_1_288' title='bbox 660 3519 858 3583; x_wconf 87' lang='lat' dir='ltr'>etiam</span> <span class='ocrx_word' id='word_1_289' title='bbox 917 3519 1179 3598; x_wconf 69' lang='grc' dir='ltr'>πληγὰς</span> <span class='ocrx_word' id='word_1_290' title='bbox 1234 3521 1459 3599; x_wconf 74' lang='grc' dir='ltr'><strong><em>λαβεῖν</em></strong></span> <span class='ocrx_word' id='word_1_291' title='bbox 1507 3517 1681 3601; x_wconf 71' lang='grc' dir='ltr'>παρά</span> <span class='ocrx_word' id='word_1_292' title='bbox 1728 3541 1886 3592; x_wconf 88' lang='grc' dir='ltr'><strong><em>τινος</em></strong></span> <span class='ocrx_word' id='word_1_293' title='bbox 1932 3521 2283 3586; x_wconf 83' lang='lat' dir='ltr'>rectissime</span> <span class='ocrx_word' id='word_1_294' title='bbox 2325 3520 2454 3585; x_wconf 84' lang='lat' dir='ltr'>dici</span> <span class='ocrx_word' id='word_1_295' title='bbox 2498 3521 2632 3604; x_wconf 89' lang='lat' dir='ltr'>opi-</span> 
     </span>
     <span class='ocr_line' id='line_1_32' title="bbox 257 3620 593 3687; baseline 0 -1"><span class='ocrx_word' id='word_1_296' title='bbox 257 3620 593 3687; x_wconf 83' lang='lat' dir='ltr'>nabantur.</span> 
     </span>
    </p>
   </div>
   <div class='ocr_carea' id='block_1_3' title="bbox 252 3828 2637 4444">
    <p class='ocr_par' dir='ltr' id='par_1_5' title="bbox 252 3828 2636 4231">
     <span class='ocr_line' id='line_1_33' title="bbox 347 3828 2635 3923; baseline 0.001 -27"><span class='ocrx_word' id='word_1_297' title='bbox 347 3828 547 3896; x_wconf 83' lang='lat' dir='ltr'>Nullo</span> <span class='ocrx_word' id='word_1_298' title='bbox 608 3836 865 3921; x_wconf 88' lang='lat' dir='ltr'>negotio</span> <span class='ocrx_word' id='word_1_299' title='bbox 924 3835 1215 3922; x_wconf 82' lang='lat' dir='ltr'>expletur</span> <span class='ocrx_word' id='word_1_300' title='bbox 1270 3837 1499 3904; x_wconf 86' lang='lat' dir='ltr'>lacuna</span> <span class='ocrx_word' id='word_1_301' title='bbox 1562 3833 1648 3901; x_wconf 83' lang='lat'>67</span> <span class='ocrx_word' id='word_1_302' title='bbox 1667 3882 1685 3913; x_wconf 89' lang='lat'><strong><em>,</em></strong></span> <span class='ocrx_word' id='word_1_303' title='bbox 1752 3833 1841 3899; x_wconf 82' lang='lat'>20</span> <span class='ocrx_word' id='word_1_304' title='bbox 1898 3854 2045 3923; x_wconf 89' lang='lat' dir='ltr'>pag.</span> <span class='ocrx_word' id='word_1_305' title='bbox 2094 3832 2138 3900; x_wconf 84' lang='lat'>4</span> <span class='ocrx_word' id='word_1_306' title='bbox 2158 3883 2176 3914; x_wconf 89' lang='lat'><strong><em>,</em></strong></span> <span class='ocrx_word' id='word_1_307' title='bbox 2223 3834 2341 3900; x_wconf 79' lang='lat'>24:</span> <span class='ocrx_word' id='word_1_308' title='bbox 2402 3835 2635 3915; x_wconf 73' lang='grc' dir='ltr'><strong><em>πότερα.</em></strong></span> 
     </span>
     <span class='ocr_line' id='line_1_34' title="bbox 257 3932 2635 4026; baseline 0.003 -26"><span class='ocrx_word' id='word_1_309' title='bbox 257 3936 544 4015; x_wconf 73' lang='grc' dir='ltr'><strong><em>προσήκει</em></strong></span> <span class='ocrx_word' id='word_1_310' title='bbox 590 3932 810 4007; x_wconf 63' lang='grc' dir='ltr'><strong><em>ἕκατον</em></strong></span> <span class='ocrx_word' id='word_1_311' title='bbox 833 3985 1033 4007; x_wconf 86' lang='grc'><strong>.....</strong></span> <span class='ocrx_word' id='word_1_312' title='bbox 1083 3950 1270 4008; x_wconf 76' lang='grc' dir='ltr'><strong><em>ποιεῖν</em></strong></span> <span class='ocrx_word' id='word_1_313' title='bbox 1314 3941 1418 4007; x_wconf 79' lang='grc' dir='ltr'>καὶ</span> <span class='ocrx_word' id='word_1_314' title='bbox 1465 3940 1553 4006; x_wconf 73' lang='grc' dir='ltr'>τὰ</span> <span class='ocrx_word' id='word_1_315' title='bbox 1597 3947 1715 4006; x_wconf 81' lang='grc' dir='ltr'>τῶν</span> <span class='ocrx_word' id='word_1_316' title='bbox 1760 3940 2001 4018; x_wconf 52' lang='lat' dir='ltr'>wizam</span> <span class='ocrx_word' id='word_1_317' title='bbox 2049 3961 2128 4006; x_wconf 84' lang='lat' dir='ltr'>ex</span> <span class='ocrx_word' id='word_1_318' title='bbox 2172 3942 2402 4006; x_wconf 83' lang='lat' dir='ltr'>vicinis</span> <span class='ocrx_word' id='word_1_319' title='bbox 2449 3961 2635 4026; x_wconf 86' lang='lat' dir='ltr'>appa-</span> 
     </span>
     <span class='ocr_line' id='line_1_35' title="bbox 255 4041 2636 4133; baseline 0.001 -26"><span class='ocrx_word' id='word_1_320' title='bbox 255 4046 357 4107; x_wconf 82' lang='lat' dir='ltr'>ret</span> <span class='ocrx_word' id='word_1_321' title='bbox 416 4041 757 4109; x_wconf 75' lang='lat' dir='ltr'>excidisse:</span> <span class='ocrx_word' id='word_1_322' title='bbox 821 4042 1051 4128; x_wconf 75' lang='grc' dir='ltr'><strong><em>πότεροι</em></strong></span> <span class='ocrx_word' id='word_1_323' title='bbox 1112 4046 1395 4129; x_wconf 73' lang='grc' dir='ltr'><strong><em>προσήκει</em></strong></span> <span class='ocrx_word' id='word_1_324' title='bbox 1456 4043 1678 4115; x_wconf 66' lang='grc' dir='ltr'><strong><em>ἔκαιε-ον</em></strong></span> <span class='ocrx_word' id='word_1_325' title='bbox 1743 4044 1852 4133; x_wconf 76' lang='grc' dir='ltr'>(τὰ</span> <span class='ocrx_word' id='word_1_326' title='bbox 1914 4047 2136 4111; x_wconf 74' lang='grc' dir='ltr'><strong><em>ἑαυτοῦ</em></strong></span> <span class='ocrx_word' id='word_1_327' title='bbox 2184 4043 2390 4126; x_wconf 68' lang='grc' dir='ltr'><strong><em>μόνον)</em></strong></span> <span class='ocrx_word' id='word_1_328' title='bbox 2447 4053 2636 4111; x_wconf 74' lang='grc' dir='ltr'><strong><em>ποιεῖν</em></strong></span> 
     </span>
     <span class='ocr_line' id='line_1_36' title="bbox 252 4143 1073 4231; baseline 0.006 -21"><span class='ocrx_word' id='word_1_329' title='bbox 252 4143 339 4210; x_wconf 84' lang='grc' dir='ltr'><em>Ἥ</em></span> <span class='ocrx_word' id='word_1_330' title='bbox 384 4145 490 4211; x_wconf 73' lang='grc' dir='ltr'>καὶ</span> <span class='ocrx_word' id='word_1_331' title='bbox 539 4145 625 4211; x_wconf 73' lang='grc' dir='ltr'>τὰ</span> <span class='ocrx_word' id='word_1_332' title='bbox 670 4153 789 4213; x_wconf 80' lang='grc' dir='ltr'>τῶν</span> <span class='ocrx_word' id='word_1_333' title='bbox 835 4150 1073 4231; x_wconf 72' lang='grc' dir='ltr'>πέλοιςς</span> 
     </span>
    </p>

    <p class='ocr_par' dir='ltr' id='par_1_6' title="bbox 262 4250 2637 4444">
     <span class='ocr_line' id='line_1_37' title="bbox 347 4250 2635 4343; baseline 0.002 -27"><span class='ocrx_word' id='word_1_334' title='bbox 347 4250 505 4316; x_wconf 85' lang='lat' dir='ltr'>Post</span> <span class='ocrx_word' id='word_1_335' title='bbox 561 4271 763 4336; x_wconf 82' lang='lat' dir='ltr'>pauca</span> <span class='ocrx_word' id='word_1_336' title='bbox 819 4276 968 4343; x_wconf 89' lang='lat' dir='ltr'>pag.</span> <span class='ocrx_word' id='word_1_337' title='bbox 1035 4257 1111 4336; x_wconf 89' lang='lat'>6,</span> <span class='ocrx_word' id='word_1_338' title='bbox 1169 4256 1225 4323; x_wconf 92' lang='lat' dir='ltr'>l.</span> <span class='ocrx_word' id='word_1_339' title='bbox 1293 4257 1425 4324; x_wconf 73' lang='grc' dir='ltr'>οὐδὲ</span> <span class='ocrx_word' id='word_1_340' title='bbox 1480 4256 1683 4337; x_wconf 74' lang='grc' dir='ltr'><strong><em>μήτηρ</em></strong></span> <span class='ocrx_word' id='word_1_341' title='bbox 1729 4256 1763 4332; x_wconf 79' lang='grc' dir='ltr'>ἣ</span> <span class='ocrx_word' id='word_1_342' title='bbox 1813 4257 2017 4336; x_wconf 68' lang='grc' dir='ltr'><strong><em>πατὴρ</em></strong></span> <span class='ocrx_word' id='word_1_343' title='bbox 2060 4261 2191 4321; x_wconf 81' lang='grc' dir='ltr'><strong><em>νοῦν</em></strong></span> <span class='ocrx_word' id='word_1_344' title='bbox 2236 4255 2398 4337; x_wconf 81' lang='grc' dir='ltr'><strong><em>ἔχων</em></strong></span> <span class='ocrx_word' id='word_1_345' title='bbox 2445 4254 2635 4329; x_wconf 73' lang='grc' dir='ltr'><strong><em>οὐδεὶς</em></strong></span> 
     </span>
     <span class='ocr_line' id='line_1_38' title="bbox 262 4355 2637 4444; baseline 0.001 -22"><span class='ocrx_word' id='word_1_346' title='bbox 262 4356 427 4434; x_wconf 79' lang='grc' dir='ltr'><strong><em>ἆξιοῖ</em></strong></span> <span class='ocrx_word' id='word_1_347' title='bbox 484 4355 776 4437; x_wconf 78' lang='grc' dir='ltr'><strong><em>Φίλτερος</em></strong></span> <span class='ocrx_word' id='word_1_348' title='bbox 822 4367 940 4426; x_wconf 82' lang='grc' dir='ltr'>τῶν</span> <span class='ocrx_word' id='word_1_349' title='bbox 998 4364 1216 4428; x_wconf 67' lang='grc' dir='ltr'><strong><em>ἑαυτοῦ</em></strong></span> <span class='ocrx_word' id='word_1_350' title='bbox 1260 4363 1482 4429; x_wconf 79' lang='grc' dir='ltr'><strong><em>τέκνων</em></strong></span> <span class='ocrx_word' id='word_1_351' title='bbox 1528 4369 1645 4428; x_wconf 79' lang='grc' dir='ltr'>τῶν</span> <span class='ocrx_word' id='word_1_352' title='bbox 1692 4362 2180 4444; x_wconf 73' lang='grc' dir='ltr'><strong><em>συνεζευγμένων</em></strong></span> <span class='ocrx_word' id='word_1_353' title='bbox 2228 4362 2439 4441; x_wconf 82' lang='grc' dir='ltr'><strong><em>γάμῳ.</em></strong></span> <span class='ocrx_word' id='word_1_354' title='bbox 2511 4361 2637 4426; x_wconf 80' lang='lat' dir='ltr'>Na-</span> 
     </span>
    </p>
   </div>
  </div>
 </body>
</html>
