2934 5050
331 249 461 313 276
1323 264 1697 317 pauonum.

332 436 553 502 cadere
609 442 876 523 possunt
933 458 1125 523 quam
1185 440 1256 503 in
1314 456 1499 525 reges
1559 430 2058 522 Spartanorum?
2133 433 2499 503 Herodotus
2564 432 2705 516 (m.

333 538 495 619 204)
538 543 679 614 τοὺς
726 541 1036 618 'Amatae
1084 548 1415 609 enumerat
1456 558 1612 618 111,
1661 545 1728 606 et
1765 538 1904 610 τοὺς
1942 539 2416 620 Εὐρυπωντίδας
2442 537 2711 604 totidem

336 645 503 726 (vm.
557 643 742 733 131.)
791 644 1008 729 Quum
1050 645 1207 713 haec
1251 646 1439 713 Plato
1487 645 1789 711 scriberet
1834 648 2015 708 erant
2055 661 2216 710 nir.

424 750 625 817 Vetus
666 751 977 818 mendum
1022 751 1270 818 obsidet
1311 751 1512 817 libros
1555 748 1846 816 Platonis
1893 767 2044 835 pag.
2097 745 2248 814 175.
2298 764 2356 814 c.
2404 747 2713 824 ἀδημονῶν

321 878 406 919 ,τε
449 854 555 920 καὶ
604 855 842 936 ἀπορῶν
889 857 994 921 καὶ
1038 855 1468 936 βαΡΒΛρίζων
1512 853 1770 932 γέλωτα
1821 853 2141 937 Θρᾴτταις
2188 852 2304 931 μὲν
2338 853 2407 917 οὖ
2445 851 2709 932 παρέχει

335 994 422 1009 —-·
445 967 575 1035 τοῖς
620 958 684 1026 δὲ
731 959 1013 1033 ἐναντίως
1052 961 1088 1036 ἦ
1128 963 1206 1033 ὥς
1246 957 1642 1040 ἀνδραπόδοις
1680 965 2008 1038 τραφεῖσιν
2045 956 2305 1023 ἅπασιν.
2351 956 2468 1023 Nil
2500 962 2715 1023 mutat

331 1063 755 1143 lamblichus,
802 1064 914 1131 sed
956 1080 1072 1150 pro
1118 1065 1388 1132 absurdo
1432 1062 1827 1144 βαρβαρίζων
1872 1063 2033 1129 olim
2077 1062 2360 1130 Pierson.
2410 1062 2491 1129 ad
2536 1061 2713 1128 Moe-
2768 1134 2775 1139 ,

333 1164 453 1234 rid.
502 1190 648 1258 pag.
704 1166 857 1236 197.
904 1169 1161 1237 Platoni
1202 1190 1394 1235 suum
1439 1168 1839 1249 βατταρίζων
1882 1167 2181 1235 reddidit.

423 1273 628 1341 Miror
660 1271 1108 1340 Heindorfium
1143 1272 1543 1356 βαρβαρίζων
1581 1276 1781 1339 tueri:
1830 1273 2130 1339 omnibus
2169 1274 2343 1338 enim
2378 1258 2709 1356 locis-qum

335 1377 559 1444 attulit
617 1379 856 1445 dicitur
899 1378 978 1443 de
1016 1380 1100 1445 iis
1144 1381 1258 1464 qui
1300 1377 1472 1445 male
1517 1375 1758 1443 Graece
1802 1376 2244 1462 loquebantur.
2316 1376 2378 1443 N
2381 1397 2526 1443 emo
2568 1376 2711 1448 οἰδη·

333 1489 525 1559 μονῶν
584 1506 654 1548 τε
714 1483 820 1548 καὶ
883 1485 1119 1564 ἀπορῶν
1180 1504 1332 1549 suae
1389 1482 1653 1571 linguae
1713 1503 1909 1548 usum
1968 1484 2238 1549 amittit.
2327 1481 2390 1547 N
2393 1481 2712 1546 otabimus

334 1593 551 1653 autem
595 1593 734 1653 tam
778 1594 1070 1674 apertum
1116 1607 1391 1653 errorem
1434 1589 1570 1653 iam
1612 1589 1681 1651 in
1724 1586 1909 1653 libris
1953 1585 2295 1653 Iamblicbi
2336 1587 2619 1671 reperiri.

350 1740 356 1755 .
424 1688 886 1779 Perantiquum
942 1696 1105 1760 item
1164 1694 1403 1759 vitium
1462 1692 1625 1758 latet
1685 1693 1755 1757 in
1817 1711 1952 1777 sqq.
2001 1686 2044 1773 ᾧ
2093 1691 2474 1768 ὥνεμέσητον
2519 1692 2711 1765 εὐήθει

333 1798 524 1864 δοκεῖν
581 1797 687 1862 καὶ
751 1798 944 1864 οὖδενῙ
1006 1795 1185 1864 εἶναι.
1278 1797 1672 1863 lamblichus
1747 1816 2000 1881 quoque
2058 1796 2287 1862 habet:
2350 1797 2459 1860 καὶ
2524 1796 2710 1862 οὐδενὶ

333 1900 487 1969 εἶναι
504 1952 524 1978 ,
586 1903 698 1970 sed
750 1909 1040 1969 constans
1088 1907 1155 1968 et
1197 1907 1506 1988 perpetua
1546 1899 1937 1968 Graecorum
1982 1902 2273 1967 omnium
2322 1902 2714 1968 consuetudo

332 2008 614 2094 postulat
655 2014 731 2073 ut
775 2007 939 2073 οὐδέν
983 2028 1096 2094 pro
1142 2007 1334 2072 οὐδενί
1377 2011 1745 2091 reponatur,
1797 2010 1872 2071 ut
1914 2012 2085 2072 reete
2131 2008 2202 2071 in
2245 2005 2583 2072 Meum
2624 2006 2716 2073 le·

333 2115 513 2200 gitur
555 2133 703 2200 pag.
750 2110 901 2178 247.
951 2126 1015 2177 n.
1068 2113 1160 2198 (et
1205 2111 1374 2196 apud
1416 2109 1646 2176 Iambl.
1687 2130 1833 2198 pag.
1883 2108 2070 2196 268.)
2112 2110 2278 2188 οὶνδρὶ
2325 2111 2574 2191 οἰομένῳ
2623 2119 2713 2176 T1

334 2214 492 2285 εἶναι
538 2220 643 2284 οὐκ
688 2216 812 2285 ἔςιν
843 2218 1106 2295 ,αἴσχιον
1152 2215 1347 2288 οὐδέν.
1393 2220 1459 2281 et
1504 2217 1763 2300 passim.
1803 2214 1937 2280 vid.
1974 2214 2292 2281 Mnemos.
2322 2213 2523 2280 1874.
2564 2237 2714 2303 pag.

337 2322 489 2388 159.
559 2323 788 2389 Mirati
844 2318 1146 2388 Graeculi
1206 2320 1399 2396 εὖήθει
1462 2325 1528 2386 et
1588 2317 1754 2385 οὐδέν
1798 2323 2095 2406 componi
2138 2321 2437 2386 dativum
2482 2322 2721 2387 substi-

335 2433 614 2494 tuerunt.

423 2533 758 2619 Deprensis
802 2535 934 2598 iam
979 2537 1077 2600 tot
1121 2531 1528 2599 emblematis
1573 2533 1642 2597 in
1677 2530 1862 2598 libris
1897 2534 2292 2618 perantiquis
2328 2535 2723 2618 suspicacior

331 2639 535 2705 factus
593 2639 838 2704 furtum
899 2639 1343 2704 huiuscemodi
1393 2638 1859 2705 animadvertes
1903 2658 2053 2725 pag.
2106 2637 2257 2703 175.
2305 2657 2367 2703 n.
2414 2640 2719 2716 αναβαλ·

330 2744 543 2808 λεσθαι
592 2742 655 2807 δὲ
700 2744 808 2808 οὐκ
854 2743 1224 2821 ἐπιςαμένου
1269 2740 1546 2818 ἐπιδέξια
1592 2740 1931 2821 ἐλευθέρως.
1987 2742 2178 2809 Plato
2215 2745 2390 2809 enim
2430 2741 2717 2818 ἐπιδέξια

330 2854 585 2913 tantum
644 2847 892 2914 dixerat
950 2854 1016 2913 et
1057 2846 1290 2913 sciolus
1332 2849 1546 2914 nescio
1592 2849 1737 2932 quis
1780 2847 2098 2926 ἐλευθέρως
2145 2847 2227 2913 de
2270 2868 2386 2914 suo
2429 2847 2711 2913 addidit.

326 2952 634 3018 Eiusdem
696 2952 976 3019 hominis
1042 2956 1139 3017 est
1200 2951 1279 3017 ad
1343 2958 1603 3035 Θρᾷττα
1664 2951 2017 3018 adscribere
2077 2952 2429 3028 θεραπαινίς
2498 2959 2565 3019 et
2629 2954 2723 3022 ad.

327 3056 604 3134 ἐπιδέξια
648 3056 986 3136 ἐλευθέρως.
1055 3057 1117 3122 Ν
1120 3076 1199 3122 011
1246 3056 1435 3123 aliter
1478 3063 1696 3121 tamen
1740 3057 1810 3121 in
1854 3055 2196 3122 Ian-blichi
2234 3056 2419 3123 libris
2455 3056 2721 3144 legeba-

329 3168 468 3237 tur,
517 3181 641 3226 non
688 3160 873 3226 aliter
916 3162 986 3224 in
1027 3158 1313 3226 Pochis
1357 3160 1408 3226 1.
1463 3160 1629 3225 159:
1677 3166 1855 3226 erant
1899 3162 2074 3226 enim
2120 3160 2277 3228 haec
2321 3161 2721 3228 emblemata

328 3267 652 3352 aliquanto
696 3265 798 3331 his
842 3264 1139 3332 omnibus
1182 3267 1562 3351 antiquiora.

416 3370 573 3435 Post
630 3390 834 3454 pauca
889 3390 1035 3456 pag.
1087 3368 1235 3434 175.
1283 3389 1349 3434 Α.
1415 3370 1587 3450 ὀρθῶς
1653 3369 1919 3447 ὑμνῆσαι
1984 3368 2123 3435 θεῶν
2186 3395 2259 3435 τε
2316 3370 2423 3435 καὶ
2481 3372 2715 3448 ἀνδρῶν

327 3473 697 3552 εὐδαιμόνων
740 3475 877 3552 βίον
927 3475 1204 3559 [ἀληθῆ]
1277 3473 1436 3539 Dele
1481 3475 1703 3549 ἄληθῆ.
1776 3473 1994 3542 Habet
2028 3478 2094 3539 et
2129 3473 2555 3553 Iamblichus‚
2593 3477 2715 3543 sed

327 3584 475 3647 ante
531 3578 961 3645 Iamblichum
1022 3578 1255 3663 aliquis
1313 3579 1585 3663 probans
1643 3577 1921 3644 Socratis
1978 3578 2229 3644 dictum
2286 3583 2355 3646 in
2401 3602 2512 3648 ora
2550 3581 2715 3648 libri

325 3684 765 3769 adscripscrat:
827 3683 1045 3758 ἀληθῆ.
1117 3682 1314 3749 Recte
1372 3684 1648 3760 iudicat,
1699 3684 1809 3750 sed
1852 3686 2068 3768 inepte
2112 3684 2233 3750 hoc
2277 3687 2406 3771 ipsi
2448 3685 2713 3752 Platoni

324 3788 711 3855 obtruditur.
783 3786 974 3852 Hunc
1035 3788 1249 3874 ipsum
1308 3787 1597 3855 Platonis
1657 3788 1873 3854 locum
1937 3789 2298 3854 describens
2340 3790 2715 3857 Athenaeus

324 3913 475 3980 pag.
536 3889 647 3956 21.
714 3910 755 3956 Β
839 3892 994 3957 haec
1053 3892 1263 3958 dedit:
1323 3892 1540 3958 πάντα
1601 3893 1963 3970 δυναμένους
2023 3892 2203 3968 ὀξέως
2250 3919 2322 3960 τε
2369 3896 2475 3959 καὶ
2526 3903 2711 3974 τορῶς

325 3996 652 4074 διακονεῖν,
698 3994 1176 4074 ἀναβάλλεσθαι
1226 3995 1290 4060 δὲ
1327 3998 1436 4062 οὐκ
1477 3998 1879 4074 ἐπιςαμένους
1921 3996 2179 4073 ἐπιδέξι’
2222 3999 2541 4081 ἐλευθέρως
2580 4001 2713 4066 οὐδ’

324 4100 617 4182 ἁρμονίαν
671 4101 874 4178 λόγων
920 4100 1204 4177 λαβόντα
1251 4103 1424 4181 ὀρθῶς
1474 4104 1738 4178 ὑμνῆσαι
1786 4106 1928 4167 θεῶν
1975 4126 2045 4166 τε
2094 4103 2198 4167 καὶ
2247 4104 2571 4184 ἀνθρώπων
2612 4108 2711 4171 εὖ·

327 4205 625 4283 δαιμόνων
685 4207 843 4284 βίον.
928 4205 1122 4272 Recte
1176 4207 1372 4282 ἀληθῆ
1421 4209 1702 4285 omittit,
1751 4206 1863 4273 sed
1907 4207 2223 4287 ἐλευθέρως
2270 4210 2408 4274 iam
2450 4215 2599 4274 tum
2645 4212 2715 4276 in

327 4316 578 4377 textum
601 4313 951 4395 irrepserat.
979 4312 1167 4394 Apud
1189 4311 1677 4396 Aristophanem
1701 4316 1810 4377 Av.
1848 4310 2041 4378 1567.
2069 4333 2235 4378 nunc
2258 4318 2431 4382 recte
2454 4312 2715 4381 editur:
