2934 5050
316 260 443 324 164
1328 278 1669 328 noumca.

632 448 722 526 μή
771 471 837 514 νυ
883 471 943 511 τι
990 454 1098 513 σεῦ
1144 448 1360 522 οὶέκητι
1408 446 1606 525 δόμων
1655 447 1723 512 έκ
1767 452 1982 524 κτῆμα
2028 445 2316 529 Φέρηται.

315 553 530 618 ἀθετεῖ
582 552 992 632 ἈριςοΦοὶνης
1054 553 1154 618 ἐπὶ
1219 552 1625 635 σμικρολογία
1694 557 2035 624 παντελῶς.
2147 550 2372 638 Odyss.
2430 563 2507 618 Ο.
2571 551 2690 619 82.

316 654 649 722 Menelaus
694 656 775 721 ad
818 654 1275 721 Telemachum
1317 659 1412 722 ita
1452 657 1645 721 dicit:

629 759 794 829 ἄςεα
842 758 894 824 δ’
939 761 1257 839 ἀνθρώπων
1303 761 1659 838 ἡγήσομαι·
1709 760 1841 826 οὐδέ
1887 784 1981 831 τις
2030 759 2230 837 ήμέας

631 863 835 937 αὔτως
881 863 1253 942 ἀππέμψει,
1303 864 1473 929 δώσει
1523 864 1588 929 δέ
1631 888 1720 929 τοι
1767 861 1830 928 ἔν
1873 889 1953 942 γε
1999 864 2318 945 Φέρεσθαι.

407 968 742 1035 Scholion:
804 969 910 1034 καὶ
972 974 1183 1034 ταῦτα
1246 972 1497 1048 α’πρεπῆ
1557 968 1948 1034 διδάσκεσθαι
2012 971 2155 1050 πρὸς
2207 968 2535 1035 Μενελάου
2581 970 2694 1034 τὸν

318 1072 708 1155 Τηλέμαχον
751 1076 1073 1141 Ἐπαιτεῖν
1120 1077 1525 1155 (mendicare).
1596 1071 1695 1140 Cf.
1733 1073 2048 1140 Mnemos.
2101 1071 2296 1139 1873.
2338 1094 2488 1161 pag.
2529 1072 2596 1138 6.

400 1177 628 1266 Odyss.
680 1188 757 1243 0.
806 1177 914 1245 88.
1811 1265 1818 1271 .

626 1283 943 1361 βούλομαι
991 1284 1099 1360 ήδη
1142 1286 1371 1351 νεῖσθαι
1420 1285 1525 1363 ἐφ’
1574 1274 1880 1362 ἡμέτερα.
1932 1322 2018 1332 -

628 1387 720 1463 μη
765 1387 988 1467 πατέρ’
1040 1389 1309 1453 ἀντίθεον
1355 1388 1668 1469 διζήμενος
1713 1388 1902 1471 αὐτὸς
1948 1386 2223 1463 ὄλωμαι,

628 1492 664 1568 ἥ
711 1491 777 1555 τί
814 1516 917 1570 μοι
964 1494 1032 1559 ἐκ
1075 1492 1368 1572 μεγαρων
1414 1497 1726 1568 κειμήλιον
1770 1491 1981 1557 ἐσθλὸν
2024 1491 2265 1567 ὄληται.

404 1593 736 1661 Scholion:
795 1598 981 1669 αὐτὸς
1042 1596 1392 1675 ὅλωμαιε
1451 1599 1592 1663 ἀντὶ
1640 1601 1745 1665 τοῦ
1792 1599 1896 1662 τὸν
1938 1597 2075 1675 βίον
2119 1620 2240 1673 μου
2287 1596 2694 1663 ἀπολέσω.

310 1704 491 1765 τοῦτο
524 1699 586 1765 δὲ
610 1701 1027 1778 αγνοήσαντές
1065 1726 1222 1775 τινες
1260 1703 1631 1783 προσέθηκαν
1665 1703 1769 1768 τὸν
1808 1700 1967 1780 ἑξῆς.
2009 1722 2161 1766 nam
2197 1704 2291 1765 sic
2310 1701 2692 1789 legendum.

311 1801 408 1870 Of.
455 1803 769 1871 Mnemos.
822 1803 1015 1872 1873.
1059 1828 1206 1894 pag.
1257 1807 1317 1873 7.

588 1909 648 1995 (ἦ
695 1910 761 1974 τί
805 1933 909 1987 μοι
956 1911 1023 1977 ἐκ
1068 1911 1359 1992 μεγάρων
1406 1914 1719 1990 κειμήλιον
1768 1911 1978 1975 ἐσθλὸν
2017 1910 2264 1995 ὄληται)

311 2010 348 2077 δ’
390 2014 480 2082 ε’ςι
527 2014 969 2095 σμικρολόγου,
1010 2017 1091 2089 ὥς
1137 2016 1548 2099 Ἀριςοφανης
1592 2015 1806 2097 Φησίν.
1900 2014 2127 2101 Odyss.
2176 2023 2254 2079 Σ.
2296 2012 2454 2078 281.

1007 2122 1273 2198 γήθησεν
1319 2122 1380 2186 δὲ
1427 2120 1747 2194 πολυτλας
1793 2118 1913 2192 δῖος
1961 2118 2303 2190 Ὀδυσσεύς

629 2221 847 2290 οὕνεκα
891 2230 1009 2289 τῶν
1054 2226 1169 2301 μὲν
1214 2226 1414 2306 δῶρα
1485 2224 1969 2305 παρέλκετο.

401 2326 733 2395 Scholion:
781 2328 1027 2401 εὐτελὲς
1072 2333 1269 2395 τοῦτο.
1318 2328 1404 2393 διὸ
1452 2326 1557 2393 καὶ
1607 2327 1912 2421 κεραύνιον
1958 2326 2292 2409 παρέθηκεν
2337 2328 2693 2410 Ἄρις-σφά-

313 2456 435 2506 νης.
531 2433 739 2513 Quam
796 2434 1083 2499 multum
1139 2434 1253 2500 ffle
1297 2434 1515 2500 aberat
1559 2434 1638 2498 ab
1684 2431 2062 2498 Homericae
2107 2434 2336 2499 aetatis
2379 2431 2690 2499 candore!

313 2540 742 2625 Antiquomm
786 2539 1167 2625 simplicitas
1212 2560 1335 2605 non
1380 2538 1605 2615 fallax,
1653 2559 1777 2605 non
1821 2540 2071 2605 erudita
2115 2538 2384 2605 artificio
2421 2540 2696 2605 simula·

311 2644 504 2708 tionis
544 2643 708 2709 dona
746 2649 811 2709 et
846 2665 1113 2710 munera
1148 2665 1271 2709 non
1302 2645 1521 2708 minus
1549 2643 1842 2708 lubenter
1862 2644 2210 2728 accipiebat
2232 2664 2428 2728 quam
2452 2644 2684 2710 dabat:

310 2747 418 2813 secl
465 2751 887 2836 grammatico
930 2751 998 2813 in
1044 2748 1190 2816 aula
1230 2750 1411 2835 regia
1453 2749 1680 2832 opibus
1723 2746 2008 2812 affluenti
2045 2749 2384 2811 indecorum
2424 2748 2687 2815 videtur

309 2854 565 2939 regium
622 2856 919 2920 iuvenem
965 2874 1004 2918 a
1046 2874 1196 2939 rege
1248 2851 1542 2918 Menelao
1587 2854 1921 2916 mendicare
1975 2854 2174 2917 doceri
2189 2901 2208 2929 ,
2271 2854 2553 2919 ἐπαιτεῖν
2597 2853 2690 2919 δι·

311 2954 681 3021 δάσκεσθαιέ
749 2956 993 3022 Metuit
1049 2955 1467 3022 Telemachus
1527 2977 1606 3022 ne
1665 2978 1789 3043 qua
1845 2958 1973 3022 sibi
2031 2961 2307 3044 pretiosa
2348 2956 2690 3043 suppellex

308 3060 497 3126 domo
558 3061 882 3127 auferatur
936 3082 1011 3126 ac
1069 3066 1317 3146 pereat:
1379 3062 1619 3142 angusti
1678 3062 1867 3125 animi
1922 3060 2383 3144 (σμικρολόγου)
2429 3062 2690 3128 homini

310 3162 518 3229 aulico
560 3163 673 3229 ille
717 3171 930 3230 metus
975 3186 1108 3230 esse
1150 3165 1424 3230 videtur.
1495 3164 1902 3230 Ptolemaeus
1944 3166 2205 3251 quidem
2247 3165 2418 3232 nihil
2459 3167 2690 3232 huius-

311 3268 560 3333 cemodi
622 3270 970 3334 metuebat.
1079 3267 1392 3353 Penelope
1455 3290 1495 3334 a
1546 3271 1751 3355 procis
1817 3272 1981 3353 petit
2045 3288 2312 3336 munera
2372 3276 2439 3336 et
2492 3271 2522 3336 δ
2565 3273 2692 3347 μὲν

306 3372 645 3444 Ὀδυσσεὺς
682 3374 999 3452 ἐγήθησεν,
1033 3374 1063 3439 δ
1105 3375 1167 3439 δὲ
1207 3373 1619 3455 Ἀρις-οφοένης
1659 3373 2045 3452 δυσχεραίνει
2081 3380 2147 3440 et
2183 3376 2432 3448 εὐτελὲς
2471 3381 2687 3449 τοῦτο.

305 3479 537 3563 inquit.
600 3478 846 3550 εὐτελὲς
907 3477 985 3543 ἂν
1030 3474 1098 3553 ἦν
1144 3481 1200 3543 si
1244 3477 1311 3543 id
1355 3477 1655 3544 Berenice
1705 3477 1921 3563 aliqua
1965 3486 2076 3544 aut
2119 3481 2386 3546 Arsinoe
2431 3480 2692 3546 fecisset

307 3584 593 3671 Aegypti
634 3586 876 3669 regina.
970 3583 1273 3648 Eiusdem
1321 3586 1570 3669 generis
1617 3588 1681 3648 et
1725 3583 1805 3648 ab
1847 3583 2068 3648 eodem
2106 3584 2419 3668 profectas
2459 3605 2692 3672 agnos-

306 3707 409 3752 ces
454 3692 518 3752 et
560 3687 745 3752 hasce
788 3688 1313 3772 reprehensiones.
1408 3687 1633 3773 Odyss.
1685 3698 1765 3752 A.
1816 3685 1967 3751 523.

532 3792 734 3870 αὐτὰρ
781 3788 877 3856 ὅτ’1
917 3793 1003 3863 εἰς
1048 3790 1232 3856 ἵππον
1279 3791 1757 3869 κατεβαίνομεν,
1806 3788 1870 3856 ὃν
1916 3790 2072 3869 κάμ’
2118 3792 2406 3867 Ἐπειός,

510 3896 804 3976 ’ΛργεΙων
850 3899 900 3961 οἱ
948 3894 1172 3977 ἄριςοι,
1224 3896 1355 3972 ἐμοὶ
1405 3895 1462 3961 δ’
1516 3897 1616 3961 ἐπὶ
1665 3895 1853 3962 πάντ’
1902 3896 2201 3962 ἐτέταλτο

531 4002 680 4077 ἠμὲν
723 4002 1055 4066 α’νακλῖναι
1100 4001 1343 4065 πυκινὸν
1390 4000 1577 4079 λόχον
1627 4002 1715 4075 ἥδ’
1767 4002 2080 4065 ἐπιθεῖναι.
2133 4065 2149 4080 ‚

397 4103 693 4171 Scholion
757 4106 835 4171 ad
895 4128 988 4171 vs·
1040 4104 1206 4169 525:
1269 4105 1716 4186 περιγραπτέον
1777 4109 1856 4180 ὦς
1912 4108 2182 4186 α’πρεπῆ.
2248 4108 2501 4188 θυρωροῦ
2558 4108 2688 4189 γὰρ

307 4207 502 4287 ἔργον.
597 4208 829 4276 Hercle
882 4213 951 4275 in
1010 4211 1365 4277 Ptolemaei
1421 4215 1602 4300 reg-ia
1656 4213 1787 4279 vile
1832 4218 1967 4280 erat
2011 4215 2293 4279 ianitoris
2335 4218 2690 4283 ministeri—

303 4332 418 4377 um
462 4313 720 4377 ianuam
765 4314 1053 4379 claudere
1099 4321 1164 4380 et
1206 4315 1559 4395 recludere,
1623 4318 1730 4385 sed
1776 4319 1935 4397 alia,
1983 4322 2204 4406 opinor
2224 4367 2241 4396 ,
2289 4342 2392 4387 res
2434 4331 2572 4387 erat
2617 4326 2688 4387 in
