2934 5050
894 304 980 350 an
1028 302 1295 352 erolum
1340 303 1792 355 rmmmfflum.
2430 286 2517 348 95

245 473 434 540 Orion
481 471 697 540 Floril.
746 471 882 538 VII.
931 473 996 539 2.

589 578 632 647 ,ὁ
673 578 728 643 δ’
775 579 917 653 ἡδὺς
966 580 1110 644 ἀῖὼν
1157 579 1192 655 ἢ
1242 577 1448 648 ›ednas-⁹
1493 580 1773 657 ἀτολμία

597 682 729 748 οὔτ’
774 679 929 748 οἷκον
974 683 1115 749 οὔτε
1158 691 1355 762 γαῖαν
1394 684 1698 765 ὀρθώσειεν
1742 682 1840 749 ἀν.

239 784 550 853 Stobaeus
595 786 814 854 Floril.
862 788 1103 853 XXIX.
1152 788 1261 854 22.

600 893 629 957 ὅ
678 894 732 958 δ’
776 893 917 969 ἡδὺς
966 894 1110 959 αἰὼν
1159 894 1194 968 ἦ
1240 894 1402 969 κακή
1448 892 1512 958 τ’
1562 893 1854 974 ἀνανδρία

599 998 727 1063 οὔτ’
773 994 929 1064 οἶκον
972 1000 1113 1065 οὔτε
1157 998 1365 1076 βίοτον
1412 998 1579 1062 οὐδὲν
1627 1000 1878 1079 ὠφελεῖ.

240 1100 410 1181 Quot
470 1103 626 1169 haec
685 1103 1046 1191 fragmenta
1105 1124 1238 1169 esse
1298 1099 1528 1189 putas?
1590 1104 1651 1168 N
1654 1122 1735 1168 on
1794 1105 1952 1180 tria,
2017 1122 2142 1168 non
2208 1103 2333 1169 duo
2348 1151 2367 1181 ,
2414 1103 2525 1170 sed

156 1224 352 1270 unum
407 1212 474 1274 et
516 1206 689 1273 idem
705 1255 723 1284 ,
771 1208 871 1273 bis
914 1207 1229 1295 flagitiose
1272 1205 1750 1291 interpolatum.
1824 1206 1899 1272 In
1941 1211 2150 1294 primo
2195 1214 2293 1274 est
2333 1210 2401 1272 in
2445 1207 2524 1273 li-

156 1309 279 1375 bris
321 1309 506 1377 πόλιν
550 1311 849 1392 ὀρθώσειεν
864 1360 882 1386 ,
920 1314 1191 1377 correxit
1229 1309 1700 1378 Valckenarius.
1741 1310 1816 1377 In
1854 1312 2126 1378 secundo
2164 1316 2520 1398 supererat:

605 1418 633 1482 ὂ
681 1415 738 1483 δ’
787 1415 930 1493 ἡδὺς
975 1417 1120 1481 azam
1168 1418 1203 1491 ἦ
1252 1416 1747 1480 κακΗΤΛ***

599 1522 729 1588 οὔτ’
772 1518 927 1588 οἶκον
974 1521 1795 1587 οὖτε***ΑΝΟΡθῶσειεν
1840 1520 1935 1587 ἀν.

238 1624 580 1712 Supererat
623 1629 692 1691 in
736 1629 926 1692 tertio
970 1626 1275 1710 denique:

605 1731 634 1795 ὅ
682 1731 735 1795 δ’
785 1731 926 1806 ἡδὺς
975 1731 1119 1797 αἰὼν
1168 1731 1202 1804 ἦ
1249 1731 1412 1806 κακή
1459 1732 1519 1794 τ’
1563 1729 1857 1812 ἀνανδρία

602 1834 731 1902 οὔτ’
778 1831 933 1901 οἶκον
979 1836 1121 1901 οὔτε
1144 1835 1185 1876 '¹'
1236 1884 1807 1901 .........

241 1940 592 2007 Semidocti
660 1947 1034 2009 correctores
1100 1939 1410 2006 damnum
1478 1942 1708 2006 sarcire
1775 1941 1983 2006 conati
2049 1940 2385 2027 vulgatam
2445 1940 2523 2006 de

159 2067 264 2113 suo
322 2047 664 2113 dederunt:
711 2046 820 2112 eed
863 2046 1036 2111 fraus
1080 2043 1376 2130 perpluit.
1469 2045 1568 2110 Ex
1612 2048 1753 2132 ipsa
1792 2047 1888 2110 rei
1930 2056 2157 2111 natura
2198 2048 2269 2111 in
2302 2045 2524 2111 huius·

159 2151 393 2217 cemodi
439 2153 754 2216 sententia
796 2155 1261 2235 componuntur
1304 2147 1459 2222 οἶκος
1509 2154 1575 2215 et
1609 2148 1787 2222 πόλις
1808 2197 1826 2226 ,
1872 2151 2011 2216 vita
2047 2155 2112 2215 et
2150 2171 2250 2215 res
2280 2151 2524 2232 privata

161 2263 220 2320 et
244 2258 516 2340 publica.
580 2253 1039 2341 Exemplorum
1082 2253 1269 2340 plena
1311 2260 1462 2318 sunt
1507 2256 1724 2319 omnia
1758 2260 1835 2318 ut
1871 2257 2280 2321 notissimum
2316 2254 2517 2321 illud:

512 2360 787 2439 γνώμαις
833 2360 961 2438 γὰρ
1005 2359 1224 2440 ἀνδρῶν
1272 2354 1339 2425 εὖ
1380 2358 1499 2437 μὲν
1543 2359 1841 2424 οἰκοῦνται
1890 2358 2101 2433 πόλεις
2124 2409 2142 2438 ,

513 2461 581 2530 εὖ
628 2465 683 2531 δ’
730 2461 906 2537 οἶκος.

164 2574 222 2635 et
272 2574 362 2637 sic
422 2572 665 2657 passim
726 2570 895 2657 apud
952 2568 1357 2654 philosophos
1416 2575 1482 2634 et
1522 2573 1760 2653 poetas.
1853 2567 2051 2635 Scioli
2100 2577 2319 2637 contra
2367 2572 2522 2657 quid

163 2676 598 2742 substituerint
640 2676 822 2741 vide:
870 2674 998 2739 οὔτ’
1043 2670 1199 2738 οἶκον
1244 2674 1384 2739 οὔτε
1421 2682 1618 2751 γαῖαν
1654 2679 1721 2739 et
1755 2673 1883 2739 οὔτ’
1915 2671 2071 2740 οἶκον
2108 2675 2249 2741 οὔτε
2285 2676 2519 2754 βίοτον.

164 2779 369 2847 Altera
423 2781 735 2866 oppositio
780 2780 1087 2843 inusitata
1129 2782 1226 2844 est
1270 2783 1337 2843 et
1378 2778 1671 2844 inaudita
1684 2825 1702 2857 ,
1749 2778 1949 2844 altera
1991 2801 2178 2845 sensu
2218 2800 2421 2846 vacua
2458 2785 2525 2846 et

167 2884 443 2951 absurda.
537 2883 709 2971 Ergo
752 2883 988 2968 ubique
1023 2885 1092 2946 in
1127 2881 1473 2969 Florilegio
1511 2882 1923 2949 emaculando
1961 2885 2059 2950 sac
2096 2885 2289 2971 probe
2328 2884 2524 2950 huius

166 2986 391 3054 fraudis
448 2988 820 3054 memineris
879 3005 1222 3072 caveasque
1281 3006 1361 3051 ne
1423 2991 1488 3051 te
1549 2986 2008 3084 Graeculorum
2052 2993 2412 3055 commenta
2453 2991 2523 3055 in

170 3111 428 3158 errorem
510 3090 1024 3178 inexplicabilem
1094 3090 1428 3168 inducant,
1507 3096 1584 3155 ut
1654 3094 1712 3157 ei
1777 3095 1920 3177 quis
1980 3095 2107 3159 οὔτ’
2165 3091 2322 3160 οἷκον
2383 3094 2523 3160 οὔτε

170 3195 361 3272 βίοτον
393 3198 552 3283 quid
597 3202 760 3263 esset
804 3215 1098 3281 quaerere
1140 3195 1355 3261 vellet.
1423 3194 1704 3262 Affertur
1745 3218 1824 3263 ex
1865 3197 2215 3266 Menandro
2257 3199 2373 3267 IX.
2413 3199 2524 3268 20.

519 3303 590 3368 τὸ
637 3301 826 3379 μηδὲν
867 3299 1097 3365 ἀδικεῖν
1141 3299 1247 3364 καὶ
1293 3301 1756 3382 meamea-'moue
1801 3311 1994 3370 ποιεῖ.

171 3404 230 3467 in
286 3425 752 3490 quamcumque
811 3412 877 3471 te
935 3411 1182 3491 partem
1233 3404 1513 3483 dederis,
1558 3405 1724 3470 nihil
1766 3426 2079 3492 umquam
2120 3412 2259 3475 sani
2303 3430 2380 3476 ex
2422 3410 2527 3476 hie

172 3510 369 3576 verbis
412 3510 757 3576 extundere
798 3512 1052 3596 poteris.
1145 3508 1279 3574 Nec
1319 3512 1564 3575 mirum
1583 3557 1600 3587 ,
1646 3531 1797 3576 nam
1845 3512 2090 3578 dixerat
2134 3518 2355 3600 poEta:

517 3617 590 3681 τὸ
634 3615 824 3694 μηδὲν
867 3615 1098 3680 ἀδικεῖν
1143 3614 1247 3679 κά)
1294 3614 1596 3690 καλοὺς
1645 3618 1851 3692 ἡμᾶς
1898 3625 2091 3683 ποιεῖ.

174 3719 328 3801 quod
367 3722 496 3786 nisi
550 3720 719 3807 apud
763 3718 1033 3785 Sextum
1075 3718 1475 3804 Empiricum
1522 3726 1796 3786 exstaret
1834 3721 1912 3786 de
1956 3720 2294 3789 Menandri
2338 3744 2527 3792 versu

175 3827 324 3887 meet
380 3829 597 3889 actum
613 3871 632 3903 ‚
694 3824 843 3891 vide
900 3823 1321 3891 Meinekium.
1399 3822 1597 3911 Origo
1641 3824 1803 3891 mali
1852 3829 2186 3911 perspicua
2236 3833 2367 3893 eet:
2423 3849 2528 3894 su-

176 3932 407 4007 pererat

523 4032 597 4099 τὸ
643 4033 831 4111 μηδὲν
876 4033 1106 4099 ἀδικεῖν
1151 4034 1256 4099 καὶ
1280 4034 1567 4076 *****
1610 4042 1805 4100 ποιεῖ.

180 4140 486 4216 poteratne
542 4138 954 4224 interpolator
1009 4141 1286 4223 ineptius
1349 4139 1697 4224 quidquam
1756 4142 2023 4205 inserere
2069 4161 2261 4226 quam
2304 4149 2530 4224 Φιλαιν-

183 4238 463 4316 opereve?
