2934 5050
942 316 1029 363 n>
1076 315 1389 364 Puroms
1436 314 1741 364 eoseum.
2416 290 2545 358 129

428 488 463 563 ἢ
512 490 601 564 μὴ
642 495 882 564 γαμεῖν
917 486 1073 567 γάρ,
1121 488 1200 554 ἂν
1245 487 1299 552 δ’
1346 483 1530 563 ἅπαξ
1574 486 1780 571 λάβῃς
1827 486 2036 569 Φέρειν

425 592 722 668 μύσαντα
769 594 1006 667 πολλὴν
1052 603 1274 674 προῖκα
1324 594 1429 671 καὶ
1479 601 1753 672 γυναῖκα
1800 594 1911 660 δεῖ.

184 697 331 763 unde
371 700 665 765 sumsisse
708 704 932 784 putem
975 697 1310 765 Palladem
1357 701 1427 764 in
1469 700 1732 766 Anthol.
1779 699 1987 766 Palat.
2035 699 2118 763 X.
2170 698 2277 763 55.

1359 807 1483 871 οὐδ’
1530 804 1846 875 ακολῶςου

465 910 644 983 οὔσης
691 934 795 987 μοι
842 916 1135 988 γαμετῆς
1180 911 1303 992 χρή
1349 935 1433 990 με
1480 911 1778 988 μύσαντα
1826 912 2055 993 Φέρειν.

257 1012 483 1081 Eodem
526 1015 720 1083 modo
764 1017 1219 1103 Aristophanes
1260 1019 1328 1082 in
1386 1017 1591 1102 Vm
1633 1039 1728 1084 vs.
1778 1015 1936 1084 988.

647 1123 855 1200 μύσας
903 1122 1177 1207 παρᾷξον
1224 1123 1578 1188 κάπόλυσον
1603 1172 1619 1201 ,
1669 1120 1712 1186 ὦ
1759 1122 1979 1204 πάτερ.

178 1229 353 1292 etsie
393 1226 582 1293 Plato
640 1249 891 1315 quoque
951 1229 1151 1294 dixit:
1216 1230 1393 1295 ἄλλα
1461 1229 1764 1310 παρέχειν
1828 1230 2126 1306 μύσαντα
2188 1226 2386 1308 ὥσπερ
2433 1228 2529 1294 τὲ·

176 1355 328 1406 μνειν
370 1333 469 1397 καὶ
520 1332 693 1400 κάειν
746 1336 952 1415 ἰατρῷ.
1046 1334 1264 1400 Μύσαι
1330 1337 1398 1400 in
1444 1336 1547 1400 his
1603 1337 1899 1401 omnibus
1943 1341 2156 1401 servat
2200 1335 2531 1418 antiquam

173 1439 470 1504 notionem
529 1442 728 1504 oeulos
788 1442 1109 1505 claudendi
1123 1490 1141 1519 ,
1207 1441 1311 1507 sed
1376 1461 1501 1526 quo
1561 1444 1774 1529 magis
1819 1441 2068 1507 fortiter
2109 1460 2375 1527 peragas
2420 1444 2533 1504 aut

173 1542 315 1608 feras
375 1544 657 1624 malum,
728 1546 897 1632 quod
958 1549 1167 1612 vitare
1232 1567 1357 1612 non
1425 1548 1648 1632 possis.
1767 1547 2163 1632 Antiphanes
2219 1545 2531 1611 Athenaei

170 1667 297 1736 pag.
344 1647 494 1716 445.
542 1670 601 1716 r.

548 1753 696 1831 ὅλην
741 1756 951 1836 μύσας
1001 1757 1226 1824 ἔκπινε.
1275 1769 1347 1825 Β.
1397 1758 1578 1836 μέγα
1623 1758 1692 1822 τὸ
1741 1759 2004 1840 Φορτίον.

244 1859 457 1928 Editor
502 1856 571 1927 εὖ
617 1862 910 1949 supplere
968 1864 1206 1930 maluit
1257 1870 1334 1930 ut
1381 1869 1545 1930 esset
1606 1863 1904 1946 παρέχειν
1963 1862 2257 1941 μύσαντα
2304 1855 2372 1927 εὖ
2418 1860 2527 1926 καὶ

168 1965 418 2046 ἀνδρείως
473 1972 541 2034 et
596 1989 781 2055 saepe
840 1971 931 2035 sie
978 1974 1043 2035 et
1087 1970 1257 2056 apud
1302 1968 1463 2035 alios
1509 1975 1574 2035 et
1619 1969 1789 2056 apud
1835 1969 2323 2055 Aristophanem
2368 1967 2529 2056 legi-

169 2076 261 2135 tur
300 2070 363 2139 εὖ
407 2073 758 2155 κοένδρείως,
808 2076 918 2141 sed
963 2078 1020 2140 si
1062 2078 1360 2153 μύσαντα
1406 2070 1476 2139 εὖ
1515 2075 1620 2140 καὶ
1670 2076 1947 2155 ἀνδρείως
1992 2076 2315 2161 scripseris
2350 2094 2526 2159 prae·

88 2242 89 2247 ,
167 2181 251 2242 ter
288 2177 574 2246 Platonis
620 2181 1144 2247 consuetudinem
1188 2183 1325 2247 sine
1370 2183 1614 2247 ratione
1659 2183 1760 2247 bis
1805 2182 1978 2247 idem
2025 2169 2287 2246 dicetur.

242 2282 389 2373 Pag.
417 2284 554 2351 480
576 2305 641 2351 R.
687 2287 792 2351 ἐὰν
825 2287 881 2352 δ’
931 2285 1124 2351 ἄλλον
1170 2286 1351 2368 οέδικῇ
1387 2287 1655 2369 ὂέχθρὸς
1682 2324 1771 2337 -
1796 2286 2192 2368 μηχανητέον
2238 2284 2398 2358 ὅπως
2445 2284 2522 2350 ἂν

166 2386 424 2474 διαφύγῃ
471 2391 580 2456 καὶ
628 2393 717 2469 μὴ
764 2392 842 2473 δῷ
890 2393 1058 2466 δίκην
1115 2392 1169 2479 [ὅ
1209 2392 1448 2481 ἐχθρός]
1500 2394 1627 2457 κτὲ.
1721 2392 2030 2479 Spurium
2088 2399 2183 2459 est
2231 2394 2257 2457 ὃ
2308 2393 2520 2475 ἐχθρός

165 2496 354 2583 inepte
395 2500 762 2585 repetitum.
861 2496 1094 2564 Omnia
1136 2500 1290 2565 haec
1336 2499 1414 2566 de
1454 2520 1584 2567 uno
1630 2506 1695 2566 et
1740 2500 1964 2567 eodem
2008 2499 2326 2565 dicuntur.
2445 2565 2457 2574 ,

238 2705 387 2798 Pag.
437 2711 594 2777 481.
642 2731 703 2778 Β.
754 2712 886 2791 ἐμοὶ
935 2712 1048 2789 μὲν
1095 2712 1262 2778 δοκεῖ
1298 2750 1377 2760 -
1426 2713 1745 2793 ὑπερφυῶς
1794 2711 2210 2795 σπουδάζειν]
2261 2711 2338 2776 de
2375 2710 2519 2776 Pla-

87 2839 95 2864 ’κ
164 2816 309 2879 tonis
350 2823 413 2882 et
456 2820 753 2886 omnium
813 2817 1181 2905 aequalium
1241 2838 1418 2901 more
1465 2816 1716 2905 syllaba
1758 2820 2030 2902 repetita
2075 2815 2516 2882 scribendum:

162 2915 457 3002 ὑπερφυῶς
504 2931 653 2990 ὨΟ
699 2924 1062 3006 σπουδάζειν
1152 2923 1611 3008 Exemplorum
1649 2923 1837 3008 plena
1881 2927 2030 2988 sunt
2069 2924 2315 2987 omnia:
2358 2921 2520 2986 dabo

160 3041 223 3086 ea
261 3046 415 3111 quae
457 3032 529 3094 in
596 3031 822 3112 Gorgia
880 3033 1284 3117 reperiuntur
1340 3050 1489 3117 pag.
1541 3027 1693 3094 471.
1740 3048 1804 3094 A.
1875 3033 1976 3122 νῦν
2035 3030 2099 3093 δὲ
2160 3027 2519 3104 θαυμασίως

92 3189 99 3198 f
158 3127 285 3196 ὨΟ
327 3132 535 3208 ἅθλιος
598 3134 873 3214 γέγονεν.
924 3157 1072 3225 pag.
1125 3133 1255 3201 477
1302 3154 1364 3201 n.
1416 3136 1724 3216 ὑπερφυεῖ
1761 3135 1876 3200 τινὶ
1925 3132 2022 3214 ἄρ’
2069 3137 2214 3199 ὨΟ
2259 3132 2519 3215 μεγάλῃ

94 3270 101 3276 ’
155 3233 358 3319 βλάβῃ
406 3278 475 3289 -ν
548 3240 1056 3321 ὑπερβάλλουσα.
1120 3262 1268 3329 pag.
1319 3240 1448 3306 496
1499 3259 1553 3306 c.
1602 3242 1752 3306 ἀλλ’
1818 3241 2137 3322 ὑπερφυῶς
2188 3242 2331 3305 ὨΟ
2380 3241 2517 3318 ὁμο·

156 3346 326 3420 λογῶ.

229 3446 490 3536 Saepius
547 3451 686 3517 vidi
727 3454 797 3517 in
843 3451 963 3518 tali
1009 3474 1078 3519 re
1122 3455 1199 3524 ὡς
1246 3454 1600 3518 scribarum
1647 3455 1894 3518 incuria
1936 3453 2196 3538 periisse
2239 3456 2305 3517 et
2349 3452 2518 3537 apud

151 3549 293 3619 alios
334 3563 400 3621 et
446 3556 621 3643 apud
663 3556 1019 3625 Platonem.
1093 3556 1188 3624 Of.
1245 3558 1303 3623 V
1295 3581 1385 3622 ar.
1432 3558 1613 3622 Lectt.
1651 3579 1800 3645 pag.
1831 3556 1997 3634 540,
2045 3558 2160 3622 ubi
2195 3556 2519 3642 permulta

154 3662 425 3748 exempla
459 3670 527 3729 et
559 3684 636 3729 ex
670 3662 1040 3731 Oratoribus
1086 3671 1150 3729 et
1195 3686 1270 3730 ex
1320 3662 1588 3729 Platone
1633 3664 2012 3750 collegimus
2027 3711 2041 3739 ,
2087 3663 2319 3748 quibus
2358 3662 2518 3727 adde

94 3813 95 3816 κ
152 3763 564 3853 Mydmm
606 3791 753 3857 pag.
790 3765 944 3834 283.
972 3786 1027 3834 ο.
1076 3764 1243 3833 εἶπον
1284 3767 1375 3835 ὅτι
1424 3772 1757 3847 θαυμαςῶς
1810 3770 2006 3853 (OC)
2050 3766 2513 3848 σπουδαζοιμεν.

85 3992 107 4054 ἶ·
230 3975 383 4067 Pag.
433 3979 588 4045 481.
638 3998 693 4046 ο.
744 3980 879 4046 εἰπέ
942 4004 1080 4058 μοι,
1149 3978 1189 4046 ὦ
1242 3981 1563 4061 Σώκρατες
1589 4030 1604 4056 ,
1670 3978 1919 4059 πότερόν
1982 4004 2051 4044 σε
2119 3982 2335 4058 Φῶμεν
2397 3983 2514 4047 νυνὶ

95 4099 123 4154 ⁴.)
152 4082 565 4166 σπουδάζοντα
627 4089 662 4162 ἢ
727 4087 1033 4169 παίζοντα
1060 4088 1109 4173 ;]
1204 4086 1465 4153 Soloeca
1532 4087 1687 4152 haec
1755 4087 1956 4151 oratio
2025 4092 2121 4151 est
2144 4134 2160 4164 ,
2241 4108 2518 4174 namque

85 4207 103 4266 55
151 4191 354 4264 φῶμεν
412 4188 811 4258 infinitivum
871 4192 1156 4280 postulat
1215 4191 1639 4273 σπουδαζΘΙΝ
1675 4191 1730 4266 *ἢ
1782 4189 2107 4270 παίζΕΙΝ.
2200 4191 2514 4259 Mendum

150 4298 238 4358 est
272 4297 337 4359 in
375 4303 615 4375 Φῶμεν.
680 4298 937 4385 Repone
977 4305 1196 4375 Θῶμεν
1238 4305 1301 4364 et
1339 4301 1581 4386 optime
1616 4297 1942 4362 habebunt
1980 4301 2213 4364 omnia.
2283 4297 2517 4368 Multis

151 4395 285 4464 aliis
322 4400 480 4468 locis
504 4403 725 4469 eodem
769 4405 962 4472 modo
1009 4412 1229 4482 Θῶμεν
1273 4412 1339 4471 et
1385 4412 1603 4483 Φῶμεν
1646 4405 1812 4469 inter
1856 4424 1923 4469 se
1969 4406 2228 4472 confusa
2270 4409 2515 4485 notavi,

1300 4533 1313 4542 ·
2204 4513 2235 4559 9
