2934 5050
987 303 1074 350 An
1122 298 1430 350 ruroms
1477 295 1780 353 eoseum.
2436 284 2568 351 153

224 506 306 529 ...
345 474 449 542 m}
500 471 845 556 Σάραμβος
889 470 920 535 ὅ
961 468 1241 546 κάπηλος
1286 469 1315 535 ὅ
1359 469 1476 548 μὲν
1539 465 1759 550 ἄρτους
1804 467 2163 547 ammoto.-
2206 492 2566 551 παρασκευ-

225 578 371 663 άζων
411 580 541 648 κτέ.

302 787 468 855 Male
527 787 784 853 habitus
847 791 945 853 est
999 785 1178 851 locus
1235 805 1381 872 pag.
1432 780 1584 849 518.
1638 802 1703 849 Ι).
1766 786 1879 870 qui
1934 805 2042 851 me
2104 783 2217 850 diu
2263 786 2568 851 exercuit.

222 892 490 959 'l'andem
545 890 713 956 mihi
756 890 976 957 videor
1020 892 1321 975 reperisse
1359 909 1484 975 quo
1526 893 1713 974 pacto
1756 908 1836 954 ex
1879 886 2053 956 hisce
2097 888 2412 956 molestiis
2454 909 2569 956 nos

221 997 496 1081 expedire
548 998 883 1081 possimus.
975 993 1345 1059 Describam
1399 992 1618 1059 locum
1671 998 1749 1058 ut
1805 994 1974 1059 mihi
2032 992 2437 1059 scribendum
2504 998 2571 1059 et

140 1173 157 1183 ἱ
221 1100 718 1167 constituendum
762 1120 896 1165 esse
939 1100 1240 1184 persuasi.
1288 1098 1340 1164 οἰ
1387 1098 1441 1163 δ’
1490 1094 1572 1164 αὖ
1618 1099 1695 1164 δι’
1739 1097 2022 1179 άπειρίαν
2066 1099 2131 1164 οὔ
2177 1096 2318 1171 τοὺς
2367 1097 2571 1166 ἑτιῶν·

220 1228 327 1279 τας
390 1202 779 1272 αἰτιάσονται
839 1209 957 1269 τῶν
1015 1203 1200 1269 νόσων
1256 1203 1491 1276 αἰτίους
1550 1198 1706 1268 εἶναι
1754 1239 1839 1252 -
1886 1203 2039 1269 ἀλλ’
2100 1193 2155 1267 οἳ
2215 1200 2295 1268 ἂν
2356 1201 2571 1276 αὑτοῖς

219 1309 444 1389 τύχωσι
511 1308 655 1375 τότε
723 1307 1021 1389 παρόντες
1071 1296 1156 1356 -”
1202 1306 1455 1381 τούτους
1525 1306 1916 1374 αἰτιάσονται
1979 1307 2085 1372 καὶ
2148 1307 2400 1388 ψέξουσι
2461 1304 2570 1372 καί

220 1412 394 1480 κακόν
451 1436 513 1479 τι
573 1414 943 1488 ποιήσουσιν,
1002 1411 1080 1477 ἂν
1139 1406 1247 1478 οἶοί
1303 1413 1364 1476 τ’
1409 1408 1575 1490 ὦσιν,
1637 1411 1779 1485 τοὺς
1834 1412 1898 1477 δὲ
1953 1412 2266 1493 προτέρους
2316 1411 2572 1484 ἐκείνους

222 1518 318 1584 καὶ
363 1518 591 1590 αἰτίους
636 1518 755 1582 τῶν
800 1520 1004 1583 κακῶν
1050 1514 1519 1594 έγκωμιάΖουσι
1559 1518 1670 1582 καί
1711 1521 1876 1599 φασι
1912 1515 2207 1595 μεγάλην
2243 1517 2355 1592 τὴν
2391 1513 2574 1582 πόλιν

220 1621 605 1700 πεποιηκέναι
647 1622 873 1695 αὐτούς
891 1670 908 1698 ,
957 1616 1049 1686 ὅτι
1095 1622 1148 1686 δ’
1193 1621 1344 1688 οἰδεῖ
1380 1622 1486 1689 καὶ
1537 1619 1799 1695 ὕπουλός
1845 1622 1935 1692 ἑτι
1982 1622 2058 1688 δι’
2102 1622 2359 1695 ἐκείνους
2406 1618 2574 1707 [τοὺς

221 1727 546 1812 παλαιούς]
595 1728 701 1792 οὐκ
741 1723 1155 1793 αἰσθάνονται.
1203 1727 1307 1792 καί
1355 1726 1431 1791 σὺ
1478 1730 1600 1803 νῦν,
1646 1723 1689 1791 ὦ
1735 1727 2117 1802 Καλλίκλεις
2138 1774 2157 1805 ,
2219 1725 2576 1806 ὁμοιότατον

220 1831 500 1898 vob-tole
569 1827 817 1912 ἐργάζει
846 1850 863 1869 ·
936 1829 1343 1911 ἐγκωμιάζεις
1411 1831 1747 1912 ἀνθρώπους
1809 1823 1864 1896 οἳ
1921 1830 2172 1903 τούτους
2229 1828 2578 1900 εἰςιάκασιν

222 1938 584 2015 εὐωχοῦντες
645 1931 722 2000 ὧν
781 1935 1120 2014 ἐπεθύμουν
1145 1956 1162 1973 ·
1225 1934 1371 2002 α’νευ
1433 1936 1562 2018 γάρ
1608 1934 1994 2018 σωφροσύνης
2040 1935 2144 2002 καὶ
2194 1933 2574 2011 δικαιοσύνης

219 2040 464 2118 λιμένων
518 2040 627 2105 καὶ
676 2040 921 2121 νεωρίων
964 2041 1070 2107 καὶ
1117 2045 1342 2122 τειχῶν
1386 2041 1492 2107 καὶ
1538 2038 1739 2122 Φόρων
1784 2042 1890 2105 καί
1937 2038 2216 2107 τοιούτων
2261 2044 2576 2123 φλυαριῶν

221 2145 655 2223 ἐμπεπλήκασι
699 2147 811 2221 την
847 2146 1047 2212 πόλιν.
1108 2146 1390 2232 Reposui
1423 2144 1893 2223 έγκωμιάΖουσι
1927 2165 2042 2230 pro
2078 2143 2576 2224 έγκωμιάῦουσι,

220 2255 355 2315 tum
395 2250 625 2317 verba:
682 2249 788 2314 καὶ
834 2251 912 2316 σὺ
954 2255 1081 2328 νῦν,
1131 2247 1173 2314 ὦ
1221 2251 1634 2327 Καλλίκλεις,
1681 2286 1772 2299 -
1816 2252 2193 2332 εὐωχοῦντες
2239 2245 2316 2316 ὧν
2361 2248 2578 2315 ἐπεθύ-

222 2377 360 2431 μουν
374 2403 394 2433 ,
464 2353 608 2420 loco
687 2375 802 2421 suo
884 2361 1061 2421 mota
1140 2357 1210 2419 in
1292 2361 1600 2421 veterem‘
1657 2360 1724 2420 et
1801 2375 2022 2421 veram
2103 2354 2318 2420 sedem
2393 2374 2579 2421 suam

218 2458 449 2525 reduxi.
546 2455 871 2526 Oolloeata
929 2465 1078 2526 sunt
1139 2461 1209 2525 in
1250 2458 1433 2526 libris
1477 2463 1623 2545 post
1663 2460 1805 2532 τοὺς
1851 2460 1915 2527 δὲ
1960 2458 2278 2543 προτέρους
2322 2459 2581 2534 ἐκείνους

221 2563 319 2628 καὶ
360 2564 595 2637 αἰτίους
640 2571 759 2631 τῶν
794 2570 1000 2631 κακῶν
1042 2563 1568 2643 έγκωμιάοουσιν,
1618 2586 1821 2651 quum
1864 2571 2009 2651 post
2045 2567 2149 2631 οὔκ
2185 2564 2604 2632 αἰσθάνονται,

220 2668 503 2735 collocari
566 2668 949 2736 debuissent.
987 2694 995 2702 ·
1042 2668 1305 2735 Omissa·
1336 2670 1494 2735 haec
1538 2670 1780 2735 scribae
1824 2671 2070 2735 incuria
2114 2675 2423 2736 corrector
2466 2668 2582 2735 ali-

222 2775 357 2858 quis
411 2774 779 2860 (διορθωτής)
825 2777 895 2840 in
943 2777 1237 2862 margine
1295 2777 1589 2860 apposuit
1603 2820 1623 2852 ‚
1683 2774 1852 2839 unde
1897 2794 2100 2860 quum
2141 2776 2380 2840 iterum
2420 2774 2586 2840 liber

223 2875 673 2945 describeretur
711 2885 964 2965 recepta
1007 2883 1158 2944 sunt
1199 2877 1316 2945 illa
1354 2879 1614 2965 quidem
1645 2880 1715 2944 in
1730 2874 1733 2879 ’
1746 2883 1997 2945 textum
2033 2878 2144 2944 sed
2177 2872 2317 2945 loco
2354 2877 2579 2945 alieno.

219 2978 577 3050 Sexcenties
621 2986 689 3049 in
731 2983 916 3049 libris
955 2987 1228 3051 vetustis
1263 2986 1355 3049 sic
1392 2988 1674 3049 erratum
1712 3003 1844 3049 esse
1881 2981 2039 3048 vidi.
2108 2980 2584 3068 supplementis

218 3086 285 3151 in
336 3091 632 3177 margine
688 3086 923 3154 additis
981 3087 1252 3154 adscribi
1311 3087 1473 3153 solet
1527 3089 1596 3153 in
1650 3092 1838 3173 poeta
1878 3086 2061 3170 ςίχος
2105 3086 2213 3154 vel
2254 3086 2424 3167 ςίχοι
2446 3134 2465 3165 ,
2512 3089 2583 3153 in

218 3196 472 3259 caeteris
534 3192 810 3270 κείμενον
868 3192 936 3257 id
994 3197 1091 3257 est
1149 3198 1362 3257 θεαθιιε.
1456 3190 1666 3272 Quam
1724 3191 1911 3258 facile
1953 3194 2080 3259 ista
2123 3192 2459 3259 deflectant
2503 3191 2583 3258 de

215 3297 318 3361 via
356 3297 526 3364 nihil
581 3300 812 3363 attinet
856 3295 1063 3363 dicere
1109 3300 1175 3361 et
1218 3295 1657 3382 exemplorum
1698 3296 1887 3382 plena
1929 3302 2079 3362 sunt
2122 3299 2356 3362 omnia.
2449 3292 2584 3362 Cur

218 3405 459 3468 taceant
502 3400 885 3488 Interpretes
900 3447 919 3478 ‚
969 3403 1036 3466 et
1078 3420 1205 3485 quo
1246 3405 1432 3486 paeto
1468 3400 1718 3466 Editori
1751 3400 1918 3466 nihil
1953 3400 2306 3468 suboluerit
2340 3419 2582 3485 nequeo

217 3507 365 3570 satis
405 3508 652 3571 mirari.
743 3505 987 3573 Audias
1026 3504 1253 3571 modo:
1300 3505 1414 3570 xa>
1452 3504 1530 3570 σὺ
1582 3509 1710 3584 νῦν,
1757 3501 1800 3569 ὦ
1843 3504 2256 3596 Καλλίκλεις,
2301 3503 2582 3584 δμοιότα·

213 3629 311 3674 τον
351 3610 551 3690 τούτῳ
601 3609 740 3697 (ah'i
782 3608 1042 3698 τούτοις)
1081 3606 1329 3690 ἐργάζει
1349 3629 1365 3648 ·
1416 3607 1829 3691 ἐγκωμιάζεις
1867 3608 2203 3691 ἀνθρώπους
2241 3601 2296 3675 οἰ
2330 3608 2580 3685 τούτους

212 3712 557 3780 εἰςίακασιν
603 3715 980 3795 εὖωχοῦντες
1016 3711 1095 3779 ὦν
1131 3713 1466 3791 ἐπεθύμουν
1508 3722 1651 3779 ΚΑΙ
1691 3723 1886 3780 <Mel
1922 3712 2217 3793 μεγάλην
2250 3714 2363 3789 τὴν
2399 3714 2582 3781 πόλιν

212 3818 603 3894 πεποιηκέναι
664 3818 889 3889 αὐτούς
910 3838 927 3855 ·
995 3814 1088 3883 ὅτι
1149 3818 1203 3883 δ’
1264 3819 1413 3885 οἰδεῖ
1469 3855 1555 3868 -
1602 3819 1713 3884 οὐκ
1778 3817 2186 3885 αἰσθάνονται.
2277 3821 2383 3885 An
2441 3818 2580 3887 ullo

212 3927 391 4005 pacto
450 3922 591 3989 fieri
647 3943 827 4008 posse
883 3928 1070 4010 putas
1126 3929 1204 3990 ut
1256 3919 1311 3990 οἳ
1355 3922 1668 3992 εἰτιάκασι
1714 3923 1826 3989 καί
1867 3929 2030 4004 φασι
2073 3944 2204 3991 non
2245 3923 2325 3991 de
2367 3924 2580 3989 iisdem

212 4019 297 4091 'sit
351 4026 833 4114 accipiendum?
898 4027 1084 4094 Nihil
1129 4033 1226 4094 est
1270 4048 1345 4094 ea
1386 4029 1702 4095 sententia
1741 4028 2075 4094 absurdius
2089 4074 2108 4105 ‚
2170 4028 2403 4106 fateor,
2466 4026 2578 4094 sed

213 4133 404 4198 verba
459 4135 554 4199 sic
612 4138 910 4219 concepta
974 4132 1171 4200 aliam
1236 4135 1822 4219 interpretationem
1886 4133 2136 4200 nullam
2201 4134 2573 4200 admittunt.

216 4231 337 4301 Sed
397 4239 804 4323 transpositio
819 4284 836 4315 ‚
898 4242 974 4302 ut
1028 4236 1207 4303 vides
1226 4285 1244 4313 ,
1307 4258 1565 4304 omnem
1610 4236 2053 4304 difficultatem
2096 4258 2170 4304 ac
2211 4238 2576 4306 molestiam

216 4344 504 4407 removit.
