2934 5050
972 316 1280 364 nucitum
1326 316 1399 363 ετ
1445 316 1752 364 numm.
2423 298 2545 360 2151

201 476 310 546 Sed
362 476 510 547 libri
563 483 729 551 Non.
781 488 934 551 206.
986 490 1072 553 25
1124 483 1388 552 habent:
1438 487 1787 575 fulmentas
1834 483 2002 550 evaeis
2053 483 2290 570 (aeneis
2334 480 2427 559 G,
2480 480 2553 549 L.

201 603 275 650 tn,
328 590 400 665 2,
466 589 638 658 Harl.
704 610 789 656 m.
852 595 931 665 2:
987 592 1078 656 eis
1136 590 1308 657 Harl.
1358 612 1444 659 m,
1503 584 1589 681 l'.)
1640 602 1823 679 atque
1868 589 2099 658 aeneis.
2197 587 2297 656 Os.
2352 587 2560 653 Plaut.

200 690 360 760 Trin.
427 699 591 762 720:
657 696 1053 763 »fulmentas
1114 696 1369 763 iubeam
1435 698 1739 785 suppingi
1805 697 2080 763 soccis'’.
2180 692 2275 760 111.
2330 690 2558 758 Bacch.

200 798 346 863 532:
415 801 654 886 2quine
723 822 887 869 auro
954 804 1162 868 soccis
1236 802 1473 871 habent
1537 810 1923 890 suppactum
1996 800 2276 867 solum”.
2398 798 2559 863 Plin.

199 900 470 971 xxxin.
544 911 662 972 14:
735 911 998 977 »aureis
1059 908 1262 974 clavis
1300 909 1603 997 suffigere
1644 907 2006 995 crepidas”.
2104 903 2560 973 Casaubonus:

195 1008 535 1077 subeudere.
633 1011 838 1080 Locus
885 1014 1264 1094 lacunosus,
1314 1016 1426 1084 sed
1472 1036 1593 1082 non
1640 1014 1718 1081 de
1759 1033 1912 1080 sene
1953 1032 2167 1080 sermo
2203 1019 2324 1078 est.
2378 1011 2560 1076 Prae·

198 1122 351 1182 terea
414 1117 674 1184 dativus
733 1121 802 1185 in
857 1127 896 1187 ὅ
941 1130 1041 1187 est
1088 1122 1196 1188 IV.
1248 1128 1366 1189 45:
1420 1130 1726 1210 »portant
1774 1120 2070 1204 ingentes
2119 1136 2386 1184 munere
2434 1116 2561 1202 pis·

197 1223 350 1299 ces’',
393 1221 476 1290 de
522 1242 654 1310 quo
696 1224 847 1292 olim
898 1227 1087 1294 aliter
1128 1230 1461 1295 constitui.
1562 1230 1647 1295 At
1692 1246 1816 1293 non
1868 1233 2021 1292 sunt
2069 1222 2270 1291 dativi
2323 1223 2385 1288 in
2429 1219 2566 1296 his.

199 1325 262 1394 V.
308 1333 381 1408 2,
422 1349 460 1397 a
513 1330 820 1400 Mueller-o
863 1333 959 1399 sic
1009 1333 1304 1419 scriptis:
1520 1420 1525 1423 ,

448 1437 506 1502 si
552 1446 685 1503 tam
736 1440 959 1525 corpu’
1005 1439 1145 1506 loco
1195 1439 1478 1507 validum
1530 1458 1606 1505 ac
1658 1438 1918 1525 regione
1968 1444 2250 1513 mearet,

445 1543 789 1630 scriptoris
836 1565 1029 1632 quam
1078 1565 1229 1614 vera
1271 1556 1441 1613 meat
1492 1547 1809 1613 sententia
1859 1542 2076 1619 cordi,

199 1644 354 1734 (libri
377 1660 662 1715 manen-et
683 1700 701 1727 ‚
725 1651 956 1740 manee)
986 1672 1149 1740 quae
1174 1661 1465 1719 contorte
1491 1653 1569 1718 M.
1597 1649 1877 1737 explicat
1906 1678 1921 1719 ε
1952 1656 2298 1736 »appar-et,
2323 1646 2565 1732 inquit,

196 1751 427 1820 dativus
451 1774 595 1822 esse
619 1754 726 1823 illa
752 1756 882 1824 loeo
903 1807 920 1837 ‚
945 1758 1198 1844 regione
1218 1810 1234 1836 ,
1258 1758 1448 1825 cordi.
1482 1795 1575 1808 —-
1601 1757 1769 1823 Dicit
1795 1754 2083 1822 Lucilius
2108 1773 2174 1820 se
2200 1752 2567 1818 valetudine

197 1859 482 1946 impediri
529 1882 608 1929 ne
656 1864 938 1931 amicum
980 1865 1170 1930 aliter
1205 1884 1398 1952 quam
1446 1883 1562 1950 per
1599 1861 1940 1949 epistulam
1985 1859 2289 1926 salntet'’.
2343 1858 2566 1942 ltaque

196 1967 446 2052 scriptor
487 1966 817 2036 diceretur
858 1972 912 2036 is
939 1971 1063 2057 ‘qui
1105 1968 1270 2037 sorte
1311 1969 1568 2036 fortuna
1612 1966 1946 2057 epistolam
1992 1966 2273 2052 aliquam
2315 1964 2564 2031 scribit.

198 2070 256 2139 ld
300 2073 607 2141 Latinum
656 2095 796 2143 esse
846 2096 1030 2163 nego.
1123 2076 1212 2143 Et
1257 2076 1498 2164 reqioni
1546 2074 1849 2162 (reqioue)
1898 2092 2118 2138 meare
2155 2069 2412 2136 dicetur
2452 2088 2568 2156 pro

197 2176 250 2243 iu
312 2182 643 2266 regionem
709 2201 942 2249 meare.
1039 2181 1208 2248 Haec
1253 2189 1368 2248 aut
1417 2200 1540 2247 non
1592 2179 1890 2264 intellego
1940 2186 2054 2246 aut
2100 2185 2250 2244 sunt
2307 2175 2565 2262 imperi·

77 2374 80 2391 ³
195 2284 432 2353 tissime
498 2288 765 2389 scripta.
861 2286 1068 2353 Immo
1132 2286 1292 2354 nibil
1357 2285 1745 2353 mutandum
1809 2294 1941 2361 est;
2004 2283 2193 2350 scrib.
2254 2290 2567 2359 maneret,

77 2416 78 2449 1
193 2402 418 2472 meet,
475 2392 589 2459 sed
636 2392 1167 2479 distinguendum
1219 2401 1315 2461 est
1367 2401 1510 2479 post
1556 2393 1914 2478 scriptoris;
1967 2389 2322 2457 sententia:
2372 2390 2427 2455 si
2475 2389 2565 2475 ip·

196 2516 256 2564 se
310 2502 600 2589 scriptor
662 2521 786 2567 non
848 2502 1055 2588 magis
1115 2506 1482 2568 senesceret
1536 2518 1729 2587 quam
1792 2498 2111 2565 sententia
2159 2496 2375 2562 animo
2421 2514 2569 2562 con·

197 2616 410 2692 oepta3
481 2606 653 2675 baec
722 2607 987 2674 iuvenili
1062 2628 1317 2695 semper
1386 2609 1607 2693 vigore
1675 2605 1915 2692 gaudet
1978 2613 2042 2673 et
2102 2605 2270 2672 sedet
2325 2605 2566 2671 animo.

200 2711 360 2798 (Seu.
413 2714 625 2801 Epist.
679 2719 753 2779 2:
813 2715 1058 2781 »certis
1113 2716 1390 2801 ingeniis
1448 2714 1781 2779 immorari
1819 2721 1884 2780 et
1925 2712 2235 2778 innutriri
2278 2717 2570 2796 oportet,

198 2820 244 2883 si
286 2819 444 2886 velis
492 2819 740 2906 aliquid
791 2820 1083 2896 trahere,
1130 2820 1295 2908 quod
1344 2822 1408 2887 in
1452 2821 1669 2887 animo
1710 2818 1984 2885 fideliter
2025 2815 2340 2904 sedeat”).
2392 2815 2577 2882 Cordi

198 2932 282 2990 est
347 2924 710 3005 loetitivus7
778 2928 888 3014 qui
962 2926 1199 2992 mansit
1271 2927 1335 2991 in
1407 2933 1554 2991 »est
1621 2923 1781 2990 mihi
1844 2924 2090 3001 eordi”‚
2152 2921 2320 3010 quod
2384 2920 2575 3006 vulgo

77 3033 80 3118 g
199 3029 348 3098 male
393 3031 815 3118 componitur
859 3052 1043 3099 cum:
1096 3040 1193 3099 est
1244 3030 1403 3097 mihi
1458 3030 1771 3108 laetitiae,
1804 3028 2063 3109 dolori,
2103 3028 2266 3108 rell„
2315 3027 2574 3115 inqui-

77 3135 78 3152 *
201 3131 307 3203 bus
352 3138 618 3204 dativus
666 3136 966 3204 effectum
1025 3136 1372 3223 significat.

280 3242 440 3310 Sunt
482 3244 689 3330 igitur
728 3253 1006 3330 quatuor
1045 3243 1308 3309 omnino
1346 3241 1468 3309 loci
1507 3240 1745 3327 quibus
1768 3240 2025 3307 dativus
2050 3241 2115 3307 in
2143 3241 2574 3318 &invenitun

199 3356 374 3437 atque
410 3353 478 3418 in
529 3349 634 3417 his
683 3369 853 3416 unus
897 3351 1008 3437 qui
1056 3370 1312 3416 omnem
1363 3348 1556 3416 aliam
1596 3348 2085 3436 explicationem
2129 3357 2240 3413 aut
2280 3345 2578 3414 emenda-

199 3454 418 3523 tionem
471 3475 600 3522 που
650 3454 975 3522 admittat.
1071 3457 1311 3522 Tamen
1351 3473 1501 3521 cum
1546 3461 1640 3520 tot
1679 3463 1741 3519 et
1785 3452 1946 3520 tales
1983 3472 2124 3519 esse
2163 3451 2338 3521 dicat
2384 3453 2462 3518 M.
2507 3461 2578 3518 ut

204 3559 566 3628 incredibile
629 3563 716 3628 sit
781 3581 1170 3650 quemquam
1221 3539 1719 3635 dubitasse,‘ut
1768 3559 1927 3627 mihi
1977 3557 2237 3645 quidem
2283 3556 2576 3634 videtur,

202 3672 686 3754 exaggeratione
752 3669 985 3735 utitur.
1081 3668 1250 3735 Alibi
1319 3687 1472 3734 vero
1537 3667 1602 3732 in
1672 3664 2100 3754 oppugnando
2162 3662 2576 3743 adversario,

207 3771 331 3838 volo
375 3795 441 3863 p.
496 3780 666 3853 205,
714 3784 936 3862 aperte
982 3773 1139 3842 salsa
1189 3775 1384 3851 dicit,
1431 3773 1824 3840 contendens
1876 3772 1978 3862 (ad
2031 3770 2113 3838 ir.
2168 3772 2317 3858 27.):
2364 3768 2582 3857 »quod

209 3873 371 3946 fuere
431 3880 548 3967 qui
613 3879 905 3948 dicerent
953 3881 1180 3948 solitos
1227 3883 1291 3947 in
1344 3879 1489 3947 cdd.
1540 3879 1846 3946 Nonianis
1897 3898 2202 3945 numeros
2251 3878 2419 3943 notis
2468 3896 2582 3944 ex·

77 4047 80 4076 =,
210 3984 390 4068 primi
463 4007 588 4052 non
666 3986 943 4064 litteris,
1018 4007 1126 4054 eos
1195 3986 1419 4054 fefellit
1486 3988 1825 4052 sententia.
1894 4024 1985 4036 -
2048 3984 2280 4051 tertius
2342 3981 2584 4050 fluctus

211 4093 558 4173 rpimulae’&
637 4094 963 4161 Postrema
1011 4114 1046 4160 a
1099 4116 1199 4162 me
1250 4095 1517 4172 sumsit,
1568 4094 1632 4159 in
1684 4091 1953 4179 reliquis
2001 4090 2157 4158 mihi
2211 4088 2582 4177 obloquitur

212 4194 372 4263 enni.
425 4197 495 4278 1,
554 4205 654 4267 16.
749 4201 886 4268 Non
937 4210 1092 4288 puto
1141 4221 1243 4268 me
1294 4222 1329 4267 a
1378 4220 1531 4267 vero
1580 4198 2031 4265 aberraturum
2074 4197 2139 4262 ‘si
2188 4195 2462 4263 dixerim
2506 4216 2582 4264 ex

216 4301 669 4391 quinquaginta
715 4305 877 4373 locis
923 4307 1027 4373 vix
1071 4326 1275 4374 unum
1319 4306 1588 4394 reperiri
1614 4305 1743 4398 »1¹¹
1790 4325 1916 4391 quo
1957 4321 2271 4370 numerus
2309 4301 2583 4380 litteris,

222 4423 335 4473 non
413 4411 623 4486 notis,
699 4413 1131 4501 significetur.
1244 4412 1401 4481 lude
1491 4419 1796 4499 perpetua
1871 4409 1978 4477 illa
2050 4409 2341 4477 confusio
2414 4406 2584 4474 inter
