2934 5050
1100 300 1488 349 rmnonoaica
1535 301 1604 347 ιτ
1653 300 1909 349 carnei.
2570 285 2688 350 101

297 470 492 538 ναίων
551 465 668 545 οἷς
729 467 991 550 izeei,
1054 487 1171 558 pro
1226 467 1313 547 οἷς
1359 470 1524 538 alm
1571 471 1726 552 εἶσί,
1778 470 1945 560 quod
1993 470 2350 541 absurdum
2398 473 2538 539 est:
2610 471 2695 541 tlt

299 597 499 665 saepe
549 576 699 644 alibi
748 577 807 644 δι
852 587 916 644 et
963 574 1034 654 ἐξ
1080 576 1346 643 confusa
1394 575 1512 642 has
1555 576 1782 643 turbas
1816 577 2154 656 dederunt,
2245 578 2596 648 Aeschines
2626 578 2695 645 in

311 681 479 750 Tim.
555 686 590 768 §
662 687 769 750 23.
834 682 975 749 τότε
1037 684 1150 761 ἤδη
1210 682 1449 750 κελεύει
1512 682 1722 762 λέγειν
1779 691 1897 752 τῶν
1954 684 2167 752 ἄλλων
2214 685 2546 763 Ἀθηναίων
2591 685 2695 751 τὸν

303 789 683 871 βουλόμενον
727 785 842 864 οἷς
906 788 1212 870 ἷξες-ιν,
1261 799 1327 856 et
1377 793 1415 875 ς
1470 794 1554 857 52
1600 791 1968 871 δοκιμασίαν
2013 791 2470 872 ἐπαγγειλάτω
2515 793 2695 867 Ἀθη·

305 897 495 964 ναίων
539 898 568 962 ὅ
614 896 992 978 βουλόμενος
1051 892 1172 971 οἷς
1221 894 1506 974 {Sec-ev,
1553 904 1617 963 et
1668 896 1819 963 alibi
1871 898 2132 985 passim.
2230 897 2472 965 Deinde
2532 905 2692 983 φρα-

306 1003 479 1087 τρίζμ
523 1003 829 1070 vitiosum
881 1014 1001 1070 est.
1066 1002 1436 1069 Dindoriius
1484 1000 1565 1068 ad
1614 1001 2180 1090 Harpocrationem
2231 1012 2296 1070 et
2342 1003 2699 1072 Meinekius

310 1111 378 1176 in
428 1109 763 1198 Epimetro
811 1109 836 1175 1
885 1130 945 1196 p.
990 1114 1116 1175 717
1169 1109 1412 1196 imponi
1458 1109 1582 1174 sibi
1631 1110 1803 1196 passi
1845 1118 1999 1177 sunt
2044 1130 2078 1176 a
2130 1108 2301 1177 sutili
2350 1110 2696 1197 magistro,

307 1217 503 1284 cuius
567 1215 723 1282 haec
784 1224 884 1281 est
953 1214 1482 1281 annotatiuncula
1556 1214 1728 1302 apud
1791 1214 2187 1304 Stephanum
2256 1216 2691 1306 Byzantinum

313 1345 375 1411 p.
428 1327 584 1389 671.
633 1322 890 1402 ἐλέγετο
919 1321 983 1388 δὲ
1023 1319 1349 1405 φράτηρ
1394 1321 1502 1387 καὶ
1538 1320 1880 1405 φράτωρ.
1929 1323 2107 1389 ἄλλα
2141 1324 2355 1403 τὸμὲν
2391 1322 2693 1407 φράτηρ

307 1432 613 1513 ἀρχαῖον,
660 1430 904 1511 θάτερον
952 1428 1015 1494 δὲ
1061 1426 1355 1509 νεώτερον.
1381 1465 1467 1481 -
1496 1427 1760 1507 λέγεται
1807 1430 1911 1495 καὶ
1960 1433 2262 1513 φρατρί
2274 1429 2317 1514 ζ
2327 1453 2445 1497 ειν
2491 1429 2561 1496 τὸ
2609 1431 2697 1503 εἷς

307 1538 507 1612 αὖτῆν
552 1536 816 1602 συνιέναι
861 1533 968 1600 καὶ
1014 1535 1187 1614 μετα
1230 1539 1340 1601 τοῦ
1386 1543 1445 1599 A
1491 1534 1895 1618 φρατριάζ
1905 1558 2058 1614 ειν,
2102 1531 2249 1619 ὅπερ
2286 1537 2532 1612 σύνηθες
2569 1542 2697 1608 τοῖς

308 1644 644 1717 Ἀττικοῖς.
670 1640 1071 1721 -ἔλέγοντο
1115 1642 1180 1708 δὲ
1223 1641 1331 1707 καὶ
1377 1644 1733 1723 φρᾶτραι
1782 1642 1887 1707 καὶ
1934 1645 2108 1726 φάτ
2124 1665 2271 1723 ραι.
2338 1642 2504 1709 Sunt
2539 1642 2694 1710 haee

309 1747 498 1837 plena
545 1766 866 1815 errorum.
963 1746 1387 1813 Athenienses
1432 1766 1704 1836 ‘summa
1765 1749 2129 1813 constantia
2185 1766 2408 1815 omnes
2457 1748 2696 1837 ubique

307 1852 616 1921 dicebant
677 1853 926 1938 φράτηρ
984 1851 1286 1937 φράτερες
1307 1902 1326 1932 ,
1368 1852 1650 1933 εἰσάγειν
1695 1854 1779 1928 εἷς
1828 1854 1968 1928 τοὺς
2017 1851 2356 1936 φράτερας.
2453 1855 2697 1922 Aristo-

308 1958 558 2049 phanes
602 1959 786 2026 Αυίὁ.
837 1962 995 2026 765:

539 2064 807 2148 φυσάτω
854 2064 1156 2139 πάππους
1200 2066 1351 2148 παρ’
1398 2068 1546 2146 ἡμῖν
1590 2066 1697 2132 καὶ
1743 2068 2085 2151 φανοῦνται
2132 2064 2456 2149 φράτερες.

307 2182 372 2240 et
425 2172 491 2238 in
538 2171 735 2238 Bonis
779 2175 949 2239 418:

862 2275 926 2352 ὃς
974 2278 1237 2356 ἑπτέτης
1281 2279 1358 2345 ὧν
1404 2280 1512 2345 οὐκ
1558 2278 1753 2362 ἔφῡσε
1796 2276 2152 2362 φράτερας,

308 2393 378 2454 et
417 2383 593 2451 alibi.
668 2385 791 2450 Pro
821 2383 1068 2469 φράτηρ
1116 2387 1445 2473 sequiores
1492 2384 1787 2451 Graeculi
1826 2382 2077 2468 φράτωρ
2103 2384 2319 2451 dicere
2353 2396 2703 2474 coeperunt

310 2490 528 2559 fallaci
576 2489 909 2579 analogiae
954 2492 1168 2579 specie
1212 2490 1506 2578 decepti,
1555 2491 1781 2574 ῥήτωρ,
1820 2491 2142 2575 πράκτωρ,
2185 2491 2471 2575 οἰκήτωρ,
2507 2494 2601 2559 sic
2635 2503 2700 2560 et

310 2596 593 2683 φράτωρ.
690 2598 809 2663 Est
871 2599 1077 2684 igitur
1158 2598 1411 2682 φράτωρ
1476 2598 1853 2681 νεωτερικόν,
1938 2602 2075 2664 sive
2141 2600 2515 2682 παραφθορά
2582 2607 2701 2667 τῶν

310 2704 632 2787 νεωτέρων.
703 2703 788 2771 Εῑ
833 2703 962 2770 illis
1009 2701 1270 2791 quidem
1306 2702 1539 2770 licebat
1587 2703 1802 2771 dicere
1848 2702 2017 2791 quod
2057 2703 2331 2782 vellent,
2379 2705 2491 2772 sed
2528 2706 2700 2792 quod

312 2830 444 2878 non
491 2809 727 2877 licebat
772 2829 926 2877 suas
974 2807 1275 2898 loquendi
1324 2808 1546 2877 sordes
1595 2810 1919 2878 veteribus
1966 2806 2504 2878 affricuerunt‘et
2555 2811 2699 2879 ubi·

311 2936 600 3005 eumque
646 2915 895 3000 φράτηρ
940 2922 1006 2983 et
1050 2915 1357 3001 φράτερες
1407 2915 1579 3004 apud
1627 2915 1929 3004 antiquos
1976 2918 2326 3003 scriptores
2372 2916 2706 3003 legebatur

311 3042 509 3091 suum
560 3023 891 3090 novicium
948 3030 1014 3089 et
1073 3023 1377 3090 vitiosum
1424 3022 1680 3106 φράτωρ
1726 3030 1792 3089 et
1837 3021 2137 3105 φράτορες
2201 3020 2704 3093 substituerunt.

300 3129 668 3196 Rau-issima
728 3128 795 3196 in
860 3129 1045 3196 libris
1107 3129 1511 3218 perantiquis
1556 3139 1621 3196 et
1668 3126 2163 3214 diligentissime
2209 3129 2471 3216 scriptis
2519 3140 2704 3198 vetus

313 3235 526 3303 forma
590 3233 810 3303 illaesa
864 3238 1089 3303 evasit.
1185 3234 1460 3303 Protulit
1524 3232 1828 3301 nonnulla
1894 3233 2260 3301 Dindorfius
2323 3234 2404 3301 ad
2482 3235 2703 3326 Steph.

316 3342 507 3411 Thes.
561 3362 623 3408 v.
657 3342 925 3425 Φράτηρ.
997 3339 1123 3410 Sed
1150 3341 1472 3430 plerisque
1509 3340 1797 3407 omnibus
1832 3338 1989 3407 locis
2014 3339 2386 3408 mendosam
2429 3341 2699 3409 formam

315 3448 628 3536 reperies.
725 3447 967 3530 Quater
1012 3447 1183 3536 apud
1224 3446 1719 3535 Aristophanem
1759 3445 2061 3531 φράτερες
2098 3456 2161 3514 et
2190 3445 2509 3531 φράτερας
2535 3468 2709 3517 nunc

316 3565 498 3623 recte
544 3554 826 3641 legitur,
876 3564 1107 3641 quater
1153 3555 1219 3621 in
1269 3555 1514 3643 optimo
1561 3553 1931 3620 Ravennate
1960 3553 2259 3636 φράτορες
2292 3561 2356 3621 et
2394 3553 2710 3639 φράτορας

318 3660 564 3728 diserte
611 3661 930 3748 scriptum
978 3668 1109 3739 est,
1175 3659 1605 3746 similiterque
1665 3656 1836 3747 apud
1886 3656 2194 3727 Oratores
2236 3679 2460 3728 omnes
2506 3664 2712 3728 caete*

320 3786 561 3855 rosque
624 3766 890 3855 passim.
996 3766 1207 3835 Semel
1277 3766 1452 3834 Plato
1519 3785 1672 3832 usus
1734 3774 1833 3832 est
1904 3765 1970 3831 in
2038 3759 2296 3831 Timaeo
2358 3788 2417 3855 p.
2467 3771 2573 3834 21.
2639 3778 2710 3833 Β.

325 3869 498 3940 εἶπεν
543 3867 645 3939 οὖν
689 3895 787 3949 τις
831 3879 949 3940 τῶν
988 3874 1343 3957 φρατόρων,
1396 3872 1502 3939 ubi
1552 3871 2155 3958 praestantissimus
2181 3868 2345 3938 liber
2382 3872 2715 3939 Parisinus

323 3990 386 4047 A
431 3979 607 4045 solus
652 3979 967 4056 servavit,
1013 3976 1186 4047 εἶπεν
1232 3975 1330 4047 οὖν
1375 3979 1461 4056 δή
1509 4000 1603 4049 τις
1647 3983 1766 4044 τῶν
1808 3976 2239 4059 φρατέρων.
2336 3977 2508 4064 Ergo
2551 3977 2715 4062 φρά-

323 4108 495 4168 τορες
542 4084 832 4173 undique
879 4094 1033 4152 sunt
1062 4085 1418 4175 expellendi
1459 4091 1676 4172 spreta
1726 4080 1895 4149 l'utili
1929 4084 2317 4149 auctoritate
2348 4084 2712 4151 scribarum

328 4190 409 4256 ad
438 4209 624 4257 suam
673 4190 973 4279 loquendi
1012 4189 1586 4268 consuetudinem,
1636 4188 1735 4254 ἐπὶ
1777 4190 1888 4265 τὴν
1933 4189 2281 4267 συνήθειαν,
2324 4190 2715 4274 εὖεπιφόρων.

330 4294 685 4362 Videamus
739 4294 821 4365 de
878 4296 1090 4365 verbo.
1189 4296 1408 4365 Solum
1470 4291 1871 4381 φρατριάζειν
1927 4292 2196 4383 probum
2263 4305 2329 4361 et
2376 4315 2604 4363 sanum
2654 4302 2720 4361 et

338 4401 683 4489 antiquum
748 4413 885 4482 est,
946 4411 1011 4471 et
1055 4403 1413 4489 φρατρΙζειν
1462 4412 1533 4471 ut
1577 4398 1830 4486 φράτωρ
1876 4408 1976 4468 est
2021 4405 2141 4466 τῶν
2183 4399 2482 4484 νεωτέρων
2519 4423 2726 4486 παρα·
