2934 5050
1156 306 1584 358 mucronum.
2476 289 2556 353 17

297 476 437 563 Cap.
477 476 584 544 80.
632 477 742 541 καί
787 500 959 552 τινας
1010 482 1213 547 αὐτῶν
1259 476 1516 542 ἔπεισαν
1557 478 1622 550 ἐς
1666 478 1785 550 τὰς
1833 481 1978 550 ναῦς
2025 477 2316 554 ἐσβῆναι·
2368 477 2561 551 ἐπλή-

216 605 394 661 ρωσαν
445 583 568 664 γὰρ
613 579 779 661 ὅμως
823 581 1154 663 τριάκοντα
1213 580 1714 669 [προσδεχόμενοι
1776 581 1880 647 τὸν
1937 581 2287 669 ἐπίπλουν].
2358 579 2565 647 Verba

216 693 473 754 extrema
513 691 762 755 uncinis
803 689 1068 756 inclusit
1126 689 1454 755 Bekkerus
1472 735 1491 765 ,
1554 690 1667 773 qui
1707 690 1801 753 sic
1842 689 1911 751 in
1953 689 2157 753 notis:
2226 712 2346 764 ,,π.
2395 711 2459 753 τ.
2510 689 2560 753 ε’.

212 793 272 856 in
310 796 562 876 momine
604 795 679 859 B.
720 795 792 860 F.
841 815 968 861 om.
1015 794 1132 859 A.’'
1201 793 1440 859 Verum
1475 795 1777 878 quoniam
1814 798 2061 858 constat
2104 793 2159 857 E
2205 798 2269 858 et
2315 790 2408 868 G,
2450 795 2562 876 qui

211 897 385 962 verba
436 901 737 984 praebent
753 947 770 978 ‚
832 921 947 965 nec
1008 900 1087 964 ab
1144 901 1205 965 A
1268 919 1385 964 nec
1444 919 1483 963 a
1542 909 1587 962 Β
1644 898 1839 963 fuisse
1896 898 2240 983 descriptos
2255 945 2272 975 ,
2348 901 2565 963 contra

211 997 497 1067 Codicum
539 1006 600 1070 A
643 1010 710 1070 et
751 1005 806 1069 B
851 1025 1090 1092 magna
1132 1008 1228 1069 est
1271 1005 1595 1069 consensio
1610 1050 1627 1081 ,
1689 1005 1829 1068 veri
1874 1002 2154 1067 similius
2207 1010 2304 1067 est
2359 1004 2429 1066 in
2488 1022 2560 1067 eo

211 1104 355 1172 h'bro
397 1129 543 1173 casu
587 1112 824 1174 omissa
867 1113 933 1173 et
973 1113 1192 1192 postea
1233 1109 1526 1194 margine
1570 1107 1885 1192 adscripta
1925 1108 2146 1184 fuisse,
2200 1109 2562 1194 marginem

208 1217 405 1276 autem
451 1233 491 1278 a
534 1214 742 1278 scriba
800 1210 1053 1279 Codicis
1096 1214 1157 1278 A
1213 1214 1282 1276 in
1342 1212 1749 1278 describendo
1793 1211 2160 1300 neglectum
2212 1232 2367 1278 esse.
2437 1210 2563 1276 Sed

209 1335 319 1399 quo
359 1318 618 1383 tandem
677 1317 868 1383 modo
928 1315 1089 1396 ὅμως
1144 1319 1348 1402 accipi
1393 1315 1632 1381 debet?
1714 1317 1938 1382 Nonne
1991 1316 2134 1384 luce
2193 1317 2424 1383 clarius
2467 1323 2564 1382 est

205 1440 403 1485 veram
445 1420 787 1487 lectionem
824 1443 994 1498 esse,
1043 1421 1403 1501 ἐπλήρωσαν
1448 1422 1577 1500 γὰρ
1619 1422 1771 1499 ὁμοῦ
1816 1423 1894 1491 ὦς
1936 1419 2305 1502 τριάκονταῗ

283 1524 432 1591 Mox
472 1547 592 1613 pro
634 1525 826 1605 μέσου
874 1524 1101 1606 ήμέρας
1148 1525 1292 1614 lege
1334 1524 1638 1604 μεσούσης
1691 1524 1942 1606 ήμέρας.

282 1734 428 1824 Gap.
469 1736 581 1804 81.
626 1735 1043 1817 ἀπεχώρησαν
1084 1772 1170 1785 --·
1216 1737 1350 1802 imo
1396 1735 1817 1818 ὦπεχώρισαν.

282 1946 426 2034 Cap.
467 1947 582 2015 82.
632 1947 931 2028 διαφορῶν
990 1949 1176 2014 οὐσῶν
1224 1947 1550 2028 ἐκαςαχοῦ
1610 1954 1738 2019 τοῖς
1789 1971 1861 2012 τε
1917 1952 2035 2012 τῶν
2081 1946 2286 2024 δήμων
2333 1945 2565 2027 προςα-

202 2077 328 2126 ταις
372 2056 514 2127 τοὺς
565 2052 922 2127 Ἀθηναίους
972 2051 1328 2129 ἐπάγεσθαι
1373 2053 1479 2116 καὶ
1527 2060 1653 2124 τοῖς
1703 2052 1933 2130 ὀλίγοις
1980 2052 2120 2126 τοὺς
2166 2053 2567 2129 Λακεδαιμο-

199 2159 341 2232 νίους
398 2159 509 2225 καὶ
580 2158 642 2222 ἐν
696 2158 811 2235 μὶν
874 2160 1071 2241 εἰρήνῃ
1128 2160 1235 2224 οὐκ
1298 2157 1376 2223 ἂν
1436 2157 1704 2238 ἐχόντων
1764 2156 2075 2240 πρόφασιν
2135 2159 2254 2224 οὐδ’
2318 2157 2570 2235 ἑτοίμων

202 2272 584 2344 παρακαλεῖν
633 2262 855 2334 αὐτούς
876 2284 891 2300 ·
957 2261 1429 2341 πολεμουμένων
1474 2263 1536 2328 δὲ
1583 2264 1688 2328 καὶ
1735 2261 2114 2343 ξυμμαχίας
2161 2259 2303 2341 ἅμα
2350 2261 2569 2327 ἐκατέ-

201 2392 304 2448 ροις
366 2380 445 2454 τῇ
515 2376 638 2435 τῶν
696 2368 979 2433 ἐναντίων
1040 2368 1303 2433 κακώσει
1360 2368 1466 2433 καὶ
1527 2369 1743 2451 σφίσιν
1804 2370 2014 2442 αὐτοῖς
2067 2370 2137 2433 ἐκ
2196 2373 2304 2433 τοῦ
2372 2369 2565 2433 αὑτοῦ

204 2475 584 2554 προσποιήσει
640 2473 852 2557 ῥᾳδίως
916 2474 982 2539 αἱ
1054 2472 1396 2553 ἐπαγωγαὶ
1452 2480 1577 2547 τοῖς
1639 2472 1996 2556 νεωτερίζειν
2057 2498 2117 2540 τι
2173 2472 2566 2554 βουλομένοις

201 2580 548 2662 ἐπορίζοντο.
636 2580 780 2645 Nisi
838 2580 1074 2644 excidit
1118 2578 1394 2663 aliquid,
1458 2578 1812 2657 ἐπάγεσθαι
1859 2601 1897 2645 a
1941 2581 2237 2662 διαφορῶν
2298 2580 2569 2666 pendeat

199 2706 434 2752 necesse
479 2690 580 2751 est
597 2731 615 2761 ,
664 2684 830 2768 quod
876 2683 1137 2749 fortasse
1179 2686 1454 2748 auctoris
1514 2685 1814 2751 brevitati
1872 2686 2369 2751 condonandum.
2440 2683 2566 2748 Sed

197 2789 357 2855 haud
399 2788 628 2876 procul
675 2789 852 2854 abest
911 2791 1066 2872 quin
1126 2791 1233 2853 τοῦ
1296 2794 1442 2855 ante
1486 2789 1628 2863 τοὺς
1684 2790 2032 2865 Ἀθηναίους
2080 2790 2426 2855 necessario
2471 2788 2564 2851 in-

198 2896 526 2960 serendum
584 2898 829 2980 putem.
913 2892 1012 2958 Ne
1068 2891 1249 2957 ὅντων
1294 2899 1436 2978 post
1497 2894 1750 2973 ἑτοίμων
1791 2898 2029 2982 requiri
2087 2896 2296 2960 dicam
2355 2894 2565 2958 obstat

197 3000 351 3082 quod
391 3018 696 3086 persaepe
733 2995 960 3063 Graeci
1013 2993 1280 3074 ἕτοιμος,
1322 2997 1619 3078 πρόθυμος
1664 3006 1731 3066 et
1781 3001 2024 3065 similia
2057 2999 2396 3064 subaudito
2433 2997 2566 3075 εἶμί

197 3112 514 3190 usurpant.
588 3102 713 3167 Sed
759 3104 864 3167 cui
908 3121 1033 3166 non
1065 3107 1301 3183 *essent
1342 3099 1613 3182 ἕτοιμοιῒ
1690 3105 1875 3170 Nihil
1921 3107 2092 3170 enim
2137 3104 2217 3169 ad
2261 3103 2563 3169 factiones

195 3211 522 3275 intestinas
581 3206 853 3273 faciebat
913 3210 1048 3272 sive
1092 3227 1218 3292 pax
1278 3211 1414 3274 sive
1478 3208 1722 3273 bellum
1779 3230 1928 3274 cum
1982 3209 2108 3275 alia
2153 3210 2413 3274 civitate
2456 3208 2565 3273 ha-

197 3312 425 3380 berent.
537 3310 776 3379 Contra
848 3313 1023 3397 pacis
1082 3318 1366 3397 tempore
1429 3313 1611 3378 nulla
1669 3318 1805 3380 erat
1869 3314 2282 3399 quamobrem
2339 3313 2571 3398 reliqui

196 3414 494 3485 Graeciae
575 3417 798 3503 populi
865 3437 933 3481 se
999 3436 1218 3481 eorum
1286 3416 1727 3483 simultatibus
1792 3420 2245 3482 immiscerent.
2362 3418 2568 3497 Quare

193 3526 397 3607 potius
442 3523 566 3588 hoo
633 3521 1078 3609 Thucydidem
1145 3525 1490 3607 respexisse
1557 3523 1738 3588 credo
1806 3529 1872 3588 et
1937 3525 2256 3608 scripsisse
2323 3521 2429 3586 οὐκ
2490 3521 2566 3586 ἂν

194 3625 456 3706 ἐχόντων
514 3624 830 3709 πρόφασιν
905 3625 1028 3691 οὐδ’
1096 3626 1423 3703 ἑτοίμους
1488 3635 1878 3707 παρακαλεῖν
1937 3626 2184 3697 αὐτούς.
2267 3624 2569 3710 Sequitur

192 3736 385 3798 oratio
430 3732 963 3817 impeditissima,
1025 3736 1100 3796 ut
1143 3734 1353 3816 primo
1409 3736 1666 3818 aspectu
1708 3733 1998 3809 videtur,
2060 3731 2169 3796 sed
2210 3733 2403 3795 unius
2446 3732 2566 3795 im-

192 3840 445 3920 portuni
509 3834 806 3902 vocabuli
875 3835 1107 3901 damno
1174 3841 1419 3902 caetera
1487 3839 1761 3902 nitorem
1830 3857 2021 3901 suum
2088 3836 2563 3920 recuperabunt.

190 3940 341 4006 Dele
384 3941 690 4021 ἑκατέροις
708 3987 726 4016 ,
773 3939 942 4024 quod
982 3942 1038 4004 si
1076 3960 1200 4025 quo
1244 3943 1312 4006 in
1356 3941 1496 4006 loco
1537 3946 1702 4007 stare
1746 3942 1999 4006 deberet
2039 3945 2183 4026 post
2226 3939 2567 4018 ἐπαγωγαί

192 4045 627 4112 collocandum
694 4051 874 4110 esset.
979 4044 1106 4110 Hic
1175 4048 1528 4111 arctissime
1595 4046 1992 4111 cohaerentia
2055 4042 2100 4110 ἅ
2116 4069 2168 4121 μ
2185 4067 2229 4108 α
2297 4052 2381 4124 τῇ
2447 4049 2565 4109 τῶν

191 4150 475 4216 ἐναντίων
522 4151 783 4216 κακώσει
844 4152 938 4214 ita
980 4152 1263 4237 seiungit
1303 4154 1380 4215 ut
1433 4173 1513 4217 ne
1555 4151 1866 4216 admoniti
1909 4149 2169 4235 quidem
2230 4148 2427 4215 simul
2470 4170 2569 4215 ca-

189 4273 332 4338 pere
375 4257 717 4341 possimus.

273 4360 438 4426 Mox
501 4362 570 4424 in
612 4360 721 4435 τὴν
768 4358 1111 4440 ὑπερβολήν
1167 4359 1442 4439 offendo;
1505 4360 1763 4427 videtur
1819 4363 1991 4427 enim
2050 4360 2370 4449 glossema
2429 4380 2565 4426 esse

2133 4469 2164 4513 α
