2934 5050
1235 323 1437 373 uuis.
2135 364 2150 372 -
2485 309 2570 371 65

208 498 401 558 retur.
495 491 861 569 Memini,
934 491 1182 579 inquit,
1258 492 1336 559 in
1392 500 1691 561 senatu
1737 491 2153 561 disertum
2195 493 2571 562 consula·

207 615 357 662 rem
432 598 551 663 ita
624 597 938 685 eloqui:
1014 597 1219 665 hanc
1279 597 1604 687 culpam
1672 600 2107 676 maiorem,
2175 619 2271 666 an
2337 599 2567 667 illam

207 700 503 769 dicam?
555 705 827 790 potuit
872 703 1362 771 obscenius?
1457 703 1643 770 Nulla
1698 714 1914 771 autem
1962 715 2097 771 erat
2166 705 2565 781 obscenitas,

206 807 254 872 si
330 808 394 873 iu
485 809 717 876 illam
804 811 984 895 prior
1063 809 1305 899 syllaba
1382 810 1684 877 exaudita
1757 820 1902 890 θείς
1976 831 2178 898 quae,
2267 812 2573 900 quoniam

205 911 492 980 adiuncta
563 914 970 1003 praecedenti
1031 936 1126 981 an
1192 915 1439 983 nullum
1512 916 1785 985 auribus
1849 916 2119 983 latinum
2188 917 2571 985 vocabulum

201 1021 633 1109 arripiendum
662 1021 1106 1108 praebuisset,
1140 1024 1503 1089 necessario
1524 1021 1793 1090 alteram
1821 1023 2131 1112 syllabam
2160 1044 2342 1095 suam
2371 1033 2572 1091 attra-

202 1128 383 1192 xisset
421 1137 626 1214 atque
661 1149 736 1195 eo
776 1129 912 1215 ipso
945 1148 979 1193 a
1007 1128 1300 1215 sequenti
1344 1128 1616 1196 dicam
1658 1128 2100 1196 disiunxisset.
2152 1130 2391 1199 Verum
2420 1150 2568 1196 cum

202 1230 660 1299 anlamdiea
684 1253 742 1299 m
773 1235 1373 1320 recipereutaures3
1404 1255 1586 1302 mens
1610 1244 1722 1301 aut
1750 1246 1924 1302 caste
1964 1235 2231 1307 anlatu
2273 1235 2314 1309 d
2339 1233 2574 1312 icam,

200 1346 300 1403 aut
335 1358 579 1424 spurce
630 1340 723 1406 an
776 1336 1212 1406 lamdicam
1256 1340 1542 1408 «lividere
1584 1343 1813 1428 potuit.
1887 1340 1954 1407 Si
1995 1362 2147 1408 vero
2188 1341 2572 1411 anillam-

201 1441 447 1510 dicam
513 1444 815 1512 auditum
880 1454 1087 1525 esset,
1151 1467 1298 1513 cum
1351 1446 1524 1512 anit
1591 1445 2074 1527 tamdicam,
2148 1447 2317 1534 quod
2384 1447 2568 1514 nihili

200 1559 389 1630 esset,
446 1571 581 1618 non
638 1559 854 1638 posset
917 1560 1164 1619 mentes
1213 1553 1490 1627 intrare,
1540 1551 1698 1618 nihil
1749 1562 2006 1639 praeter
2052 1553 2410 1621 anillam
2462 1550 2570 1621 di·

200 1675 354 1722 cam
405 1655 686 1744 intelligi
732 1666 1023 1745 poterat;
1073 1658 1137 1723 in
1188 1679 1316 1746 quo
1361 1658 1515 1745 quid
1567 1659 1793 1726 fuisset
1842 1657 2140 1727 obsceni?

279 1868 364 1933 Ad
417 1870 607 1937 Fam.
658 1870 735 1937 X.
784 1869 902 1957 Ep.
962 1878 1025 1946 t,
1077 1875 1139 1936 4.

278 1974 598 2043 Furnium
668 1975 900 2042 Planco
964 1975 1258 2064 pluribus
1317 1976 1755 2059 commcndat3
1811 1986 2095 2067 teque.
2149 1978 2398 2065 inquit,
2452 1976 2568 2045 boc

195 2083 684 2148 existimare
722 2081 935 2157 volo,
972 2081 1386 2170 quidquid
1431 2083 1509 2148 in
1551 2104 1728 2152 eum
1770 2084 2077 2152 iudicii
2120 2083 2570 2171 officiique

196 2187 699 2264 contuleris,
766 2187 842 2254 id
906 2190 1021 2255 ita
1088 2209 1201 2253 me
1246 2190 1675 2277 accipere,
1743 2191 1951 2259 utin
2001 2210 2117 2257 me
2179 2190 2441 2277 ipsum
2495 2199 2569 2257 tc

197 2304 447 2379 putem
519 2294 1012 2361 contulisse.
1107 2294 1266 2362 Nota
1326 2303 1427 2361 est
1487 2316 1559 2363 ea
1608 2299 1967 2385 proprietas
2015 2298 2334 2367 sermonis
2375 2296 2561 2362 latini

194 2418 292 2485 per
343 2422 547 2489 quam
611 2399 907 2469 conferre
957 2420 1223 2480 curam,
1273 2421 1569 2490 operam,
1630 2401 1873 2480 officia,
1922 2411 1991 2470 et
2038 2401 2239 2469 multa
2295 2410 2563 2495 possunt

193 2503 361 2588 addi,
408 2508 679 2574 dicatur
725 2528 841 2595 pro
878 2528 1110 2575 curare
1137 2528 1293 2586 rem,
1336 2506 1666 2576 elaborare
1694 2511 1757 2576 in
1786 2531 1894 2588 re,
1937 2510 2182 2577 servire
2206 2507 2563 2584 commodis

191 2613 472 2683 alicuiuS.
530 2615 675 2681 Erit
721 2633 875 2700 ergo
921 2613 1214 2681 conferre
1261 2613 1608 2689 iudicium,
1665 2613 1990 2682 iudicandi
2040 2615 2410 2688 facultatem
2449 2615 2557 2682 ad·

194 2716 396 2789 bibere
455 2724 601 2788 sive
661 2719 988 2799 iudicare,
1050 2728 1113 2785 et
1163 2718 1401 2786 dixerit
1448 2719 1705 2788 Cicero:
1756 2719 2070 2808 quidquid
2120 2723 2180 2790 in
2235 2720 2552 2790 Furnium

195 2822 506 2894 iudicandi
565 2825 890 2893 facultatis
927 2824 1304 2893 adhibueris
1351 2824 1413 2891 id
1461 2828 1525 2893 in
1577 2847 1679 2894 me
1717 2825 2078 2893 adhibitum
2118 2847 2259 2900 esse
2298 2826 2554 2914 putabo.

195 2930 312 2998 Alia
361 2933 720 3020 scripsisse
782 2932 1074 2999 videtur:
1142 2931 1554 3020 quidquid
1608 2934 1682 2998 in
1733 2952 1909 2999 eum
1965 2940 2200 2999 studii
2247 2930 2558 3001 officii·

196 3055 323 3122 que
370 3037 868 3107 contuleris.

272 3252 359 3317 Ad
410 3252 598 3319 Fam.
653 3251 822 3318 xtlt.
874 3250 992 3338 Ep.
1048 3255 1167 3330 50,
1221 3255 1282 3316 2.

276 3357 336 3423 t..
383 3356 699 3424 Manlium
746 3357 954 3426 Acilio
998 3355 1445 3435 commendat,
1495 3357 1607 3443 qui
1658 3375 1772 3442 pro
1817 3354 2080 3422 consule
2127 3353 2413 3424 Siciliam
2452 3352 2563 3420 ob-

201 3460 443 3532 tinebat.
562 3464 761 3530 l’eto
820 3462 961 3530 abs
1022 3470 1137 3532 te.
1213 3473 1297 3529 ut
1358 3481 1533 3528 eum
1599 3463 1772 3528 sive
1833 3460 2109 3527 aderit
2172 3460 2351 3526 sive
2413 3478 2566 3525 non

198 3572 507 3636 venerit
553 3569 631 3636 in
674 3567 1094 3645 Siciliam,
1145 3568 1655 3644 itatractes,
1705 3576 1789 3633 ut
1833 3565 2278 3652 intelligat
2319 3584 2569 3634 meam

200 3671 345 3738 sibi
439 3673 1246 3742 commendationem
1335 3693 1620 3759 magno
1707 3671 2191 3739 adiumento
2276 3669 2564 3737 fuisse.

200 3775 448 3867 Quoquo
487 3779 677 3847 modo
715 3788 995 3847 tractare
1034 3780 1408 3859 absentem,
1460 3782 1569 3866 qui
1605 3798 1728 3845 non
1764 3779 2041 3853 venerit,
2087 3775 2288 3848 Acilio
2324 3773 2563 3842 durum

201 3901 264 3947 ac
306 3885 563 3953 difficile
611 3887 759 3953 erit.
854 3886 1121 3973 Scripsit
1172 3884 1424 3952 Cicero:
1475 3885 1652 3951 sive
1697 3906 1867 3949 nox
1912 3882 2272 3950 venerit.

281 4095 369 4163 Ad
421 4098 602 4166 Fam.
659 4097 826 4165 xlv,
880 4098 993 4184 Ep.
1051 4105 1123 4178 1,
1177 4106 1238 4165 5.

281 4201 572 4270 Terentia
622 4204 914 4269 Ciceroni
966 4205 1176 4271 vicum
1219 4225 1288 4272 se
1336 4202 1745 4269 vendituram
1803 4201 2199 4287 scripserat,
2252 4207 2325 4266 ut
2371 4198 2451 4264 ad
2502 4198 2573 4264 il-

205 4302 395 4375 lorum
447 4321 809 4395 temporum
863 4311 1279 4377 necessitates
1326 4316 1744 4396 suppeterent
1773 4307 2018 4392 copiae.
2073 4303 2393 4391 Improbat
2423 4324 2572 4370 con·

206 4409 408 4478 silium
477 4415 753 4483 inaritus
815 4425 1160 4504 censetque
1210 4435 1511 4482 nummos
1560 4412 1750 4479 filiolo
1803 4411 2225 4478 reservandos
2275 4429 2454 4488 esse,
2507 4411 2569 4476 in

2231 4521 2260 4564 ⁵
