<?xml version="1.0" encoding="UTF-8"?>
<!DOCTYPE html PUBLIC "-//W3C//DTD XHTML 1.0 Transitional//EN"
    "http://www.w3.org/TR/xhtml1/DTD/xhtml1-transitional.dtd">
<html xmlns="http://www.w3.org/1999/xhtml" xml:lang="en" lang="en">
 <head>
  <title>
</title>
<meta http-equiv="Content-Type" content="text/html;charset=utf-8" />
  <meta name='ocr-system' content='tesseract 3.04.00' />
  <meta name='ocr-capabilities' content='ocr_page ocr_carea ocr_par ocr_line ocrx_word'/>
</head>
<body>
  <div class='ocr_page' id='page_1' title='image "./mnemosynebiblio09servgoog/mnemosynebiblio09servgoog_0619.png"; bbox 0 0 2934 5050; ppageno 0'>
   <div class='ocr_carea' id='block_1_1' title="bbox 919 295 2558 363">
    <p class='ocr_par' dir='ltr' id='par_1_1' title="bbox 919 295 2558 363">
     <span class='ocr_line' id='line_1_1' title="bbox 919 295 2558 363; baseline 0 -4"><span class='ocrx_word' id='word_1_1' title='bbox 919 312 1005 360; x_wconf 72' lang='lat' dir='ltr'><strong><em>An</em></strong></span> <span class='ocrx_word' id='word_1_2' title='bbox 1054 311 1318 362; x_wconf 72' lang='lat' dir='ltr'>sroBAm</span> <span class='ocrx_word' id='word_1_3' title='bbox 1363 312 1818 363; x_wconf 64' lang='lat' dir='ltr'><strong><em>anonumum.</em></strong></span> <span class='ocrx_word' id='word_1_4' title='bbox 2473 295 2558 359; x_wconf 88' lang='grc'><strong><em>93</em></strong></span> 
     </span>
    </p>
   </div>
   <div class='ocr_carea' id='block_1_2' title="bbox 191 480 2558 673">
    <p class='ocr_par' dir='ltr' id='par_1_2' title="bbox 191 480 2558 673">
     <span class='ocr_line' id='line_1_2' title="bbox 193 480 2558 557; baseline 0 -11"><span class='ocrx_word' id='word_1_5' title='bbox 193 480 584 546; x_wconf 85' lang='lat' dir='ltr'>substitueris</span> <span class='ocrx_word' id='word_1_6' title='bbox 628 480 888 557; x_wconf 80' lang='grc' dir='ltr'><strong><em>τάγαθά</em></strong></span> <span class='ocrx_word' id='word_1_7' title='bbox 936 486 1001 545; x_wconf 85' lang='lat' dir='ltr'>et</span> <span class='ocrx_word' id='word_1_8' title='bbox 1047 482 1318 548; x_wconf 88' lang='lat' dir='ltr'>absurda</span> <span class='ocrx_word' id='word_1_9' title='bbox 1359 487 1672 550; x_wconf 87' lang='lat' dir='ltr'>sententia</span> <span class='ocrx_word' id='word_1_10' title='bbox 1714 484 1948 549; x_wconf 81' lang='lat' dir='ltr'>exibit:</span> <span class='ocrx_word' id='word_1_11' title='bbox 2000 484 2221 551; x_wconf 87' lang='lat' dir='ltr'>eodem</span> <span class='ocrx_word' id='word_1_12' title='bbox 2264 482 2454 551; x_wconf 87' lang='lat' dir='ltr'>modo</span> <span class='ocrx_word' id='word_1_13' title='bbox 2500 485 2558 548; x_wconf 89' lang='lat' dir='ltr'>si</span> 
     </span>
     <span class='ocr_line' id='line_1_3' title="bbox 191 583 2015 673; baseline 0.001 -23"><span class='ocrx_word' id='word_1_14' title='bbox 191 604 300 668; x_wconf 83' lang='lat' dir='ltr'><strong><em>pro</em></strong></span> <span class='ocrx_word' id='word_1_15' title='bbox 343 583 576 663; x_wconf 70' lang='grc' dir='ltr'><strong><em>τάγάθ·</em></strong></span> <span class='ocrx_word' id='word_1_16' title='bbox 623 585 684 649; x_wconf 81' lang='grc' dir='ltr'><strong><em>ἐν</em></strong></span> <span class='ocrx_word' id='word_1_17' title='bbox 727 591 932 665; x_wconf 77' lang='grc' dir='ltr'><strong><em>χεροῖν</em></strong></span> <span class='ocrx_word' id='word_1_18' title='bbox 977 584 1225 669; x_wconf 76' lang='grc' dir='ltr'><strong><em>ἔχοντες</em></strong></span> <span class='ocrx_word' id='word_1_19' title='bbox 1272 590 1673 673; x_wconf 80' lang='lat' dir='ltr'>supposueris</span> <span class='ocrx_word' id='word_1_20' title='bbox 1716 587 2015 666; x_wconf 78' lang='grc' dir='ltr'><strong><em>τάγαθόν.</em></strong></span> 
     </span>
    </p>
   </div>
   <div class='ocr_carea' id='block_1_3' title="bbox 179 791 2561 2140">
    <p class='ocr_par' dir='ltr' id='par_1_3' title="bbox 274 791 2344 1194">
     <span class='ocr_line' id='line_1_4' title="bbox 274 791 1648 862; baseline 0.001 -5"><span class='ocrx_word' id='word_1_21' title='bbox 274 792 347 858; x_wconf 90' lang='lat' dir='ltr'><strong><em>In</em></strong></span> <span class='ocrx_word' id='word_1_22' title='bbox 391 791 609 858; x_wconf 83' lang='lat' dir='ltr'><strong><em>Floril.</em></strong></span> <span class='ocrx_word' id='word_1_23' title='bbox 657 793 765 859; x_wconf 89' lang='lat' dir='ltr'><strong><em>IV.</em></strong></span> <span class='ocrx_word' id='word_1_24' title='bbox 816 793 924 858; x_wconf 84' lang='lat'><strong><em>34.</em></strong></span> <span class='ocrx_word' id='word_1_25' title='bbox 974 794 1264 860; x_wconf 81' lang='lat' dir='ltr'>Rhianus</span> <span class='ocrx_word' id='word_1_26' title='bbox 1307 798 1401 860; x_wconf 84' lang='lat' dir='ltr'><strong><em>ita</em></strong></span> <span class='ocrx_word' id='word_1_27' title='bbox 1444 800 1648 862; x_wconf 82' lang='lat' dir='ltr'>canit:</span> 
     </span>
     <span class='ocr_line' id='line_1_5' title="bbox 1172 897 2099 979; baseline 0.005 -16"><span class='ocrx_word' id='word_1_28' title='bbox 1172 899 1397 978; x_wconf 86' lang='grc' dir='ltr'><strong><em>βιότοιο</em></strong></span> <span class='ocrx_word' id='word_1_29' title='bbox 1443 901 1559 979; x_wconf 78' lang='grc' dir='ltr'><strong><em>μὲν</em></strong></span> <span class='ocrx_word' id='word_1_30' title='bbox 1605 897 1666 975; x_wconf 76' lang='grc' dir='ltr'><strong><em>ὅς</em></strong></span> <span class='ocrx_word' id='word_1_31' title='bbox 1713 903 1774 966; x_wconf 86' lang='grc' dir='ltr'><strong><em>κ’</em></strong></span> <span class='ocrx_word' id='word_1_32' title='bbox 1822 903 2099 977; x_wconf 69' lang='grc' dir='ltr'><strong><em>ἐπιδευὴς</em></strong></span> 
     </span>
     <span class='ocr_line' id='line_1_6' title="bbox 448 1003 2141 1086; baseline 0 -13"><span class='ocrx_word' id='word_1_33' title='bbox 448 1009 776 1085; x_wconf 77' lang='grc' dir='ltr'><strong><em>ςρωφᾶται</em></strong></span> <span class='ocrx_word' id='word_1_34' title='bbox 815 1003 1173 1085; x_wconf 73' lang='grc' dir='ltr'><strong><em>μακάρεσσι</em></strong></span> <span class='ocrx_word' id='word_1_35' title='bbox 1222 1003 1275 1069; x_wconf 86' lang='grc' dir='ltr'><strong><em>δ’</em></strong></span> <span class='ocrx_word' id='word_1_36' title='bbox 1321 1005 1423 1070; x_wconf 80' lang='grc' dir='ltr'><strong><em>ἐπὶ</em></strong></span> <span class='ocrx_word' id='word_1_37' title='bbox 1473 1004 1673 1086; x_wconf 82' lang='grc' dir='ltr'><strong><em>ψόγον</em></strong></span> <span class='ocrx_word' id='word_1_38' title='bbox 1720 1007 1884 1072; x_wconf 77' lang='grc' dir='ltr'><strong><em>αἰνὸν</em></strong></span> <span class='ocrx_word' id='word_1_39' title='bbox 1930 1007 2141 1073; x_wconf 73' lang='grc' dir='ltr'><strong><em>ἰάπτει</em></strong></span> 
     </span>
     <span class='ocr_line' id='line_1_7' title="bbox 447 1107 2344 1194; baseline 0.002 -21"><span class='ocrx_word' id='word_1_40' title='bbox 447 1107 834 1191; x_wconf 67' lang='grc' dir='ltr'><strong><em>ἀχνύμενος.</em></strong></span> <span class='ocrx_word' id='word_1_41' title='bbox 886 1117 1331 1174; x_wconf 73' lang='grc' dir='ltr'><strong>ΟΦΕΤΕΡΗΝ</strong></span> <span class='ocrx_word' id='word_1_42' title='bbox 1379 1108 1431 1173; x_wconf 87' lang='grc' dir='ltr'><strong><em>δ’</em></strong></span> <span class='ocrx_word' id='word_1_43' title='bbox 1475 1111 1695 1190; x_wconf 67' lang='grc' dir='ltr'><strong><em>άρετὺν</em></strong></span> <span class='ocrx_word' id='word_1_44' title='bbox 1742 1111 1847 1176; x_wconf 77' lang='grc' dir='ltr'><strong><em>καὶ</em></strong></span> <span class='ocrx_word' id='word_1_45' title='bbox 1896 1113 2079 1192; x_wconf 75' lang='grc' dir='ltr'><strong><em>θυμὸν</em></strong></span> <span class='ocrx_word' id='word_1_46' title='bbox 2125 1111 2344 1194; x_wconf 75' lang='grc' dir='ltr'><strong><em>ἀτίζει.</em></strong></span> 
     </span>
    </p>

    <p class='ocr_par' dir='ltr' id='par_1_4' title="bbox 181 1212 2557 1491">
     <span class='ocr_line' id='line_1_8' title="bbox 265 1212 2557 1305; baseline 0.003 -26"><span class='ocrx_word' id='word_1_47' title='bbox 265 1213 437 1302; x_wconf 78' lang='lat' dir='ltr'>Ergo</span> <span class='ocrx_word' id='word_1_48' title='bbox 499 1234 579 1279; x_wconf 89' lang='lat' dir='ltr'>ne</span> <span class='ocrx_word' id='word_1_49' title='bbox 637 1212 926 1279; x_wconf 84' lang='lat' dir='ltr'>Rhianus</span> <span class='ocrx_word' id='word_1_50' title='bbox 988 1215 1248 1299; x_wconf 88' lang='lat' dir='ltr'>quidem</span> <span class='ocrx_word' id='word_1_51' title='bbox 1300 1215 1541 1280; x_wconf 84' lang='lat' dir='ltr'>sciebat</span> <span class='ocrx_word' id='word_1_52' title='bbox 1585 1220 1698 1280; x_wconf 84' lang='lat' dir='ltr'><strong><em>aut</em></strong></span> <span class='ocrx_word' id='word_1_53' title='bbox 1741 1215 2147 1305; x_wconf 78' lang='lat' dir='ltr'>intelligebat</span> <span class='ocrx_word' id='word_1_54' title='bbox 2192 1217 2345 1303; x_wconf 91' lang='lat' dir='ltr'>quid</span> <span class='ocrx_word' id='word_1_55' title='bbox 2391 1220 2557 1285; x_wconf 86' lang='lat' dir='ltr'>inter</span> 
     </span>
     <span class='ocr_line' id='line_1_9' title="bbox 181 1317 2557 1406; baseline 0.003 -22"><span class='ocrx_word' id='word_1_56' title='bbox 181 1317 240 1392; x_wconf 69' lang='grc' dir='ltr'><strong><em>ὃς</em></strong></span> <span class='ocrx_word' id='word_1_57' title='bbox 297 1326 363 1385; x_wconf 84' lang='lat' dir='ltr'>et</span> <span class='ocrx_word' id='word_1_58' title='bbox 420 1319 719 1400; x_wconf 77' lang='grc' dir='ltr'><strong><em>σφέτερος</em></strong></span> <span class='ocrx_word' id='word_1_59' title='bbox 775 1320 1122 1385; x_wconf 78' lang='lat' dir='ltr'>interesset.</span> <span class='ocrx_word' id='word_1_60' title='bbox 1218 1319 1439 1405; x_wconf 85' lang='lat' dir='ltr'><strong>Neque</strong></span> <span class='ocrx_word' id='word_1_61' title='bbox 1501 1319 1849 1386; x_wconf 87' lang='lat' dir='ltr'>Phanocles</span> <span class='ocrx_word' id='word_1_62' title='bbox 1866 1368 1884 1398; x_wconf 89' lang='lat'><em>,</em></span> <span class='ocrx_word' id='word_1_63' title='bbox 1949 1325 2060 1406; x_wconf 89' lang='lat' dir='ltr'><strong><em>qui</em></strong></span> <span class='ocrx_word' id='word_1_64' title='bbox 2124 1321 2240 1401; x_wconf 87' lang='lat'><strong><em>64,</em></strong></span> <span class='ocrx_word' id='word_1_65' title='bbox 2292 1322 2378 1388; x_wconf 85' lang='lat'><strong><em>14</em></strong></span> <span class='ocrx_word' id='word_1_66' title='bbox 2398 1371 2412 1389; x_wconf 92' lang='lat'><strong>.</strong></span> <span class='ocrx_word' id='word_1_67' title='bbox 2461 1325 2557 1391; x_wconf 80' lang='lat' dir='ltr'><strong><em>ita</em></strong></span> 
     </span>
     <span class='ocr_line' id='line_1_10' title="bbox 181 1427 377 1491; baseline -0.005 0"><span class='ocrx_word' id='word_1_68' title='bbox 181 1427 377 1491; x_wconf 80' lang='lat' dir='ltr'>canit:</span> 
     </span>
    </p>

    <p class='ocr_par' dir='ltr' id='par_1_5' title="bbox 447 1527 2122 1612">
     <span class='ocr_line' id='line_1_11' title="bbox 447 1527 2122 1612; baseline 0.003 -19"><span class='ocrx_word' id='word_1_69' title='bbox 447 1537 685 1612; x_wconf 73' lang='grc' dir='ltr'><strong><em>Θρῇκες</em></strong></span> <span class='ocrx_word' id='word_1_70' title='bbox 735 1528 791 1594; x_wconf 87' lang='grc' dir='ltr'><strong><em>δ’</em></strong></span> <span class='ocrx_word' id='word_1_71' title='bbox 839 1532 919 1602; x_wconf 78' lang='grc' dir='ltr'><strong><em>ὥς</em></strong></span> <span class='ocrx_word' id='word_1_72' title='bbox 961 1527 1233 1603; x_wconf 81' lang='grc' dir='ltr'><strong><em>ἐδάησαν</em></strong></span> <span class='ocrx_word' id='word_1_73' title='bbox 1259 1530 1505 1595; x_wconf 73' lang='grc' dir='ltr'>-“Α(;</span> <span class='ocrx_word' id='word_1_74' title='bbox 1548 1530 1821 1610; x_wconf 74' lang='grc' dir='ltr'><strong><em>άλόχους</em></strong></span> <span class='ocrx_word' id='word_1_75' title='bbox 1867 1530 2122 1611; x_wconf 76' lang='grc' dir='ltr'><strong><em>ἔστιζον.</em></strong></span> 
     </span>
    </p>

    <p class='ocr_par' dir='ltr' id='par_1_6' title="bbox 179 1634 2561 2140">
     <span class='ocr_line' id='line_1_12' title="bbox 262 1634 2556 1723; baseline 0.002 -23"><span class='ocrx_word' id='word_1_76' title='bbox 262 1638 444 1701; x_wconf 76' lang='lat' dir='ltr'>Avus</span> <span class='ocrx_word' id='word_1_77' title='bbox 459 1681 483 1712; x_wconf 86' lang='lat'><strong><em>,</em></strong></span> <span class='ocrx_word' id='word_1_78' title='bbox 545 1636 657 1720; x_wconf 88' lang='lat' dir='ltr'><strong><em>qui</em></strong></span> <span class='ocrx_word' id='word_1_79' title='bbox 718 1655 757 1699; x_wconf 89' lang='lat' dir='ltr'>a</span> <span class='ocrx_word' id='word_1_80' title='bbox 804 1636 1140 1720; x_wconf 78' lang='lat' dir='ltr'>nepotibus</span> <span class='ocrx_word' id='word_1_81' title='bbox 1181 1637 1309 1700; x_wconf 62' lang='lat' dir='ltr'><strong><em>cuis</em></strong></span> <span class='ocrx_word' id='word_1_82' title='bbox 1349 1656 1549 1702; x_wconf 87' lang='lat' dir='ltr'>manu</span> <span class='ocrx_word' id='word_1_83' title='bbox 1592 1636 1848 1701; x_wconf 83' lang='lat' dir='ltr'>ducitur</span> <span class='ocrx_word' id='word_1_84' title='bbox 1894 1634 1979 1702; x_wconf 82' lang='lat'><strong><em>75</em></strong></span> <span class='ocrx_word' id='word_1_85' title='bbox 1998 1684 2016 1714; x_wconf 88' lang='lat'>‚</span> <span class='ocrx_word' id='word_1_86' title='bbox 2068 1635 2152 1701; x_wconf 84' lang='lat'><strong><em>14</em></strong></span> <span class='ocrx_word' id='word_1_87' title='bbox 2199 1637 2556 1723; x_wconf 84' lang='lat' dir='ltr'>appellatur</span> 
     </span>
     <span class='ocr_line' id='line_1_13' title="bbox 182 1738 2561 1830; baseline 0.002 -26"><span class='ocrx_word' id='word_1_88' title='bbox 182 1738 433 1812; x_wconf 82' lang='grc' dir='ltr'><strong><em>πάππος</em></strong></span> <span class='ocrx_word' id='word_1_89' title='bbox 479 1740 592 1804; x_wconf 80' lang='grc' dir='ltr'><strong><em>ὑπὸ</em></strong></span> <span class='ocrx_word' id='word_1_90' title='bbox 636 1747 1104 1805; x_wconf 78' lang='grc' dir='ltr'><strong>ΟΦΕΤΕΡΩΝ</strong></span> <span class='ocrx_word' id='word_1_91' title='bbox 1138 1740 1397 1819; x_wconf 88' lang='grc' dir='ltr'><strong><em>ἐκγόνων</em></strong></span> <span class='ocrx_word' id='word_1_92' title='bbox 1431 1740 2014 1822; x_wconf 70' lang='grc' dir='ltr'><strong><em>χειραγωγούμενος</em></strong></span> <span class='ocrx_word' id='word_1_93' title='bbox 2035 1790 2050 1808; x_wconf 91' lang='grc'><strong><em>.</em></strong></span> <span class='ocrx_word' id='word_1_94' title='bbox 2120 1741 2197 1806; x_wconf 90' lang='lat' dir='ltr'><strong><em>In</em></strong></span> <span class='ocrx_word' id='word_1_95' title='bbox 2218 1742 2561 1830; x_wconf 79' lang='lat' dir='ltr'>Epigram-·</span> 
     </span>
     <span class='ocr_line' id='line_1_14' title="bbox 181 1839 2550 1927; baseline 0.001 -17"><span class='ocrx_word' id='word_1_96' title='bbox 181 1852 344 1912; x_wconf 83' lang='lat' dir='ltr'>mate</span> <span class='ocrx_word' id='word_1_97' title='bbox 409 1845 492 1910; x_wconf 90' lang='lat' dir='ltr'>de</span> <span class='ocrx_word' id='word_1_98' title='bbox 550 1839 773 1910; x_wconf 86' lang='lat' dir='ltr'>Cleobi</span> <span class='ocrx_word' id='word_1_99' title='bbox 834 1850 900 1910; x_wconf 86' lang='lat' dir='ltr'>et</span> <span class='ocrx_word' id='word_1_100' title='bbox 943 1844 1171 1911; x_wconf 90' lang='lat' dir='ltr'>Bitone</span> <span class='ocrx_word' id='word_1_101' title='bbox 1221 1844 1384 1923; x_wconf 82' lang='lat'><strong>120,</strong></span> <span class='ocrx_word' id='word_1_102' title='bbox 1435 1844 1557 1911; x_wconf 82' lang='lat'><strong><em>23.</em></strong></span> <span class='ocrx_word' id='word_1_103' title='bbox 1607 1846 1797 1911; x_wconf 92' lang='lat' dir='ltr'>modo</span> <span class='ocrx_word' id='word_1_104' title='bbox 1843 1846 2078 1911; x_wconf 82' lang='lat' dir='ltr'>dicitur</span> <span class='ocrx_word' id='word_1_105' title='bbox 2118 1847 2360 1927; x_wconf 73' lang='grc' dir='ltr'><strong><em>μητέρα</em></strong></span> <span class='ocrx_word' id='word_1_106' title='bbox 2397 1848 2550 1913; x_wconf 84' lang='grc' dir='ltr'><strong><em>ἯΝ</em></strong></span> 
     </span>
     <span class='ocr_line' id='line_1_15' title="bbox 179 1948 2551 2037; baseline 0.001 -23"><span class='ocrx_word' id='word_1_107' title='bbox 179 1949 448 2028; x_wconf 77' lang='grc' dir='ltr'><strong><em>άγέτην,</em></strong></span> <span class='ocrx_word' id='word_1_108' title='bbox 510 1949 702 2014; x_wconf 89' lang='lat' dir='ltr'>modo</span> <span class='ocrx_word' id='word_1_109' title='bbox 765 1948 1067 2028; x_wconf 77' lang='grc' dir='ltr'><strong><em>ἐτίμησαν</em></strong></span> <span class='ocrx_word' id='word_1_110' title='bbox 1127 1951 1368 2031; x_wconf 78' lang='grc' dir='ltr'><strong><em>μητέρα</em></strong></span> <span class='ocrx_word' id='word_1_111' title='bbox 1411 1950 1523 2024; x_wconf 70' lang='grc' dir='ltr'><strong><em>τὴν</em></strong></span> <span class='ocrx_word' id='word_1_112' title='bbox 1572 1948 2057 2016; x_wconf 75' lang='grc' dir='ltr'><strong><em>ΟΦΕΤΕΡΗΝ.</em></strong></span> <span class='ocrx_word' id='word_1_113' title='bbox 2150 1950 2334 2017; x_wconf 87' lang='lat' dir='ltr'>Nihil</span> <span class='ocrx_word' id='word_1_114' title='bbox 2378 1970 2551 2037; x_wconf 86' lang='lat' dir='ltr'>pror-</span> 
     </span>
     <span class='ocr_line' id='line_1_16' title="bbox 180 2054 2014 2140; baseline -0.001 -20"><span class='ocrx_word' id='word_1_115' title='bbox 180 2076 280 2122; x_wconf 84' lang='lat' dir='ltr'><strong><em>sus</em></strong></span> <span class='ocrx_word' id='word_1_116' title='bbox 322 2057 493 2120; x_wconf 82' lang='lat' dir='ltr'>inter</span> <span class='ocrx_word' id='word_1_117' title='bbox 535 2054 692 2119; x_wconf 80' lang='lat' dir='ltr'>haec</span> <span class='ocrx_word' id='word_1_118' title='bbox 736 2055 1035 2121; x_wconf 87' lang='lat' dir='ltr'>interesse</span> <span class='ocrx_word' id='word_1_119' title='bbox 1083 2058 1453 2140; x_wconf 79' lang='lat' dir='ltr'>opinantur,</span> <span class='ocrx_word' id='word_1_120' title='bbox 1502 2055 1667 2121; x_wconf 85' lang='lat' dir='ltr'>nihil</span> <span class='ocrx_word' id='word_1_121' title='bbox 1713 2058 2014 2121; x_wconf 85' lang='lat' dir='ltr'>sentiunt.</span> 
     </span>
    </p>
   </div>
   <div class='ocr_carea' id='block_1_4' title="bbox 180 2262 2552 2872">
    <p class='ocr_par' dir='ltr' id='par_1_7' title="bbox 180 2262 2552 2872">
     <span class='ocr_line' id='line_1_17' title="bbox 260 2262 2540 2345; baseline 0.001 -16"><span class='ocrx_word' id='word_1_122' title='bbox 260 2264 332 2329; x_wconf 94' lang='lat' dir='ltr'><strong><em>In</em></strong></span> <span class='ocrx_word' id='word_1_123' title='bbox 401 2262 624 2331; x_wconf 83' lang='lat' dir='ltr'><strong><em>Floril.</em></strong></span> <span class='ocrx_word' id='word_1_124' title='bbox 694 2262 799 2329; x_wconf 89' lang='lat' dir='ltr'><strong><em>IV.</em></strong></span> <span class='ocrx_word' id='word_1_125' title='bbox 871 2263 977 2330; x_wconf 85' lang='lat'><strong><em>47.</em></strong></span> <span class='ocrx_word' id='word_1_126' title='bbox 1042 2262 1451 2331; x_wconf 81' lang='lat' dir='ltr'>Cornelianus</span> <span class='ocrx_word' id='word_1_127' title='bbox 1510 2266 1701 2330; x_wconf 85' lang='lat' dir='ltr'>dicit:</span> <span class='ocrx_word' id='word_1_128' title='bbox 1764 2269 1941 2331; x_wconf 79' lang='grc' dir='ltr'><strong><em>τοῦτο</em></strong></span> <span class='ocrx_word' id='word_1_129' title='bbox 2001 2266 2125 2345; x_wconf 69' lang='grc' dir='ltr'><strong><em>γάρ</em></strong></span> <span class='ocrx_word' id='word_1_130' title='bbox 2186 2269 2387 2332; x_wconf 80' lang='grc' dir='ltr'><strong><em>αὐτῶν</em></strong></span> <span class='ocrx_word' id='word_1_131' title='bbox 2435 2267 2540 2331; x_wconf 76' lang='grc' dir='ltr'><strong><em>καὶ</em></strong></span> 
     </span>
     <span class='ocr_line' id='line_1_18' title="bbox 180 2366 2547 2452; baseline 0.002 -19"><span class='ocrx_word' id='word_1_132' title='bbox 180 2368 346 2445; x_wconf 79' lang='grc' dir='ltr'><strong><em>μόνον</em></strong></span> <span class='ocrx_word' id='word_1_133' title='bbox 389 2377 471 2452; x_wconf 72' lang='grc' dir='ltr'><strong><em>τῇ</em></strong></span> <span class='ocrx_word' id='word_1_134' title='bbox 520 2368 856 2448; x_wconf 70' lang='grc' dir='ltr'><strong><em>προαιρέσει</em></strong></span> <span class='ocrx_word' id='word_1_135' title='bbox 902 2369 1184 2449; x_wconf 76' lang='grc' dir='ltr'><strong><em>πρόσεςιν</em></strong></span> <span class='ocrx_word' id='word_1_136' title='bbox 1229 2370 1505 2447; x_wconf 79' lang='grc' dir='ltr'><strong><em>άγαθόν,</em></strong></span> <span class='ocrx_word' id='word_1_137' title='bbox 1551 2366 1697 2450; x_wconf 75' lang='grc' dir='ltr'><strong><em>ὅπερ</em></strong></span> <span class='ocrx_word' id='word_1_138' title='bbox 1737 2370 1828 2440; x_wconf 72' lang='grc' dir='ltr'><strong><em>ἐς)</em></strong></span> <span class='ocrx_word' id='word_1_139' title='bbox 1867 2370 2128 2448; x_wconf 77' lang='grc' dir='ltr'><strong><em>μέγιςον</em></strong></span> <span class='ocrx_word' id='word_1_140' title='bbox 2158 2377 2277 2436; x_wconf 82' lang='grc' dir='ltr'><strong><em>τῶν</em></strong></span> <span class='ocrx_word' id='word_1_141' title='bbox 2311 2377 2547 2449; x_wconf 74' lang='grc' dir='ltr'><strong><em>κακῶν.</em></strong></span> 
     </span>
     <span class='ocr_line' id='line_1_19' title="bbox 180 2474 2550 2563; baseline 0.001 -23"><span class='ocrx_word' id='word_1_142' title='bbox 180 2475 543 2541; x_wconf 80' lang='lat' dir='ltr'>insanientis</span> <span class='ocrx_word' id='word_1_143' title='bbox 600 2475 800 2539; x_wconf 85' lang='lat' dir='ltr'>oratio</span> <span class='ocrx_word' id='word_1_144' title='bbox 856 2474 1150 2540; x_wconf 81' lang='lat' dir='ltr'>videatur</span> <span class='ocrx_word' id='word_1_145' title='bbox 1196 2495 1329 2540; x_wconf 88' lang='lat' dir='ltr'>esse</span> <span class='ocrx_word' id='word_1_146' title='bbox 1376 2481 1440 2540; x_wconf 86' lang='lat' dir='ltr'>et</span> <span class='ocrx_word' id='word_1_147' title='bbox 1486 2495 1704 2541; x_wconf 88' lang='lat' dir='ltr'>secum</span> <span class='ocrx_word' id='word_1_148' title='bbox 1745 2477 2091 2563; x_wconf 80' lang='lat' dir='ltr'>pugnantis</span> <span class='ocrx_word' id='word_1_149' title='bbox 2109 2521 2127 2553; x_wconf 86' lang='lat'><em>,</em></span> <span class='ocrx_word' id='word_1_150' title='bbox 2174 2475 2284 2542; x_wconf 88' lang='lat' dir='ltr'><strong><em>sed</em></strong></span> <span class='ocrx_word' id='word_1_151' title='bbox 2328 2476 2550 2543; x_wconf 85' lang='lat' dir='ltr'>floscu-</span> 
     </span>
     <span class='ocr_line' id='line_1_20' title="bbox 180 2576 2552 2670; baseline 0.002 -28"><span class='ocrx_word' id='word_1_152' title='bbox 180 2576 274 2644; x_wconf 89' lang='lat' dir='ltr'>lus</span> <span class='ocrx_word' id='word_1_153' title='bbox 335 2584 432 2645; x_wconf 86' lang='lat' dir='ltr'><strong><em>est</em></strong></span> <span class='ocrx_word' id='word_1_154' title='bbox 493 2578 574 2644; x_wconf 89' lang='lat' dir='ltr'>de</span> <span class='ocrx_word' id='word_1_155' title='bbox 635 2578 929 2644; x_wconf 84' lang='lat' dir='ltr'>Isocratis</span> <span class='ocrx_word' id='word_1_156' title='bbox 989 2578 1173 2645; x_wconf 89' lang='lat' dir='ltr'>horto</span> <span class='ocrx_word' id='word_1_157' title='bbox 1233 2581 1564 2665; x_wconf 83' lang='lat' dir='ltr'>decerptus</span> <span class='ocrx_word' id='word_1_158' title='bbox 1578 2628 1595 2657; x_wconf 87' lang='lat'>‚</span> <span class='ocrx_word' id='word_1_159' title='bbox 1662 2583 1772 2665; x_wconf 90' lang='lat' dir='ltr'><strong><em>qui</em></strong></span> <span class='ocrx_word' id='word_1_160' title='bbox 1834 2581 2079 2647; x_wconf 83' lang='lat' dir='ltr'>dixerat</span> <span class='ocrx_word' id='word_1_161' title='bbox 2133 2582 2225 2670; x_wconf 88' lang='lat' dir='ltr'><strong><em>(in</em></strong></span> <span class='ocrx_word' id='word_1_162' title='bbox 2271 2583 2552 2664; x_wconf 72' lang='lat' dir='ltr'><strong><em>Fsuayora</em></strong></span> 
     </span>
     <span class='ocr_line' id='line_1_21' title="bbox 183 2681 2550 2769; baseline 0.003 -22"><span class='ocrx_word' id='word_1_163' title='bbox 183 2703 305 2769; x_wconf 80' lang='lat' dir='ltr'><strong><em>cap.</em></strong></span> <span class='ocrx_word' id='word_1_164' title='bbox 366 2683 430 2749; x_wconf 82' lang='lat'><strong><em>2.</em></strong></span> <span class='ocrx_word' id='word_1_165' title='bbox 495 2686 565 2748; x_wconf 91' lang='lat' dir='ltr'><strong><em>in</em></strong></span> <span class='ocrx_word' id='word_1_166' title='bbox 631 2682 850 2748; x_wconf 86' lang='lat' dir='ltr'>Floril.</span> <span class='ocrx_word' id='word_1_167' title='bbox 918 2681 1040 2761; x_wconf 84' lang='lat'><strong><em>38,</em></strong></span> <span class='ocrx_word' id='word_1_168' title='bbox 1105 2683 1240 2764; x_wconf 79' lang='lat'><strong>42.)</strong></span> <span class='ocrx_word' id='word_1_169' title='bbox 1284 2685 1512 2750; x_wconf 82' lang='grc' dir='ltr'><strong><em>τούτων</em></strong></span> <span class='ocrx_word' id='word_1_170' title='bbox 1561 2685 1615 2749; x_wconf 86' lang='grc' dir='ltr'><strong><em>δ’</em></strong></span> <span class='ocrx_word' id='word_1_171' title='bbox 1661 2685 1851 2759; x_wconf 77' lang='grc' dir='ltr'><strong><em>αἴτιος</em></strong></span> <span class='ocrx_word' id='word_1_172' title='bbox 1901 2687 1928 2750; x_wconf 82' lang='grc' dir='ltr'><em>ὃ</em></span> <span class='ocrx_word' id='word_1_173' title='bbox 1975 2683 2231 2764; x_wconf 81' lang='grc' dir='ltr'><strong><em>Φθόνος,</em></strong></span> <span class='ocrx_word' id='word_1_174' title='bbox 2281 2683 2325 2769; x_wconf 84' lang='grc' dir='ltr'><em>ᾧ</em></span> <span class='ocrx_word' id='word_1_175' title='bbox 2370 2691 2550 2753; x_wconf 82' lang='grc' dir='ltr'><strong><em>τοῦτο</em></strong></span> 
     </span>
     <span class='ocr_line' id='line_1_22' title="bbox 186 2783 2330 2872; baseline 0.002 -21"><span class='ocrx_word' id='word_1_176' title='bbox 186 2787 349 2864; x_wconf 85' lang='grc' dir='ltr'><strong><em>μόνον</em></strong></span> <span class='ocrx_word' id='word_1_177' title='bbox 390 2787 633 2866; x_wconf 83' lang='grc' dir='ltr'><strong><em>άγαθὸν</em></strong></span> <span class='ocrx_word' id='word_1_178' title='bbox 678 2785 995 2867; x_wconf 76' lang='grc' dir='ltr'><strong><em>πρόσεςιν,</em></strong></span> <span class='ocrx_word' id='word_1_179' title='bbox 1045 2783 1134 2853; x_wconf 74' lang='grc' dir='ltr'><strong><em>ὅτι</em></strong></span> <span class='ocrx_word' id='word_1_180' title='bbox 1185 2789 1441 2867; x_wconf 76' lang='grc' dir='ltr'><strong><em>μέγιςον</em></strong></span> <span class='ocrx_word' id='word_1_181' title='bbox 1488 2791 1676 2856; x_wconf 83' lang='grc' dir='ltr'><strong><em>κακὸν</em></strong></span> <span class='ocrx_word' id='word_1_182' title='bbox 1720 2799 1844 2863; x_wconf 81' lang='grc' dir='ltr'><strong><em>τοῖς</em></strong></span> <span class='ocrx_word' id='word_1_183' title='bbox 1894 2787 2141 2872; x_wconf 78' lang='grc' dir='ltr'><strong><em>ἔχουσίν</em></strong></span> <span class='ocrx_word' id='word_1_184' title='bbox 2185 2791 2330 2859; x_wconf 78' lang='grc' dir='ltr'><strong><em>ἐςιν.</em></strong></span> 
     </span>
    </p>
   </div>
   <div class='ocr_carea' id='block_1_5' title="bbox 181 2995 2554 3611">
    <p class='ocr_par' dir='ltr' id='par_1_8' title="bbox 181 2995 2554 3611">
     <span class='ocr_line' id='line_1_23' title="bbox 263 2995 2547 3083; baseline 0.001 -20"><span class='ocrx_word' id='word_1_185' title='bbox 263 2996 334 3062; x_wconf 91' lang='lat' dir='ltr'><strong><em>In</em></strong></span> <span class='ocrx_word' id='word_1_186' title='bbox 379 2996 601 3073; x_wconf 81' lang='lat' dir='ltr'><strong><em>Floril.</em></strong></span> <span class='ocrx_word' id='word_1_187' title='bbox 649 2995 756 3062; x_wconf 86' lang='lat' dir='ltr'><strong><em>IV.</em></strong></span> <span class='ocrx_word' id='word_1_188' title='bbox 809 2995 958 3062; x_wconf 88' lang='grc'><strong><em>103.</em></strong></span> <span class='ocrx_word' id='word_1_189' title='bbox 1005 2995 1293 3078; x_wconf 79' lang='grc' dir='ltr'><strong><em>ἄνθρωποι</em></strong></span> <span class='ocrx_word' id='word_1_190' title='bbox 1335 3000 1477 3073; x_wconf 84' lang='grc' dir='ltr'><strong><em>τοὺς</em></strong></span> <span class='ocrx_word' id='word_1_191' title='bbox 1505 3038 1587 3048; x_wconf 93' lang='grc'>-</span> <span class='ocrx_word' id='word_1_192' title='bbox 1616 3001 1677 3064; x_wconf 82' lang='grc' dir='ltr'><strong><em>ἐν</em></strong></span> <span class='ocrx_word' id='word_1_193' title='bbox 1716 2998 1984 3080; x_wconf 89' lang='grc' dir='ltr'><strong><em>τεράτων</em></strong></span> <span class='ocrx_word' id='word_1_194' title='bbox 2019 3000 2189 3083; x_wconf 81' lang='grc' dir='ltr'><strong><em>λόγῳ</em></strong></span> <span class='ocrx_word' id='word_1_195' title='bbox 2227 2999 2436 3074; x_wconf 78' lang='grc' dir='ltr'><strong><em>ἐόντας</em></strong></span> <span class='ocrx_word' id='word_1_196' title='bbox 2464 3037 2547 3050; x_wconf 92' lang='grc'>-</span> 
     </span>
     <span class='ocr_line' id='line_1_24' title="bbox 181 3100 2544 3195; baseline 0.003 -30"><span class='ocrx_word' id='word_1_197' title='bbox 181 3101 473 3179; x_wconf 76' lang='grc' dir='ltr'><strong><em>μεγάλων</em></strong></span> <span class='ocrx_word' id='word_1_198' title='bbox 534 3101 879 3183; x_wconf 74' lang='grc' dir='ltr'><strong><em>χρημάτων</em></strong></span> <span class='ocrx_word' id='word_1_199' title='bbox 943 3100 1247 3182; x_wconf 80' lang='grc' dir='ltr'><strong><em>ὠνεόμενοι</em></strong></span> <span class='ocrx_word' id='word_1_200' title='bbox 1275 3115 1356 3152; x_wconf 73' lang='grc'><strong><em>’-</em></strong></span> <span class='ocrx_word' id='word_1_201' title='bbox 1384 3104 1519 3185; x_wconf 79' lang='grc' dir='ltr'><strong><em>περὶ</em></strong></span> <span class='ocrx_word' id='word_1_202' title='bbox 1565 3104 1652 3168; x_wconf 70' lang='grc' dir='ltr'><strong><em>τὰ</em></strong></span> <span class='ocrx_word' id='word_1_203' title='bbox 1698 3105 2160 3172; x_wconf 68' lang='grc' dir='ltr'><strong><em>σπουδαιότατα</em></strong></span> <span class='ocrx_word' id='word_1_204' title='bbox 2206 3105 2311 3171; x_wconf 81' lang='grc' dir='ltr'><strong><em>καὶ</em></strong></span> <span class='ocrx_word' id='word_1_205' title='bbox 2368 3105 2544 3195; x_wconf 81' lang='grc' dir='ltr'>[ΤΛ]</span> 
     </span>
     <span class='ocr_line' id='line_1_25' title="bbox 182 3204 2554 3296; baseline 0.004 -29"><span class='ocrx_word' id='word_1_206' title='bbox 182 3205 403 3287; x_wconf 72' lang='grc' dir='ltr'><strong><em>σμικρὰ</em></strong></span> <span class='ocrx_word' id='word_1_207' title='bbox 450 3204 757 3290; x_wconf 76' lang='grc' dir='ltr'><strong><em>ἄχθονται</em></strong></span> <span class='ocrx_word' id='word_1_208' title='bbox 803 3207 1261 3281; x_wconf 68' lang='grc' dir='ltr'><strong><em>ἀναλίσκοντες.</em></strong></span> <span class='ocrx_word' id='word_1_209' title='bbox 1356 3208 1669 3296; x_wconf 82' lang='lat' dir='ltr'>Expunge</span> <span class='ocrx_word' id='word_1_210' title='bbox 1712 3209 2079 3276; x_wconf 76' lang='lat' dir='ltr'>articulum‘</span> <span class='ocrx_word' id='word_1_211' title='bbox 2102 3209 2188 3277; x_wconf 89' lang='grc' dir='ltr'><strong><em>τά</em></strong></span> <span class='ocrx_word' id='word_1_212' title='bbox 2210 3260 2228 3290; x_wconf 87' lang='grc'><strong><em>,</em></strong></span> <span class='ocrx_word' id='word_1_213' title='bbox 2276 3214 2383 3277; x_wconf 79' lang='lat' dir='ltr'><strong><em>cui</em></strong></span> <span class='ocrx_word' id='word_1_214' title='bbox 2412 3210 2554 3277; x_wconf 89' lang='lat' dir='ltr'><strong><em>nul·</em></strong></span> 
     </span>
     <span class='ocr_line' id='line_1_26' title="bbox 181 3306 2551 3397; baseline 0.003 -24"><span class='ocrx_word' id='word_1_215' title='bbox 181 3306 273 3375; x_wconf 89' lang='lat' dir='ltr'>lus</span> <span class='ocrx_word' id='word_1_216' title='bbox 313 3314 382 3376; x_wconf 90' lang='lat' dir='ltr'><strong><em>in</em></strong></span> <span class='ocrx_word' id='word_1_217' title='bbox 427 3310 549 3377; x_wconf 84' lang='lat' dir='ltr'>tali</span> <span class='ocrx_word' id='word_1_218' title='bbox 595 3309 885 3378; x_wconf 88' lang='lat' dir='ltr'>re.locus</span> <span class='ocrx_word' id='word_1_219' title='bbox 933 3316 1047 3376; x_wconf 89' lang='lat' dir='ltr'>est.</span> <span class='ocrx_word' id='word_1_220' title='bbox 1121 3312 1453 3378; x_wconf 82' lang='lat' dir='ltr'>Praecedit</span> <span class='ocrx_word' id='word_1_221' title='bbox 1488 3314 1789 3392; x_wconf 79' lang='grc' dir='ltr'><strong><em>μεγάλων</em></strong></span> <span class='ocrx_word' id='word_1_222' title='bbox 1826 3314 2169 3397; x_wconf 78' lang='grc' dir='ltr'><strong><em>χρημάτων</em></strong></span> <span class='ocrx_word' id='word_1_223' title='bbox 2207 3316 2551 3394; x_wconf 79' lang='grc' dir='ltr'><strong><em>ὠνεόμενοι,</em></strong></span> 
     </span>
     <span class='ocr_line' id='line_1_27' title="bbox 185 3412 2550 3503; baseline 0.004 -26"><span class='ocrx_word' id='word_1_224' title='bbox 185 3412 303 3480; x_wconf 87' lang='lat' dir='ltr'>dici</span> <span class='ocrx_word' id='word_1_225' title='bbox 344 3436 474 3482; x_wconf 90' lang='lat' dir='ltr'><strong><em>non</em></strong></span> <span class='ocrx_word' id='word_1_226' title='bbox 518 3422 765 3503; x_wconf 81' lang='lat' dir='ltr'>poterat</span> <span class='ocrx_word' id='word_1_227' title='bbox 809 3422 927 3481; x_wconf 82' lang='grc' dir='ltr'><strong><em>τῶν</em></strong></span> <span class='ocrx_word' id='word_1_228' title='bbox 966 3418 1269 3495; x_wconf 78' lang='grc' dir='ltr'><strong><em>μεγάλων</em></strong></span> <span class='ocrx_word' id='word_1_229' title='bbox 1313 3417 1690 3498; x_wconf 81' lang='grc' dir='ltr'><strong><em>χρημάτων,</em></strong></span> <span class='ocrx_word' id='word_1_230' title='bbox 1738 3422 1829 3485; x_wconf 90' lang='lat' dir='ltr'>sic</span> <span class='ocrx_word' id='word_1_231' title='bbox 1876 3425 2144 3496; x_wconf 80' lang='grc' dir='ltr'><strong><em>πολλοῦ,</em></strong></span> <span class='ocrx_word' id='word_1_232' title='bbox 2186 3420 2511 3494; x_wconf 75' lang='grc' dir='ltr'><strong><em>ἐλάττονος</em></strong></span> <span class='ocrx_word' id='word_1_233' title='bbox 2531 3469 2550 3499; x_wconf 89' lang='grc'><strong><em>,</em></strong></span> 
     </span>
     <span class='ocr_line' id='line_1_28' title="bbox 185 3517 2551 3611; baseline 0.003 -30"><span class='ocrx_word' id='word_1_234' title='bbox 185 3517 479 3601; x_wconf 52' lang='lat' dir='ltr'><strong><em>{naxia-ov</em></strong></span> <span class='ocrx_word' id='word_1_235' title='bbox 518 3528 746 3588; x_wconf 72' lang='grc' dir='ltr'><strong><em>πωλεῖν</em></strong></span> <span class='ocrx_word' id='word_1_236' title='bbox 785 3528 849 3586; x_wconf 81' lang='lat' dir='ltr'>et</span> <span class='ocrx_word' id='word_1_237' title='bbox 891 3523 1162 3587; x_wconf 79' lang='grc' dir='ltr'><strong><em>ὠνεῖσθαι</em></strong></span> <span class='ocrx_word' id='word_1_238' title='bbox 1206 3522 1439 3588; x_wconf 85' lang='lat' dir='ltr'>dicitur</span> <span class='ocrx_word' id='word_1_239' title='bbox 1454 3571 1472 3600; x_wconf 88' lang='lat'>‚</span> <span class='ocrx_word' id='word_1_240' title='bbox 1515 3523 1627 3588; x_wconf 88' lang='lat' dir='ltr'><strong><em>ubi</em></strong></span> <span class='ocrx_word' id='word_1_241' title='bbox 1669 3525 1977 3590; x_wconf 85' lang='lat' dir='ltr'>articulus</span> <span class='ocrx_word' id='word_1_242' title='bbox 2008 3526 2155 3590; x_wconf 87' lang='lat' dir='ltr'>addi</span> <span class='ocrx_word' id='word_1_243' title='bbox 2177 3546 2302 3591; x_wconf 90' lang='lat' dir='ltr'><strong><em>non</em></strong></span> <span class='ocrx_word' id='word_1_244' title='bbox 2323 3529 2551 3611; x_wconf 83' lang='lat' dir='ltr'>potest.</span> 
     </span>
    </p>
   </div>
   <div class='ocr_carea' id='block_1_6' title="bbox 175 3728 2628 4232">
    <p class='ocr_par' dir='ltr' id='par_1_9' title="bbox 175 3728 2628 4232">
     <span class='ocr_line' id='line_1_29' title="bbox 262 3728 2551 3818; baseline 0.003 -25"><span class='ocrx_word' id='word_1_245' title='bbox 262 3728 334 3793; x_wconf 93' lang='lat' dir='ltr'><strong><em>In</em></strong></span> <span class='ocrx_word' id='word_1_246' title='bbox 377 3729 602 3796; x_wconf 86' lang='lat' dir='ltr'>Bionis</span> <span class='ocrx_word' id='word_1_247' title='bbox 645 3732 815 3797; x_wconf 88' lang='lat' dir='ltr'>dicto</span> <span class='ocrx_word' id='word_1_248' title='bbox 861 3730 936 3797; x_wconf 86' lang='lat' dir='ltr'><strong><em>V.</em></strong></span> <span class='ocrx_word' id='word_1_249' title='bbox 989 3731 1096 3797; x_wconf 87' lang='lat'><strong><em>66.</em></strong></span> <span class='ocrx_word' id='word_1_250' title='bbox 1147 3754 1209 3818; x_wconf 89' lang='lat' dir='ltr'><strong><em>p.</em></strong></span> <span class='ocrx_word' id='word_1_251' title='bbox 1264 3732 1427 3810; x_wconf 82' lang='lat'>124,</span> <span class='ocrx_word' id='word_1_252' title='bbox 1484 3733 1566 3798; x_wconf 89' lang='grc'><strong><em>18</em></strong></span> <span class='ocrx_word' id='word_1_253' title='bbox 1610 3733 1892 3800; x_wconf 79' lang='lat' dir='ltr'>Meinek.</span> <span class='ocrx_word' id='word_1_254' title='bbox 1940 3736 1968 3799; x_wconf 83' lang='grc' dir='ltr'><em>ὃ</em></span> <span class='ocrx_word' id='word_1_255' title='bbox 2016 3735 2078 3800; x_wconf 70' lang='grc' dir='ltr'><strong><em>δὲ</em></strong></span> <span class='ocrx_word' id='word_1_256' title='bbox 2124 3733 2313 3812; x_wconf 76' lang='grc' dir='ltr'><strong><em>Βίων,</em></strong></span> <span class='ocrx_word' id='word_1_257' title='bbox 2354 3732 2551 3817; x_wconf 71' lang='grc' dir='ltr'><strong><em>ὥσπερ</em></strong></span> 
     </span>
     <span class='ocr_line' id='line_1_30' title="bbox 183 3835 2551 3922; baseline 0.005 -28"><span class='ocrx_word' id='word_1_258' title='bbox 183 3838 290 3896; x_wconf 80' lang='grc' dir='ltr'><strong><em>τῶν</em></strong></span> <span class='ocrx_word' id='word_1_259' title='bbox 352 3835 591 3915; x_wconf 76' lang='grc' dir='ltr'><strong><em>θηρίων,</em></strong></span> <span class='ocrx_word' id='word_1_260' title='bbox 655 3836 818 3918; x_wconf 73' lang='grc' dir='ltr'><strong><em>φησί</em></strong></span> <span class='ocrx_word' id='word_1_261' title='bbox 837 3886 854 3912; x_wconf 94' lang='grc'><strong><em>,</em></strong></span> <span class='ocrx_word' id='word_1_262' title='bbox 916 3838 1091 3922; x_wconf 71' lang='grc' dir='ltr'><strong><em>παρὰ.</em></strong></span> <span class='ocrx_word' id='word_1_263' title='bbox 1151 3838 1262 3911; x_wconf 65' lang='grc' dir='ltr'><strong><em>τὴν</em></strong></span> <span class='ocrx_word' id='word_1_264' title='bbox 1327 3844 1520 3920; x_wconf 77' lang='grc' dir='ltr'><strong><em>λῆψιν</em></strong></span> <span class='ocrx_word' id='word_1_265' title='bbox 1576 3841 1610 3914; x_wconf 78' lang='grc' dir='ltr'><strong><em>ἡ</em></strong></span> <span class='ocrx_word' id='word_1_266' title='bbox 1659 3837 1824 3915; x_wconf 71' lang='grc' dir='ltr'><strong><em>δῆξις</em></strong></span> <span class='ocrx_word' id='word_1_267' title='bbox 1867 3839 2147 3916; x_wconf 75' lang='grc' dir='ltr'><strong><em>γίνεται,</em></strong></span> <span class='ocrx_word' id='word_1_268' title='bbox 2198 3838 2315 3904; x_wconf 76' lang='grc' dir='ltr'><strong><em>κᾶν</em></strong></span> <span class='ocrx_word' id='word_1_269' title='bbox 2360 3837 2551 3918; x_wconf 87' lang='grc' dir='ltr'><strong><em>μέσου</em></strong></span> 
     </span>
     <span class='ocr_line' id='line_1_31' title="bbox 185 3939 2552 4029; baseline 0.005 -30"><span class='ocrx_word' id='word_1_270' title='bbox 185 3940 282 4001; x_wconf 81' lang='grc' dir='ltr'><strong><em>τοῦ</em></strong></span> <span class='ocrx_word' id='word_1_271' title='bbox 337 3939 537 4022; x_wconf 78' lang='grc' dir='ltr'><strong><em>ὄφεως</em></strong></span> <span class='ocrx_word' id='word_1_272' title='bbox 596 3939 1113 4018; x_wconf 78' lang='grc' dir='ltr'><strong><em>ἐπιλαμβάνΗΙΟ</em></strong></span> <span class='ocrx_word' id='word_1_273' title='bbox 1179 3942 1508 4023; x_wconf 74' lang='grc' dir='ltr'><strong><em>δηχθήσει,</em></strong></span> <span class='ocrx_word' id='word_1_274' title='bbox 1567 3944 1677 4008; x_wconf 74' lang='grc' dir='ltr'><strong><em>ἐὰν</em></strong></span> <span class='ocrx_word' id='word_1_275' title='bbox 1727 3944 1817 4025; x_wconf 77' lang='grc' dir='ltr'><strong><em>(δὲ</em></strong></span> <span class='ocrx_word' id='word_1_276' title='bbox 1864 3943 2033 4029; x_wconf 79' lang='lat' dir='ltr'>add.)</span> <span class='ocrx_word' id='word_1_277' title='bbox 2081 3947 2188 4008; x_wconf 82' lang='grc' dir='ltr'><strong><em>τοῦ</em></strong></span> <span class='ocrx_word' id='word_1_278' title='bbox 2231 3944 2552 4028; x_wconf 75' lang='grc' dir='ltr'><strong><em>τραχήλου</em></strong></span> 
     </span>
     <span class='ocr_line' id='line_1_32' title="bbox 187 4039 2554 4133; baseline 0.005 -29"><span class='ocrx_word' id='word_1_279' title='bbox 187 4039 343 4106; x_wconf 75' lang='grc' dir='ltr'><strong><em>οὐδὲν</em></strong></span> <span class='ocrx_word' id='word_1_280' title='bbox 387 4043 628 4121; x_wconf 83' lang='grc' dir='ltr'><strong><em>πείσει,</em></strong></span> <span class='ocrx_word' id='word_1_281' title='bbox 677 4066 757 4111; x_wconf 90' lang='lat' dir='ltr'>ne</span> <span class='ocrx_word' id='word_1_282' title='bbox 804 4048 891 4110; x_wconf 86' lang='lat' dir='ltr'>sit</span> <span class='ocrx_word' id='word_1_283' title='bbox 935 4047 1178 4113; x_wconf 82' lang='lat' dir='ltr'>soloeca</span> <span class='ocrx_word' id='word_1_284' title='bbox 1221 4052 1421 4114; x_wconf 83' lang='lat' dir='ltr'>oratio</span> <span class='ocrx_word' id='word_1_285' title='bbox 1465 4049 1868 4114; x_wconf 87' lang='lat' dir='ltr'>scribendum</span> <span class='ocrx_word' id='word_1_286' title='bbox 1915 4047 2374 4126; x_wconf 79' lang='grc' dir='ltr'><strong><em>ἔπιλαμβάνΗΙ</em></strong></span> <span class='ocrx_word' id='word_1_287' title='bbox 2395 4096 2412 4114; x_wconf 92' lang='grc'><strong><em>.</em></strong></span> <span class='ocrx_word' id='word_1_288' title='bbox 2451 4073 2554 4133; x_wconf 80' lang='lat' dir='ltr'><strong><em>ap-</em></strong></span> 
     </span>
     <span class='ocr_line' id='line_1_33' title="bbox 175 4147 2628 4232; baseline 0.005 -23"><span class='ocrx_word' id='word_1_289' title='bbox 175 4147 534 4225; x_wconf 73' lang='lat' dir='ltr'>prehendere</span> <span class='ocrx_word' id='word_1_290' title='bbox 575 4151 748 4215; x_wconf 84' lang='lat' dir='ltr'>enim</span> <span class='ocrx_word' id='word_1_291' title='bbox 793 4170 919 4216; x_wconf 90' lang='lat' dir='ltr'><strong><em>non</em></strong></span> <span class='ocrx_word' id='word_1_292' title='bbox 961 4152 1424 4232; x_wconf 79' lang='grc' dir='ltr'><strong><em>ἐπιλαμβάνειν</em></strong></span> <span class='ocrx_word' id='word_1_293' title='bbox 1473 4155 1709 4220; x_wconf 85' lang='lat' dir='ltr'>dicitur</span> <span class='ocrx_word' id='word_1_294' title='bbox 1759 4154 1868 4219; x_wconf 87' lang='lat' dir='ltr'><strong><em>sed</em></strong></span> <span class='ocrx_word' id='word_1_295' title='bbox 1915 4152 2486 4231; x_wconf 84' lang='grc' dir='ltr'><strong><em>ἐπιλαμβάνεσθαι.</em></strong></span> <span class='ocrx_word' id='word_1_296' title='bbox 2619 4169 2628 4178; x_wconf 83' lang='grc'><em>’</em></span> 
     </span>
    </p>
   </div>
   <div class='ocr_carea' id='block_1_7' title="bbox 272 4352 2551 4451">
    <p class='ocr_par' dir='ltr' id='par_1_10' title="bbox 272 4352 2551 4451">
     <span class='ocr_line' id='line_1_34' title="bbox 272 4352 2551 4451; baseline 0.003 -31"><span class='ocrx_word' id='word_1_297' title='bbox 272 4352 343 4418; x_wconf 86' lang='lat' dir='ltr'><strong><em>In</em></strong></span> <span class='ocrx_word' id='word_1_298' title='bbox 391 4355 767 4444; x_wconf 80' lang='lat' dir='ltr'>Diotogenis</span> <span class='ocrx_word' id='word_1_299' title='bbox 809 4357 1204 4448; x_wconf 82' lang='lat' dir='ltr'>Pythagorei</span> <span class='ocrx_word' id='word_1_300' title='bbox 1247 4363 1643 4451; x_wconf 81' lang='lat' dir='ltr'>frag-mento,</span> <span class='ocrx_word' id='word_1_301' title='bbox 1691 4362 1932 4449; x_wconf 78' lang='lat' dir='ltr'>legitur</span> <span class='ocrx_word' id='word_1_302' title='bbox 1976 4361 2052 4428; x_wconf 89' lang='lat' dir='ltr'><strong><em>V.</em></strong></span> <span class='ocrx_word' id='word_1_303' title='bbox 2104 4361 2209 4428; x_wconf 88' lang='lat'><strong><em>69.</em></strong></span> <span class='ocrx_word' id='word_1_304' title='bbox 2260 4363 2413 4429; x_wconf 72' lang='grc' dir='ltr'><strong><em>αἴκα</em></strong></span> <span class='ocrx_word' id='word_1_305' title='bbox 2458 4386 2551 4436; x_wconf 86' lang='grc' dir='ltr'><strong><em>τις</em></strong></span> 
     </span>
    </p>
   </div>
  </div>
 </body>
</html>
