<?xml version="1.0" encoding="UTF-8"?>
<!DOCTYPE html PUBLIC "-//W3C//DTD XHTML 1.0 Transitional//EN"
    "http://www.w3.org/TR/xhtml1/DTD/xhtml1-transitional.dtd">
<html xmlns="http://www.w3.org/1999/xhtml" xml:lang="en" lang="en">
 <head>
  <title>
</title>
<meta http-equiv="Content-Type" content="text/html;charset=utf-8" />
  <meta name='ocr-system' content='tesseract 3.04.00' />
  <meta name='ocr-capabilities' content='ocr_page ocr_carea ocr_par ocr_line ocrx_word'/>
</head>
<body>
  <div class='ocr_page' id='page_1' title='image "./mnemosynebiblio09servgoog/mnemosynebiblio09servgoog_0074.png"; bbox 0 0 2934 5050; ppageno 0'>
   <div class='ocr_carea' id='block_1_1' title="bbox 308 295 1592 359">
    <p class='ocr_par' dir='ltr' id='par_1_1' title="bbox 308 295 1592 359">
     <span class='ocr_line' id='line_1_1' title="bbox 308 295 1592 359; baseline 0 0"><span class='ocrx_word' id='word_1_1' title='bbox 308 295 395 359; x_wconf 76' lang='lat'><strong>62</strong></span> <span class='ocrx_word' id='word_1_2' title='bbox 1388 310 1592 359; x_wconf 76' lang='lat' dir='ltr'><strong>um.</strong></span> 
     </span>
    </p>
   </div>
   <div class='ocr_carea' id='block_1_2' title="bbox 299 472 2686 865">
    <p class='ocr_par' dir='ltr' id='par_1_2' title="bbox 299 472 2686 865">
     <span class='ocr_line' id='line_1_2' title="bbox 301 472 2686 567; baseline -0.003 -20"><span class='ocrx_word' id='word_1_3' title='bbox 301 479 785 567; x_wconf 79' lang='lat' dir='ltr'><strong>scripsisse</strong></span> <span class='ocrx_word' id='word_1_4' title='bbox 862 479 1202 567; x_wconf 87' lang='lat' dir='ltr'><strong>pertineat.</strong></span> <span class='ocrx_word' id='word_1_5' title='bbox 1312 480 1553 546; x_wconf 86' lang='lat' dir='ltr'><strong>Verum</strong></span> <span class='ocrx_word' id='word_1_6' title='bbox 1620 498 1694 545; x_wconf 87' lang='lat' dir='ltr'><strong>ea</strong></span> <span class='ocrx_word' id='word_1_7' title='bbox 1766 488 1864 547; x_wconf 91' lang='lat' dir='ltr'><strong>est</strong></span> <span class='ocrx_word' id='word_1_8' title='bbox 1930 474 2273 542; x_wconf 74' lang='lat' dir='ltr'><strong>verborum</strong></span> <span class='ocrx_word' id='word_1_9' title='bbox 2345 472 2686 560; x_wconf 76' lang='lat' dir='ltr'><strong>dispositio</strong></span> 
     </span>
     <span class='ocr_line' id='line_1_3' title="bbox 303 581 2685 673; baseline -0.004 -20"><span class='ocrx_word' id='word_1_10' title='bbox 303 597 376 654; x_wconf 88' lang='lat' dir='ltr'><strong>ut</strong></span> <span class='ocrx_word' id='word_1_11' title='bbox 428 587 508 653; x_wconf 90' lang='lat' dir='ltr'><strong>ad</strong></span> <span class='ocrx_word' id='word_1_12' title='bbox 556 586 673 652; x_wconf 88' lang='lat' dir='ltr'><strong>hoc</strong></span> <span class='ocrx_word' id='word_1_13' title='bbox 722 585 969 652; x_wconf 77' lang='lat' dir='ltr'><strong>retrahi</strong></span> <span class='ocrx_word' id='word_1_14' title='bbox 1019 596 1315 673; x_wconf 89' lang='lat' dir='ltr'><strong>nequeat.</strong></span> <span class='ocrx_word' id='word_1_15' title='bbox 1380 586 1689 672; x_wconf 78' lang='lat' dir='ltr'><strong>Suspicor</strong></span> <span class='ocrx_word' id='word_1_16' title='bbox 1725 585 2096 652; x_wconf 83' lang='lat' dir='ltr'><strong>Ciceronem</strong></span> <span class='ocrx_word' id='word_1_17' title='bbox 2139 581 2518 668; x_wconf 81' lang='lat' dir='ltr'><strong>scripsisse:</strong></span> <span class='ocrx_word' id='word_1_18' title='bbox 2562 599 2685 645; x_wconf 87' lang='lat' dir='ltr'><strong>ne·</strong></span> 
     </span>
     <span class='ocr_line' id='line_1_4' title="bbox 299 693 2686 780; baseline -0.003 -21"><span class='ocrx_word' id='word_1_19' title='bbox 299 713 453 778; x_wconf 85' lang='lat' dir='ltr'><strong>que</strong></span> <span class='ocrx_word' id='word_1_20' title='bbox 542 701 619 757; x_wconf 91' lang='lat' dir='ltr'><strong>te</strong></span> <span class='ocrx_word' id='word_1_21' title='bbox 690 693 1175 780; x_wconf 80' lang='lat' dir='ltr'><strong>scripsisse</strong></span> <span class='ocrx_word' id='word_1_22' title='bbox 1242 702 1744 770; x_wconf 68' lang='lat' dir='ltr'><strong>neq-iqua,</strong></span> <span class='ocrx_word' id='word_1_23' title='bbox 1833 709 2102 777; x_wconf 87' lang='lat' dir='ltr'><strong>neque</strong></span> <span class='ocrx_word' id='word_1_24' title='bbox 2179 705 2686 775; x_wconf 84' lang='lat' dir='ltr'><strong>quemquam</strong></span> 
     </span>
     <span class='ocr_line' id='line_1_5' title="bbox 300 796 1816 865; baseline 0.001 -2"><span class='ocrx_word' id='word_1_25' title='bbox 300 806 630 864; x_wconf 89' lang='lat' dir='ltr'><strong>tuorum</strong></span> <span class='ocrx_word' id='word_1_26' title='bbox 682 796 1010 864; x_wconf 80' lang='lat' dir='ltr'><strong>frustra</strong></span> <span class='ocrx_word' id='word_1_27' title='bbox 1060 798 1153 864; x_wconf 88' lang='lat' dir='ltr'><strong>ad</strong></span> <span class='ocrx_word' id='word_1_28' title='bbox 1206 818 1323 864; x_wconf 90' lang='lat' dir='ltr'><strong>me</strong></span> <span class='ocrx_word' id='word_1_29' title='bbox 1369 796 1816 865; x_wconf 87' lang='lat' dir='ltr'><strong>detulisse.</strong></span> 
     </span>
    </p>
   </div>
   <div class='ocr_carea' id='block_1_3' title="bbox 301 1009 2694 2050">
    <p class='ocr_par' dir='ltr' id='par_1_3' title="bbox 398 1009 1311 1097">
     <span class='ocr_line' id='line_1_6' title="bbox 398 1009 1311 1097; baseline -0.003 -21"><span class='ocrx_word' id='word_1_30' title='bbox 398 1009 494 1076; x_wconf 77' lang='lat' dir='ltr'><strong>Ad</strong></span> <span class='ocrx_word' id='word_1_31' title='bbox 544 1009 725 1076; x_wconf 84' lang='lat' dir='ltr'><strong>Fam.</strong></span> <span class='ocrx_word' id='word_1_32' title='bbox 780 1010 856 1075; x_wconf 82' lang='lat' dir='ltr'><strong>V.</strong></span> <span class='ocrx_word' id='word_1_33' title='bbox 906 1011 1023 1097; x_wconf 87' lang='lat' dir='ltr'><strong>Ep.</strong></span> <span class='ocrx_word' id='word_1_34' title='bbox 1081 1015 1199 1087; x_wconf 87' lang='lat'><strong>12,</strong></span> <span class='ocrx_word' id='word_1_35' title='bbox 1251 1014 1311 1074; x_wconf 79' lang='lat'><strong>4.</strong></span> 
     </span>
    </p>

    <p class='ocr_par' dir='ltr' id='par_1_4' title="bbox 301 1110 2694 2050">
     <span class='ocr_line' id='line_1_7' title="bbox 392 1110 2692 1201; baseline -0.002 -21"><span class='ocrx_word' id='word_1_36' title='bbox 392 1116 615 1181; x_wconf 84' lang='lat' dir='ltr'><strong>Cicero</strong></span> <span class='ocrx_word' id='word_1_37' title='bbox 651 1136 686 1181; x_wconf 91' lang='lat' dir='ltr'><strong>a</strong></span> <span class='ocrx_word' id='word_1_38' title='bbox 730 1118 1058 1201; x_wconf 85' lang='lat' dir='ltr'><strong>perpetuis</strong></span> <span class='ocrx_word' id='word_1_39' title='bbox 1089 1114 1345 1180; x_wconf 89' lang='lat' dir='ltr'><strong>illorum</strong></span> <span class='ocrx_word' id='word_1_40' title='bbox 1387 1125 1752 1199; x_wconf 87' lang='lat' dir='ltr'><strong>temporum</strong></span> <span class='ocrx_word' id='word_1_41' title='bbox 1797 1114 2121 1190; x_wconf 87' lang='lat' dir='ltr'><strong>historiis,</strong></span> <span class='ocrx_word' id='word_1_42' title='bbox 2167 1131 2327 1199; x_wconf 83' lang='lat' dir='ltr'><strong>quas</strong></span> <span class='ocrx_word' id='word_1_43' title='bbox 2364 1110 2692 1178; x_wconf 83' lang='lat' dir='ltr'><strong>Lucceius</strong></span> 
     </span>
     <span class='ocr_line' id='line_1_8' title="bbox 303 1220 2694 1308; baseline -0.001 -23"><span class='ocrx_word' id='word_1_44' title='bbox 303 1222 711 1297; x_wconf 71' lang='lat' dir='ltr'><strong>instituerat,</strong></span> <span class='ocrx_word' id='word_1_45' title='bbox 779 1241 882 1287; x_wconf 90' lang='lat' dir='ltr'><strong>res</strong></span> <span class='ocrx_word' id='word_1_46' title='bbox 942 1242 1095 1287; x_wconf 89' lang='lat' dir='ltr'><strong>suas</strong></span> <span class='ocrx_word' id='word_1_47' title='bbox 1156 1223 1409 1306; x_wconf 86' lang='lat' dir='ltr'><strong>seiungi</strong></span> <span class='ocrx_word' id='word_1_48' title='bbox 1460 1229 1654 1307; x_wconf 82' lang='lat' dir='ltr'><strong>atque</strong></span> <span class='ocrx_word' id='word_1_49' title='bbox 1705 1223 1963 1308; x_wconf 88' lang='lat' dir='ltr'><strong>proprio</strong></span> <span class='ocrx_word' id='word_1_50' title='bbox 2013 1220 2341 1285; x_wconf 87' lang='lat' dir='ltr'><strong>volumine</strong></span> <span class='ocrx_word' id='word_1_51' title='bbox 2390 1237 2694 1305; x_wconf 88' lang='lat' dir='ltr'><strong>compre·</strong></span> 
     </span>
     <span class='ocr_line' id='line_1_9' title="bbox 304 1325 2692 1414; baseline 0 -24"><span class='ocrx_word' id='word_1_52' title='bbox 304 1325 494 1393; x_wconf 83' lang='lat' dir='ltr'><strong>hendi</strong></span> <span class='ocrx_word' id='word_1_53' title='bbox 546 1327 867 1411; x_wconf 86' lang='lat' dir='ltr'><strong>cupiebat.</strong></span> <span class='ocrx_word' id='word_1_54' title='bbox 930 1326 1154 1414; x_wconf 87' lang='lat' dir='ltr'><strong>ltaque</strong></span> <span class='ocrx_word' id='word_1_55' title='bbox 1192 1327 1606 1393; x_wconf 82' lang='lat' dir='ltr'><strong>demonstrat</strong></span> <span class='ocrx_word' id='word_1_56' title='bbox 1655 1347 1849 1414; x_wconf 89' lang='lat' dir='ltr'><strong>quam</strong></span> <span class='ocrx_word' id='word_1_57' title='bbox 1902 1327 2301 1392; x_wconf 86' lang='lat' dir='ltr'><strong>luculentum</strong></span> <span class='ocrx_word' id='word_1_58' title='bbox 2352 1325 2434 1390; x_wconf 87' lang='lat' dir='ltr'><strong>sit</strong></span> <span class='ocrx_word' id='word_1_59' title='bbox 2485 1343 2692 1410; x_wconf 88' lang='lat' dir='ltr'><strong>argu-</strong></span> 
     </span>
     <span class='ocr_line' id='line_1_10' title="bbox 305 1432 2693 1521; baseline -0.001 -24"><span class='ocrx_word' id='word_1_60' title='bbox 305 1442 594 1498; x_wconf 82' lang='lat' dir='ltr'><strong>mentum</strong></span> <span class='ocrx_word' id='word_1_61' title='bbox 639 1432 718 1497; x_wconf 88' lang='lat' dir='ltr'><strong>ad</strong></span> <span class='ocrx_word' id='word_1_62' title='bbox 767 1432 1036 1518; x_wconf 83' lang='lat' dir='ltr'><strong>gloriam</strong></span> <span class='ocrx_word' id='word_1_63' title='bbox 1086 1443 1146 1499; x_wconf 89' lang='lat' dir='ltr'><strong>et</strong></span> <span class='ocrx_word' id='word_1_64' title='bbox 1190 1433 1573 1519; x_wconf 88' lang='lat' dir='ltr'><strong>dignitatem</strong></span> <span class='ocrx_word' id='word_1_65' title='bbox 1615 1435 1985 1521; x_wconf 89' lang='lat' dir='ltr'><strong>scriptoris:</strong></span> <span class='ocrx_word' id='word_1_66' title='bbox 2035 1434 2113 1497; x_wconf 91' lang='lat' dir='ltr'><strong>in</strong></span> <span class='ocrx_word' id='word_1_67' title='bbox 2179 1451 2373 1518; x_wconf 84' lang='lat' dir='ltr'><strong>quo,</strong></span> <span class='ocrx_word' id='word_1_68' title='bbox 2438 1432 2693 1517; x_wconf 88' lang='lat' dir='ltr'><strong>inquit,</strong></span> 
     </span>
     <span class='ocr_line' id='line_1_11' title="bbox 301 1536 2691 1624; baseline -0.001 -20"><span class='ocrx_word' id='word_1_69' title='bbox 301 1547 379 1604; x_wconf 89' lang='lat' dir='ltr'><strong>et</strong></span> <span class='ocrx_word' id='word_1_70' title='bbox 435 1536 582 1603; x_wconf 87' lang='lat' dir='ltr'><strong>illa</strong></span> <span class='ocrx_word' id='word_1_71' title='bbox 640 1546 978 1624; x_wconf 88' lang='lat' dir='ltr'><strong>poteris</strong></span> <span class='ocrx_word' id='word_1_72' title='bbox 1036 1541 1160 1604; x_wconf 90' lang='lat' dir='ltr'><strong>uti</strong></span> <span class='ocrx_word' id='word_1_73' title='bbox 1218 1539 1604 1605; x_wconf 84' lang='lat' dir='ltr'><strong>civilium</strong></span> <span class='ocrx_word' id='word_1_74' title='bbox 1648 1539 2390 1611; x_wconf 88' lang='lat' dir='ltr'><strong>commutationum</strong></span> <span class='ocrx_word' id='word_1_75' title='bbox 2422 1539 2691 1602; x_wconf 89' lang='lat' dir='ltr'><strong>scien-</strong></span> 
     </span>
     <span class='ocr_line' id='line_1_12' title="bbox 302 1641 2692 1732; baseline -0 -23"><span class='ocrx_word' id='word_1_76' title='bbox 302 1643 460 1722; x_wconf 88' lang='lat' dir='ltr'><strong>tia,</strong></span> <span class='ocrx_word' id='word_1_77' title='bbox 524 1643 650 1710; x_wconf 82' lang='lat' dir='ltr'><strong>vel</strong></span> <span class='ocrx_word' id='word_1_78' title='bbox 716 1645 791 1710; x_wconf 89' lang='lat' dir='ltr'><strong>in</strong></span> <span class='ocrx_word' id='word_1_79' title='bbox 855 1645 1387 1732; x_wconf 84' lang='lat' dir='ltr'><strong>explicandis</strong></span> <span class='ocrx_word' id='word_1_80' title='bbox 1436 1646 1720 1711; x_wconf 89' lang='lat' dir='ltr'><strong>causis</strong></span> <span class='ocrx_word' id='word_1_81' title='bbox 1760 1664 2033 1711; x_wconf 90' lang='lat' dir='ltr'><strong>rerum</strong></span> <span class='ocrx_word' id='word_1_82' title='bbox 2082 1663 2517 1721; x_wconf 81' lang='lat' dir='ltr'><strong>novarum,</strong></span> <span class='ocrx_word' id='word_1_83' title='bbox 2553 1641 2692 1710; x_wconf 80' lang='lat' dir='ltr'><strong>vel</strong></span> 
     </span>
     <span class='ocr_line' id='line_1_13' title="bbox 303 1749 2680 1819; baseline 0.001 -6"><span class='ocrx_word' id='word_1_84' title='bbox 303 1751 381 1814; x_wconf 91' lang='lat' dir='ltr'><strong>in</strong></span> <span class='ocrx_word' id='word_1_85' title='bbox 447 1749 841 1817; x_wconf 85' lang='lat' dir='ltr'><strong>remediis</strong></span> <span class='ocrx_word' id='word_1_86' title='bbox 907 1752 1630 1819; x_wconf 87' lang='lat' dir='ltr'><strong>incommodorum.</strong></span> <span class='ocrx_word' id='word_1_87' title='bbox 1739 1751 1961 1817; x_wconf 70' lang='lat' dir='ltr'><strong>Manca</strong></span> <span class='ocrx_word' id='word_1_88' title='bbox 2036 1760 2100 1817; x_wconf 91' lang='lat' dir='ltr'><strong>et</strong></span> <span class='ocrx_word' id='word_1_89' title='bbox 2162 1749 2391 1816; x_wconf 86' lang='lat' dir='ltr'><strong>mutila</strong></span> <span class='ocrx_word' id='word_1_90' title='bbox 2450 1750 2680 1815; x_wconf 89' lang='lat' dir='ltr'><strong>oratio.</strong></span> 
     </span>
     <span class='ocr_line' id='line_1_14' title="bbox 305 1855 2681 1944; baseline 0.001 -24"><span class='ocrx_word' id='word_1_91' title='bbox 305 1855 462 1921; x_wconf 86' lang='lat' dir='ltr'><strong>Nam</strong></span> <span class='ocrx_word' id='word_1_92' title='bbox 504 1856 559 1921; x_wconf 89' lang='lat' dir='ltr'><strong>si</strong></span> <span class='ocrx_word' id='word_1_93' title='bbox 601 1857 1079 1944; x_wconf 83' lang='lat' dir='ltr'><strong>explicandi</strong></span> <span class='ocrx_word' id='word_1_94' title='bbox 1124 1857 1388 1923; x_wconf 83' lang='lat' dir='ltr'><strong>verbum</strong></span> <span class='ocrx_word' id='word_1_95' title='bbox 1434 1859 1776 1942; x_wconf 83' lang='lat' dir='ltr'><strong>utriusque</strong></span> <span class='ocrx_word' id='word_1_96' title='bbox 1804 1857 2074 1923; x_wconf 84' lang='lat' dir='ltr'><strong>membri</strong></span> <span class='ocrx_word' id='word_1_97' title='bbox 2102 1876 2449 1922; x_wconf 88' lang='lat' dir='ltr'><strong>commune</strong></span> <span class='ocrx_word' id='word_1_98' title='bbox 2473 1866 2681 1933; x_wconf 89' lang='lat' dir='ltr'><strong>esset,</strong></span> 
     </span>
     <span class='ocr_line' id='line_1_15' title="bbox 304 1962 2685 2050; baseline 0 -23"><span class='ocrx_word' id='word_1_99' title='bbox 304 1972 479 2028; x_wconf 87' lang='lat' dir='ltr'><strong>certe</strong></span> <span class='ocrx_word' id='word_1_100' title='bbox 528 1964 591 2027; x_wconf 91' lang='lat' dir='ltr'><strong>in</strong></span> <span class='ocrx_word' id='word_1_101' title='bbox 642 1962 844 2029; x_wconf 87' lang='lat' dir='ltr'><strong>altero</strong></span> <span class='ocrx_word' id='word_1_102' title='bbox 892 1965 971 2030; x_wconf 94' lang='lat' dir='ltr'><strong>in</strong></span> <span class='ocrx_word' id='word_1_103' title='bbox 1020 1964 1292 2031; x_wconf 86' lang='lat' dir='ltr'><strong>abesset.</strong></span> <span class='ocrx_word' id='word_1_104' title='bbox 1362 1964 1429 2028; x_wconf 88' lang='lat' dir='ltr'><strong>Si</strong></span> <span class='ocrx_word' id='word_1_105' title='bbox 1480 1964 1700 2029; x_wconf 86' lang='lat' dir='ltr'><strong>Cicero</strong></span> <span class='ocrx_word' id='word_1_106' title='bbox 1737 1964 2001 2050; x_wconf 86' lang='lat' dir='ltr'><strong>scripsit</strong></span> <span class='ocrx_word' id='word_1_107' title='bbox 2043 1965 2119 2028; x_wconf 90' lang='lat' dir='ltr'><strong>in</strong></span> <span class='ocrx_word' id='word_1_108' title='bbox 2162 1970 2685 2042; x_wconf 62' lang='lat' dir='ltr'><strong>expui-emus</strong></span> 
     </span>
    </p>
   </div>
   <div class='ocr_carea' id='block_1_4' title="bbox 302 2066 2683 2260">
    <p class='ocr_par' dir='ltr' id='par_1_5' title="bbox 302 2066 2683 2260">
     <span class='ocr_line' id='line_1_16' title="bbox 302 2066 2683 2148; baseline 0 -15"><span class='ocrx_word' id='word_1_109' title='bbox 302 2066 752 2148; x_wconf 83' lang='lat' dir='ltr'><strong>remediis,</strong></span> <span class='ocrx_word' id='word_1_110' title='bbox 819 2070 1086 2136; x_wconf 85' lang='lat' dir='ltr'><strong>verbum</strong></span> <span class='ocrx_word' id='word_1_111' title='bbox 1150 2070 1216 2135; x_wconf 92' lang='lat' dir='ltr'><strong>in</strong></span> <span class='ocrx_word' id='word_1_112' title='bbox 1282 2068 1402 2135; x_wconf 88' lang='lat' dir='ltr'><strong>hac</strong></span> <span class='ocrx_word' id='word_1_113' title='bbox 1456 2070 1790 2136; x_wconf 79' lang='lat' dir='ltr'><strong>vicinitate</strong></span> <span class='ocrx_word' id='word_1_114' title='bbox 1835 2068 2181 2136; x_wconf 85' lang='lat' dir='ltr'><strong>scribentis</strong></span> <span class='ocrx_word' id='word_1_115' title='bbox 2227 2068 2446 2135; x_wconf 91' lang='lat' dir='ltr'><strong>oculos</strong></span> <span class='ocrx_word' id='word_1_116' title='bbox 2495 2066 2683 2134; x_wconf 79' lang='lat' dir='ltr'><strong>facile</strong></span> 
     </span>
     <span class='ocr_line' id='line_1_17' title="bbox 304 2172 798 2260; baseline 0.004 -21"><span class='ocrx_word' id='word_1_117' title='bbox 304 2172 521 2240; x_wconf 84' lang='lat' dir='ltr'><strong>fallere</strong></span> <span class='ocrx_word' id='word_1_118' title='bbox 572 2175 798 2260; x_wconf 91' lang='lat' dir='ltr'><strong>potuit.</strong></span> 
     </span>
    </p>
   </div>
   <div class='ocr_carea' id='block_1_5' title="bbox 396 2383 1328 2475">
    <p class='ocr_par' dir='ltr' id='par_1_6' title="bbox 396 2383 1328 2475">
     <span class='ocr_line' id='line_1_18' title="bbox 396 2383 1328 2475; baseline 0.003 -25"><span class='ocrx_word' id='word_1_119' title='bbox 396 2383 491 2450; x_wconf 83' lang='lat' dir='ltr'><strong>Ad</strong></span> <span class='ocrx_word' id='word_1_120' title='bbox 540 2383 724 2451; x_wconf 77' lang='lat' dir='ltr'><strong>Fam.</strong></span> <span class='ocrx_word' id='word_1_121' title='bbox 777 2385 914 2453; x_wconf 85' lang='lat' dir='ltr'><strong>vn.</strong></span> <span class='ocrx_word' id='word_1_122' title='bbox 967 2387 1085 2475; x_wconf 77' lang='lat' dir='ltr'><strong>Ep.</strong></span> <span class='ocrx_word' id='word_1_123' title='bbox 1141 2392 1215 2464; x_wconf 77' lang='lat'><strong>2,</strong></span> <span class='ocrx_word' id='word_1_124' title='bbox 1267 2391 1328 2452; x_wconf 79' lang='lat'><strong>2.</strong></span> 
     </span>
    </p>
   </div>
   <div class='ocr_carea' id='block_1_6' title="bbox 304 2491 2722 4484">
    <p class='ocr_par' dir='ltr' id='par_1_7' title="bbox 304 2491 2722 3425">
     <span class='ocr_line' id='line_1_19' title="bbox 396 2491 2686 2580; baseline 0.002 -23"><span class='ocrx_word' id='word_1_125' title='bbox 396 2491 498 2558; x_wconf 88' lang='lat' dir='ltr'><strong>De</strong></span> <span class='ocrx_word' id='word_1_126' title='bbox 561 2491 814 2558; x_wconf 89' lang='lat' dir='ltr'><strong>Bursa</strong></span> <span class='ocrx_word' id='word_1_127' title='bbox 874 2501 948 2560; x_wconf 90' lang='lat' dir='ltr'><strong>te</strong></span> <span class='ocrx_word' id='word_1_128' title='bbox 996 2492 1367 2580; x_wconf 89' lang='lat' dir='ltr'><strong>gaudere</strong></span> <span class='ocrx_word' id='word_1_129' title='bbox 1410 2502 1643 2560; x_wconf 86' lang='lat' dir='ltr'><strong>certo</strong></span> <span class='ocrx_word' id='word_1_130' title='bbox 1688 2492 1896 2568; x_wconf 77' lang='lat' dir='ltr'><strong>seio:</strong></span> <span class='ocrx_word' id='word_1_131' title='bbox 1946 2491 2086 2561; x_wconf 90' lang='lat' dir='ltr'><strong>sed</strong></span> <span class='ocrx_word' id='word_1_132' title='bbox 2154 2493 2403 2559; x_wconf 90' lang='lat' dir='ltr'><strong>nimis</strong></span> <span class='ocrx_word' id='word_1_133' title='bbox 2465 2513 2686 2561; x_wconf 81' lang='lat' dir='ltr'><strong>vere·</strong></span> 
     </span>
     <span class='ocr_line' id='line_1_20' title="bbox 304 2597 2684 2685; baseline 0.001 -22"><span class='ocrx_word' id='word_1_134' title='bbox 304 2597 570 2663; x_wconf 85' lang='lat' dir='ltr'><strong>eunde</strong></span> <span class='ocrx_word' id='word_1_135' title='bbox 642 2597 841 2663; x_wconf 88' lang='lat' dir='ltr'><strong>mihi</strong></span> <span class='ocrx_word' id='word_1_136' title='bbox 911 2600 1402 2685; x_wconf 83' lang='lat' dir='ltr'><strong>gratularis.</strong></span> <span class='ocrx_word' id='word_1_137' title='bbox 1527 2600 1776 2666; x_wconf 80' lang='lat' dir='ltr'><strong>Putas</strong></span> <span class='ocrx_word' id='word_1_138' title='bbox 1846 2602 2109 2677; x_wconf 86' lang='lat' dir='ltr'><strong>enim,</strong></span> <span class='ocrx_word' id='word_1_139' title='bbox 2184 2610 2268 2665; x_wconf 92' lang='lat' dir='ltr'><strong>ut</strong></span> <span class='ocrx_word' id='word_1_140' title='bbox 2334 2601 2684 2677; x_wconf 78' lang='lat' dir='ltr'><strong>scribiS,</strong></span> 
     </span>
     <span class='ocr_line' id='line_1_21' title="bbox 308 2703 2722 2791; baseline 0 -21"><span class='ocrx_word' id='word_1_141' title='bbox 308 2711 650 2790; x_wconf 87' lang='lat' dir='ltr'><strong>propter</strong></span> <span class='ocrx_word' id='word_1_142' title='bbox 719 2703 1081 2770; x_wconf 87' lang='lat' dir='ltr'><strong>hominis</strong></span> <span class='ocrx_word' id='word_1_143' title='bbox 1141 2705 1436 2772; x_wconf 91' lang='lat' dir='ltr'><strong>sordes</strong></span> <span class='ocrx_word' id='word_1_144' title='bbox 1507 2708 1777 2772; x_wconf 88' lang='lat' dir='ltr'><strong>minus</strong></span> <span class='ocrx_word' id='word_1_145' title='bbox 1845 2726 1960 2772; x_wconf 87' lang='lat' dir='ltr'><strong>me</strong></span> <span class='ocrx_word' id='word_1_146' title='bbox 2024 2726 2390 2791; x_wconf 87' lang='lat' dir='ltr'><strong>magnam</strong></span> <span class='ocrx_word' id='word_1_147' title='bbox 2459 2703 2722 2772; x_wconf 75' lang='lat' dir='ltr'><strong>illam&#39;</strong></span> 
     </span>
     <span class='ocr_line' id='line_1_22' title="bbox 304 2809 2687 2897; baseline 0 -22"><span class='ocrx_word' id='word_1_148' title='bbox 304 2809 722 2875; x_wconf 80' lang='lat' dir='ltr'><strong>laetitiam</strong></span> <span class='ocrx_word' id='word_1_149' title='bbox 775 2821 1094 2896; x_wconf 88' lang='lat' dir='ltr'><strong>putare.</strong></span> <span class='ocrx_word' id='word_1_150' title='bbox 1193 2810 1498 2876; x_wconf 89' lang='lat' dir='ltr'><strong>Credas</strong></span> <span class='ocrx_word' id='word_1_151' title='bbox 1557 2811 1751 2877; x_wconf 85' lang='lat' dir='ltr'><strong>mihi</strong></span> <span class='ocrx_word' id='word_1_152' title='bbox 1802 2812 2044 2877; x_wconf 83' lang='lat' dir='ltr'><strong>velim</strong></span> <span class='ocrx_word' id='word_1_153' title='bbox 2096 2812 2358 2897; x_wconf 87' lang='lat' dir='ltr'><strong>magis</strong></span> <span class='ocrx_word' id='word_1_154' title='bbox 2409 2832 2526 2878; x_wconf 87' lang='lat' dir='ltr'><strong>me</strong></span> <span class='ocrx_word' id='word_1_155' title='bbox 2577 2813 2687 2877; x_wconf 84' lang='lat' dir='ltr'><strong>iu-</strong></span> 
     </span>
     <span class='ocr_line' id='line_1_23' title="bbox 307 2914 2684 3002; baseline 0.001 -21"><span class='ocrx_word' id='word_1_156' title='bbox 307 2915 531 2981; x_wconf 85' lang='lat' dir='ltr'><strong>dicio</strong></span> <span class='ocrx_word' id='word_1_157' title='bbox 594 2914 739 2980; x_wconf 76' lang='lat' dir='ltr'><strong>lioe</strong></span> <span class='ocrx_word' id='word_1_158' title='bbox 794 2937 1026 3002; x_wconf 86' lang='lat' dir='ltr'><strong>quam</strong></span> <span class='ocrx_word' id='word_1_159' title='bbox 1094 2926 1354 2982; x_wconf 90' lang='lat' dir='ltr'><strong>morte</strong></span> <span class='ocrx_word' id='word_1_160' title='bbox 1418 2917 1749 2983; x_wconf 85' lang='lat' dir='ltr'><strong>inimici</strong></span> <span class='ocrx_word' id='word_1_161' title='bbox 1802 2917 2225 2984; x_wconf 89' lang='lat' dir='ltr'><strong>laetatum.</strong></span> <span class='ocrx_word' id='word_1_162' title='bbox 2323 2917 2684 2984; x_wconf 87' lang='lat' dir='ltr'><strong>Primum</strong></span> 
     </span>
     <span class='ocr_line' id='line_1_24' title="bbox 308 3021 2691 3111; baseline 0.001 -23"><span class='ocrx_word' id='word_1_163' title='bbox 308 3023 518 3088; x_wconf 87' lang='lat' dir='ltr'><strong>enim</strong></span> <span class='ocrx_word' id='word_1_164' title='bbox 587 3021 910 3088; x_wconf 88' lang='lat' dir='ltr'><strong>iudicio</strong></span> <span class='ocrx_word' id='word_1_165' title='bbox 971 3023 1183 3087; x_wconf 91' lang='lat' dir='ltr'><strong>malo</strong></span> <span class='ocrx_word' id='word_1_166' title='bbox 1245 3042 1475 3108; x_wconf 87' lang='lat' dir='ltr'><strong>quam</strong></span> <span class='ocrx_word' id='word_1_167' title='bbox 1532 3022 1848 3108; x_wconf 86' lang='lat' dir='ltr'><strong>gladio,</strong></span> <span class='ocrx_word' id='word_1_168' title='bbox 1900 3023 2196 3090; x_wconf 87' lang='lat' dir='ltr'><strong>deinde</strong></span> <span class='ocrx_word' id='word_1_169' title='bbox 2243 3023 2516 3109; x_wconf 88' lang='lat' dir='ltr'><strong>gloria</strong></span> <span class='ocrx_word' id='word_1_170' title='bbox 2565 3045 2691 3111; x_wconf 89' lang='lat' dir='ltr'><strong>po·</strong></span> 
     </span>
     <span class='ocr_line' id='line_1_25' title="bbox 307 3128 2690 3216; baseline 0.001 -23"><span class='ocrx_word' id='word_1_171' title='bbox 307 3129 478 3193; x_wconf 91' lang='lat' dir='ltr'><strong>tius</strong></span> <span class='ocrx_word' id='word_1_172' title='bbox 521 3129 769 3193; x_wconf 89' lang='lat' dir='ltr'><strong>amici</strong></span> <span class='ocrx_word' id='word_1_173' title='bbox 808 3149 1044 3214; x_wconf 86' lang='lat' dir='ltr'><strong>quam</strong></span> <span class='ocrx_word' id='word_1_174' title='bbox 1086 3128 1603 3208; x_wconf 80' lang='lat' dir='ltr'><strong>calamitate3</strong></span> <span class='ocrx_word' id='word_1_175' title='bbox 1647 3168 1735 3179; x_wconf 89' lang='lat'>—</span> <span class='ocrx_word' id='word_1_176' title='bbox 1775 3138 2191 3216; x_wconf 87' lang='lat' dir='ltr'><strong>postremo</strong></span> <span class='ocrx_word' id='word_1_177' title='bbox 2230 3167 2315 3180; x_wconf 89' lang='lat'><strong>·-</strong></span> <span class='ocrx_word' id='word_1_178' title='bbox 2354 3128 2690 3196; x_wconf 90' lang='lat' dir='ltr'><strong>oderam</strong></span> 
     </span>
     <span class='ocr_line' id='line_1_26' title="bbox 310 3234 2691 3322; baseline 0.001 -24"><span class='ocrx_word' id='word_1_179' title='bbox 310 3234 569 3298; x_wconf 86' lang='lat' dir='ltr'><strong>multo</strong></span> <span class='ocrx_word' id='word_1_180' title='bbox 623 3235 862 3318; x_wconf 89' lang='lat' dir='ltr'><strong>peius</strong></span> <span class='ocrx_word' id='word_1_181' title='bbox 914 3235 1160 3311; x_wconf 85' lang='lat' dir='ltr'><strong>hunc,</strong></span> <span class='ocrx_word' id='word_1_182' title='bbox 1214 3255 1444 3320; x_wconf 89' lang='lat' dir='ltr'><strong>quam</strong></span> <span class='ocrx_word' id='word_1_183' title='bbox 1496 3234 1731 3300; x_wconf 86' lang='lat' dir='ltr'><strong>illum</strong></span> <span class='ocrx_word' id='word_1_184' title='bbox 1785 3235 2055 3322; x_wconf 89' lang='lat' dir='ltr'><strong>ipsum</strong></span> <span class='ocrx_word' id='word_1_185' title='bbox 2105 3234 2502 3300; x_wconf 86' lang='lat' dir='ltr'><strong>Clodium.</strong></span> <span class='ocrx_word' id='word_1_186' title='bbox 2600 3236 2691 3302; x_wconf 91' lang='lat' dir='ltr'><strong>ll·</strong></span> 
     </span>
     <span class='ocr_line' id='line_1_27' title="bbox 308 3339 2429 3425; baseline 0.001 -21"><span class='ocrx_word' id='word_1_187' title='bbox 308 3339 467 3404; x_wconf 87' lang='lat' dir='ltr'><strong>lum</strong></span> <span class='ocrx_word' id='word_1_188' title='bbox 521 3339 731 3403; x_wconf 86' lang='lat' dir='ltr'><strong>enim</strong></span> <span class='ocrx_word' id='word_1_189' title='bbox 784 3359 1386 3425; x_wconf 74' lang='lat' dir='ltr'><strong>oppugnarem,</strong></span> <span class='ocrx_word' id='word_1_190' title='bbox 1438 3340 1651 3406; x_wconf 87' lang='lat' dir='ltr'><strong>hunc</strong></span> <span class='ocrx_word' id='word_1_191' title='bbox 1700 3340 2255 3407; x_wconf 77' lang='lat' dir='ltr'><strong>defenderam.</strong></span> <span class='ocrx_word' id='word_1_192' title='bbox 2307 3350 2429 3406; x_wconf 88' lang='lat' dir='ltr'><strong>etc.</strong></span> 
     </span>
    </p>

    <p class='ocr_par' dir='ltr' id='par_1_8' title="bbox 309 3443 2696 4484">
     <span class='ocr_line' id='line_1_28' title="bbox 401 3443 2690 3532; baseline 0.001 -21"><span class='ocrx_word' id='word_1_193' title='bbox 401 3444 628 3511; x_wconf 88' lang='lat' dir='ltr'><strong>Omnia</strong></span> <span class='ocrx_word' id='word_1_194' title='bbox 692 3443 865 3509; x_wconf 85' lang='lat' dir='ltr'><strong>clara</strong></span> <span class='ocrx_word' id='word_1_195' title='bbox 930 3453 994 3510; x_wconf 91' lang='lat' dir='ltr'><strong>et</strong></span> <span class='ocrx_word' id='word_1_196' title='bbox 1059 3445 1357 3512; x_wconf 87' lang='lat' dir='ltr'><strong>illustria.</strong></span> <span class='ocrx_word' id='word_1_197' title='bbox 1458 3447 1770 3511; x_wconf 81' lang='lat' dir='ltr'><strong>inimicus</strong></span> <span class='ocrx_word' id='word_1_198' title='bbox 1816 3466 2043 3532; x_wconf 86' lang='lat' dir='ltr'><strong>quem,</strong></span> <span class='ocrx_word' id='word_1_199' title='bbox 2094 3446 2258 3532; x_wconf 88' lang='lat' dir='ltr'><strong>quod</strong></span> <span class='ocrx_word' id='word_1_200' title='bbox 2312 3446 2532 3512; x_wconf 88' lang='lat' dir='ltr'><strong>minus</strong></span> <span class='ocrx_word' id='word_1_201' title='bbox 2582 3467 2690 3513; x_wconf 78' lang='lat' dir='ltr'><strong>ve-</strong></span> 
     </span>
     <span class='ocr_line' id='line_1_29' title="bbox 309 3549 2691 3638; baseline 0 -22"><span class='ocrx_word' id='word_1_202' title='bbox 309 3551 418 3627; x_wconf 90' lang='lat' dir='ltr'><strong>lit,</strong></span> <span class='ocrx_word' id='word_1_203' title='bbox 489 3549 752 3616; x_wconf 84' lang='lat' dir='ltr'><strong>sustulit</strong></span> <span class='ocrx_word' id='word_1_204' title='bbox 823 3550 1077 3635; x_wconf 86' lang='lat' dir='ltr'><strong>gladius</strong></span> <span class='ocrx_word' id='word_1_205' title='bbox 1148 3571 1295 3616; x_wconf 86' lang='lat' dir='ltr'><strong>cum</strong></span> <span class='ocrx_word' id='word_1_206' title='bbox 1373 3551 1740 3617; x_wconf 84' lang='lat' dir='ltr'><strong>calamitate</strong></span> <span class='ocrx_word' id='word_1_207' title='bbox 1802 3553 2037 3629; x_wconf 88' lang='lat' dir='ltr'><strong>amici,</strong></span> <span class='ocrx_word' id='word_1_208' title='bbox 2107 3552 2398 3627; x_wconf 85' lang='lat' dir='ltr'><strong>Clodius;</strong></span> <span class='ocrx_word' id='word_1_209' title='bbox 2459 3573 2691 3638; x_wconf 87' lang='lat' dir='ltr'><strong>quem,</strong></span> 
     </span>
     <span class='ocr_line' id='line_1_30' title="bbox 310 3655 2690 3744; baseline 0 -21"><span class='ocrx_word' id='word_1_210' title='bbox 310 3655 475 3744; x_wconf 88' lang='lat' dir='ltr'><strong>quod</strong></span> <span class='ocrx_word' id='word_1_211' title='bbox 542 3655 756 3735; x_wconf 89' lang='lat' dir='ltr'><strong>malit,</strong></span> <span class='ocrx_word' id='word_1_212' title='bbox 819 3657 1134 3722; x_wconf 89' lang='lat' dir='ltr'><strong>iudicium</strong></span> <span class='ocrx_word' id='word_1_213' title='bbox 1197 3677 1346 3722; x_wconf 88' lang='lat' dir='ltr'><strong>cum</strong></span> <span class='ocrx_word' id='word_1_214' title='bbox 1409 3656 1612 3742; x_wconf 86' lang='lat' dir='ltr'><strong>gloria</strong></span> <span class='ocrx_word' id='word_1_215' title='bbox 1661 3658 1892 3736; x_wconf 89' lang='lat' dir='ltr'><strong>amici,</strong></span> <span class='ocrx_word' id='word_1_216' title='bbox 1963 3658 2182 3723; x_wconf 87' lang='lat' dir='ltr'><strong>Bursa.</strong></span> <span class='ocrx_word' id='word_1_217' title='bbox 2284 3658 2495 3744; x_wconf 77' lang='lat' dir='ltr'><strong>Atque</strong></span> <span class='ocrx_word' id='word_1_218' title='bbox 2543 3659 2690 3724; x_wconf 82' lang='lat' dir='ltr'><strong>novi</strong></span> 
     </span>
     <span class='ocr_line' id='line_1_31' title="bbox 311 3762 2691 3842; baseline -0 -13"><span class='ocrx_word' id='word_1_219' title='bbox 311 3765 667 3829; x_wconf 83' lang='lat' dir='ltr'><strong>amicornm</strong></span> <span class='ocrx_word' id='word_1_220' title='bbox 710 3762 984 3828; x_wconf 86' lang='lat' dir='ltr'><strong>alterum</strong></span> <span class='ocrx_word' id='word_1_221' title='bbox 1029 3782 1175 3828; x_wconf 89' lang='lat' dir='ltr'><strong>eum</strong></span> <span class='ocrx_word' id='word_1_222' title='bbox 1218 3764 1405 3828; x_wconf 91' lang='lat' dir='ltr'><strong>cuius</strong></span> <span class='ocrx_word' id='word_1_223' title='bbox 1445 3763 1880 3829; x_wconf 87' lang='lat' dir='ltr'><strong>calamitatem</strong></span> <span class='ocrx_word' id='word_1_224' title='bbox 1923 3762 2147 3836; x_wconf 86' lang='lat' dir='ltr'><strong>nollet;</strong></span> <span class='ocrx_word' id='word_1_225' title='bbox 2186 3763 2462 3828; x_wconf 87' lang='lat' dir='ltr'><strong>alterum</strong></span> <span class='ocrx_word' id='word_1_226' title='bbox 2505 3784 2691 3842; x_wconf 82' lang='lat' dir='ltr'><strong>vero,</strong></span> 
     </span>
     <span class='ocr_line' id='line_1_32' title="bbox 311 3868 2696 3955; baseline 0.001 -21"><span class='ocrx_word' id='word_1_227' title='bbox 311 3870 499 3934; x_wconf 86' lang='lat' dir='ltr'><strong>cuius</strong></span> <span class='ocrx_word' id='word_1_228' title='bbox 566 3868 746 3933; x_wconf 86' lang='lat' dir='ltr'><strong>malit</strong></span> <span class='ocrx_word' id='word_1_229' title='bbox 808 3868 1076 3953; x_wconf 85' lang='lat' dir='ltr'><strong>gloriam</strong></span> <span class='ocrx_word' id='word_1_230' title='bbox 1127 3889 1366 3955; x_wconf 88' lang='lat' dir='ltr'><strong>quaero</strong></span> <span class='ocrx_word' id='word_1_231' title='bbox 1424 3889 1631 3954; x_wconf 87' lang='lat' dir='ltr'><strong>neque</strong></span> <span class='ocrx_word' id='word_1_232' title='bbox 1697 3871 1988 3936; x_wconf 85' lang='lat' dir='ltr'><strong>invenio.</strong></span> <span class='ocrx_word' id='word_1_233' title='bbox 2058 3888 2263 3955; x_wconf 86' lang='lat' dir='ltr'><strong>neque</strong></span> <span class='ocrx_word' id='word_1_234' title='bbox 2311 3868 2471 3934; x_wconf 87' lang='lat' dir='ltr'><strong>adeo</strong></span> <span class='ocrx_word' id='word_1_235' title='bbox 2521 3870 2696 3936; x_wconf 87' lang='lat' dir='ltr'><strong>inter</strong></span> 
     </span>
     <span class='ocr_line' id='line_1_33' title="bbox 315 3972 2695 4060; baseline 0 -20"><span class='ocrx_word' id='word_1_236' title='bbox 315 3972 616 4040; x_wconf 87' lang='lat' dir='ltr'><strong>mortales</strong></span> <span class='ocrx_word' id='word_1_237' title='bbox 678 3973 875 4039; x_wconf 77' lang='lat' dir='ltr'><strong>luisse</strong></span> <span class='ocrx_word' id='word_1_238' title='bbox 939 3975 1250 4058; x_wconf 87' lang='lat' dir='ltr'><strong>suspicor.</strong></span> <span class='ocrx_word' id='word_1_239' title='bbox 1350 3975 1600 4040; x_wconf 86' lang='lat' dir='ltr'><strong>Etenim</strong></span> <span class='ocrx_word' id='word_1_240' title='bbox 1669 3974 1937 4060; x_wconf 88' lang='lat' dir='ltr'><strong>gloriam</strong></span> <span class='ocrx_word' id='word_1_241' title='bbox 1992 3977 2232 4060; x_wconf 88' lang='lat' dir='ltr'><strong>reperit</strong></span> <span class='ocrx_word' id='word_1_242' title='bbox 2280 3995 2354 4040; x_wconf 81' lang='lat' dir='ltr'><strong>ex</strong></span> <span class='ocrx_word' id='word_1_243' title='bbox 2410 3973 2695 4053; x_wconf 86' lang='lat' dir='ltr'><strong>iudicio,</strong></span> 
     </span>
     <span class='ocr_line' id='line_1_34' title="bbox 311 4079 2694 4168; baseline 0.001 -23"><span class='ocrx_word' id='word_1_244' title='bbox 311 4101 438 4168; x_wconf 89' lang='lat' dir='ltr'><strong>quo</strong></span> <span class='ocrx_word' id='word_1_245' title='bbox 502 4098 650 4145; x_wconf 89' lang='lat' dir='ltr'><strong>reus</strong></span> <span class='ocrx_word' id='word_1_246' title='bbox 708 4081 791 4143; x_wconf 85' lang='lat' dir='ltr'><strong>sit</strong></span> <span class='ocrx_word' id='word_1_247' title='bbox 856 4079 1353 4154; x_wconf 75' lang='lat' dir='ltr'><strong>condemnatus,</strong></span> <span class='ocrx_word' id='word_1_248' title='bbox 1423 4081 1480 4145; x_wconf 91' lang='lat' dir='ltr'><strong>is</strong></span> <span class='ocrx_word' id='word_1_249' title='bbox 1537 4081 1646 4167; x_wconf 90' lang='lat' dir='ltr'><strong>qui</strong></span> <span class='ocrx_word' id='word_1_250' title='bbox 1706 4082 2057 4145; x_wconf 84' lang='lat' dir='ltr'><strong>accusavit.</strong></span> <span class='ocrx_word' id='word_1_251' title='bbox 2158 4081 2349 4166; x_wconf 81' lang='lat' dir='ltr'><strong>Atqui</strong></span> <span class='ocrx_word' id='word_1_252' title='bbox 2411 4079 2694 4148; x_wconf 87' lang='lat' dir='ltr'><strong>Bursam</strong></span> 
     </span>
     <span class='ocr_line' id='line_1_35' title="bbox 313 4183 2696 4272; baseline 0 -20"><span class='ocrx_word' id='word_1_253' title='bbox 313 4190 375 4252; x_wconf 92' lang='lat' dir='ltr'><strong>in</strong></span> <span class='ocrx_word' id='word_1_254' title='bbox 454 4183 763 4249; x_wconf 88' lang='lat' dir='ltr'><strong>iudicium</strong></span> <span class='ocrx_word' id='word_1_255' title='bbox 837 4188 1085 4250; x_wconf 84' lang='lat' dir='ltr'><strong>vocavit</strong></span> <span class='ocrx_word' id='word_1_256' title='bbox 1154 4194 1217 4251; x_wconf 91' lang='lat' dir='ltr'><strong>et</strong></span> <span class='ocrx_word' id='word_1_257' title='bbox 1290 4185 1623 4251; x_wconf 84' lang='lat' dir='ltr'><strong>damnavit</strong></span> <span class='ocrx_word' id='word_1_258' title='bbox 1691 4188 1825 4272; x_wconf 91' lang='lat' dir='ltr'><strong>ipse</strong></span> <span class='ocrx_word' id='word_1_259' title='bbox 1886 4186 2129 4251; x_wconf 87' lang='lat' dir='ltr'><strong>Cicero.</strong></span> <span class='ocrx_word' id='word_1_260' title='bbox 2239 4186 2301 4252; x_wconf 91' lang='lat' dir='ltr'><strong>1s</strong></span> <span class='ocrx_word' id='word_1_261' title='bbox 2362 4206 2518 4270; x_wconf 83' lang='lat' dir='ltr'><strong>ergo</strong></span> <span class='ocrx_word' id='word_1_262' title='bbox 2587 4188 2696 4253; x_wconf 85' lang='lat' dir='ltr'><strong>hic</strong></span> 
     </span>
     <span class='ocr_line' id='line_1_36' title="bbox 311 4289 2695 4381; baseline 0.001 -24"><span class='ocrx_word' id='word_1_263' title='bbox 311 4291 388 4357; x_wconf 85' lang='lat' dir='ltr'><strong>de</strong></span> <span class='ocrx_word' id='word_1_264' title='bbox 437 4310 551 4356; x_wconf 86' lang='lat' dir='ltr'><strong>sua</strong></span> <span class='ocrx_word' id='word_1_265' title='bbox 605 4310 728 4355; x_wconf 88' lang='lat' dir='ltr'><strong>non</strong></span> <span class='ocrx_word' id='word_1_266' title='bbox 775 4289 853 4355; x_wconf 88' lang='lat' dir='ltr'><strong>de</strong></span> <span class='ocrx_word' id='word_1_267' title='bbox 905 4291 1131 4356; x_wconf 88' lang='lat' dir='ltr'><strong>incerti</strong></span> <span class='ocrx_word' id='word_1_268' title='bbox 1180 4292 1516 4356; x_wconf 84' lang='lat' dir='ltr'><strong>cuiusdam</strong></span> <span class='ocrx_word' id='word_1_269' title='bbox 1569 4292 1761 4357; x_wconf 87' lang='lat' dir='ltr'><strong>amici</strong></span> <span class='ocrx_word' id='word_1_270' title='bbox 1817 4292 2017 4376; x_wconf 89' lang='lat' dir='ltr'><strong>gloria</strong></span> <span class='ocrx_word' id='word_1_271' title='bbox 2071 4292 2399 4377; x_wconf 85' lang='lat' dir='ltr'><strong>cogitavit.</strong></span> <span class='ocrx_word' id='word_1_272' title='bbox 2474 4291 2695 4381; x_wconf 81' lang='lat' dir='ltr'><strong>Scrip-</strong></span> 
     </span>
     <span class='ocr_line' id='line_1_37' title="bbox 313 4393 2695 4484; baseline 0 -21"><span class='ocrx_word' id='word_1_273' title='bbox 313 4398 474 4464; x_wconf 88' lang='lat' dir='ltr'><strong>sisse</strong></span> <span class='ocrx_word' id='word_1_274' title='bbox 521 4393 780 4461; x_wconf 84' lang='lat' dir='ltr'><strong>videtur</strong></span> <span class='ocrx_word' id='word_1_275' title='bbox 826 4394 1127 4463; x_wconf 90' lang='lat' dir='ltr'><strong>deinde</strong></span> <span class='ocrx_word' id='word_1_276' title='bbox 1173 4397 1441 4484; x_wconf 87' lang='lat' dir='ltr'><strong>gloria</strong></span> <span class='ocrx_word' id='word_1_277' title='bbox 1483 4406 1794 4477; x_wconf 69' lang='lat' dir='ltr'><strong>propria</strong></span> <span class='ocrx_word' id='word_1_278' title='bbox 1835 4399 2125 4484; x_wconf 87' lang='lat' dir='ltr'><strong>potius</strong></span> <span class='ocrx_word' id='word_1_279' title='bbox 2162 4417 2396 4484; x_wconf 85' lang='lat' dir='ltr'><strong>quam</strong></span> <span class='ocrx_word' id='word_1_280' title='bbox 2436 4400 2695 4465; x_wconf 89' lang='lat' dir='ltr'><strong>amici</strong></span> 
     </span>
    </p>
   </div>
  </div>
 </body>
</html>
