2934 5050
391 338 519 410 242
1195 350 1506 398 nucitum
1556 350 1626 397 ιτ
1677 349 1984 397 nucinum.

387 520 605 588 versui
651 519 944 609 adaptari
991 540 1119 590 non
1167 526 1422 608 posset,
1473 521 1536 588 in
1585 528 1881 608 poemate
1925 516 2193 587 Numeri
2237 517 2569 596 serendum
2607 534 2725 584 esse

389 637 615 715 putatt

1212 731 1511 799 servandi
1570 732 1855 822 [numeri
1901 742 1965 801 et
2015 752 2242 800 versus
2292 728 2569 799 faciendi

518 839 680 917 ,Nos
725 839 939 927 Caum]
992 837 1268 918 Nouem,
1319 858 1664 905 numerum
1717 848 1789 905 ut
1838 840 2161 905 servemu’
2213 838 2618 924 modumque.

397 947 525 1014 inc.
573 944 656 1012 fr.
702 951 829 1027 56,
872 946 1024 1011 olim
1065 944 1231 1010 libro
1273 944 1381 1010 lx.
1426 949 1494 1011 6.
1564 946 1637 1012 In
1678 945 1916 1032 quibus
1958 943 2152 1013 verba
2182 944 2447 1013 inducta
2476 944 2743 1010 nituntur

395 1050 615 1119 codice
662 1052 913 1118 Dousae
960 1051 1194 1138 patriS‚
1242 1052 1352 1137 qui
1401 1070 1519 1117 nec
1568 1051 1818 1119 fraudis
1869 1071 1985 1118 nec
2034 1052 2276 1118 erroris
2332 1050 2623 1117 convinci
2665 1067 2748 1134 po-
2832 1080 2833 1087 κ

397 1165 566 1239 test;
624 1178 771 1224 nam
822 1161 878 1224 si
929 1159 1076 1244 quis
1123 1157 1298 1223 dicat
1345 1157 1531 1223 Canu
1582 1156 1873 1225 additum
1936 1156 2207 1245 prodere
2255 1155 2747 1243 interpolatorem

397 1264 702 1351 quoniam
749 1262 956 1337 Castu
1010 1272 1221 1349 posset
1261 1272 1437 1330 certe
1488 1272 1693 1330 metro
1732 1261 2053 1352 adaptari,
2099 1263 2383 1331 fateatur
2425 1271 2637 1329 tamen
2668 1278 2749 1325 ne·
2832 1250 2833 1279 ³

398 1389 578 1438 cesse
639 1376 774 1446 est,
840 1367 1163 1456 plerisque
1227 1369 1386 1436 locis
1440 1369 1623 1436 Cum
1672 1366 1928 1437 facilius
1978 1389 2233 1436 versum
2287 1367 2542 1456 ingredi
2582 1382 2745 1453 quam

403 1473 809 1564 trisyllabam
881 1472 1175 1542 sormam.
1272 1474 1579 1542 Ceterum
1650 1472 1731 1541 cf.
1806 1475 2087 1541 Coniect.
2160 1475 2213 1542 1.
2288 1494 2352 1560 p.
2408 1478 2517 1540 43.
2608 1469 2752 1537 ldem
2832 1470 2833 1561 ζ

401 1581 691 1649 Lucilius
740 1581 804 1645 in
856 1582 1146 1647 vocativo
1191 1580 1486 1668 probavit
1532 1603 1593 1648 ει
1629 1581 1739 1647 lx.
1792 1584 1907 1647 19:
1958 1600 2214 1647 numnam
2261 1600 2556 1656 sumnum
2591 1575 2754 1644 addes
2832 1622 2833 1625 ,

410 1709 446 1754 ι
499 1707 648 1754 cum
720 1685 913 1753 »nAm’
977 1688 1196 1753 rous?
1258 1688 1599 1754 iusseris'’.
1696 1685 1829 1753 lam
1884 1706 2034 1753 vero
2079 1689 2135 1752 si
2185 1697 2375 1774 poeta
2420 1704 2602 1752 suam
2648 1684 2757 1769 ipse

402 1793 763 1860 doctrinam
814 1801 1078 1859 secutus
1117 1801 1257 1870 est,
1310 1793 1374 1857 in
1418 1793 1716 1879 genetivo
1761 1792 1930 1879 sing.
1972 1792 2264 1860 omnium
2307 1793 2374 1858 in
2412 1813 2492 1857 us
2530 1788 2757 1876 scripsit

404 1922 461 1979 1,
526 1899 592 1975 in
657 1898 896 1965 nomin.
962 1897 1128 1985 plur.
1187 1900 1523 1965 nominum
1573 1899 1639 1964 in
1689 1920 1764 1964 us
1809 1907 1873 1965 et
1924 1898 2210 1966 vocativo
2258 1898 2663 1985 propriorum
2703 1894 2755 1959 in

400 2007 504 2072 ius
559 2026 658 2082 ιι,
708 2005 928 2091 ltaque
976 2004 1189 2081 Aelei,
1235 2003 1462 2082 Lucci,
1512 2003 1798 2070 Ambivei
1846 2004 2103 2093 (vocat.)
2152 2012 2218 2071 et
2265 2003 2637 2083 sceler-osci,
2680 2021 2761 2067 ce·
2832 2024 2833 2097 f

407 2110 585 2189 terei,
632 2111 846 2187 tetrei,
895 2110 1176 2188 miser-ei,
1213 2109 1531 2199 reliqn'osei
1569 2109 1768 2198 (nom.
1804 2109 2006 2199 plur.)
2058 2109 2201 2176 Alia
2241 2109 2549 2196 ambigua
2580 2105 2763 2175 ortho-
2832 2100 2833 2149 5

410 2215 719 2304 graphiae
782 2235 898 2302 ope
961 2214 1268 2282 distincta
1333 2215 1569 2294 voluit,
1634 2223 1705 2282 ut
1739 2216 1876 2302 pila
1920 2225 1988 2284 et
2023 2217 2272 2304 peilam
2322 2215 2520 2306 (plur.
2564 2214 2761 2304 peilo).
2832 2198 2833 2213 ¹

411 2321 660 2409 Ubique
706 2330 966 2400 autem,
1014 2321 1297 2408 exceptis
1344 2320 1503 2399 illis,
1554 2321 1632 2389 de
1673 2321 1910 2410 quibus
1943 2322 2155 2390 adhuc
2191 2323 2593 2409 expositum,
2636 2337 2765 2388 eum

412 2436 526 2494 aut
586 2447 646 2493 ει
710 2435 824 2493 aut
891 2446 916 2493 1
978 2425 1294 2516 (longum)
1359 2428 1698 2515 scripsisse
1758 2429 2069 2496 constitui
2130 2448 2256 2494 non
2305 2436 2539 2515 potest.
2628 2425 2765 2494 Nam
2832 2510 2833 2519 ἶ

413 2533 766 2600 »librorum
823 2533 1209 2620 corruptelis
1255 2534 1425 2600 haud
1470 2557 1621 2600 sane
1656 2536 1880 2622 paucis
1926 2553 2240 2622 apparere
2286 2554 2436 2601 eum
2492 2533 2769 2622 diphton-

414 2659 568 2726 gum
634 2638 983 2706 maluisse'’
1052 2637 1140 2728 (p.
1206 2641 1362 2728 225)
1430 2660 1556 2706 non
1614 2641 1912 2707 dixerim.
2008 2641 2263 2707 Etenim
2316 2641 2397 2705 iis
2444 2640 2632 2717 locis,
2679 2636 2768 2704 ubi
2832 2701 2833 2706 ,

417 2766 593 2814 nunc
657 2746 738 2812 M.
790 2745 847 2813 εἰ
895 2746 1222 2822 restituit,
1274 2765 1472 2832 paene
1519 2745 1819 2813 omnibus
1866 2766 1992 2813 non
2040 2745 2296 2813 litterae
2343 2747 2773 2817 inveniuntur,
2832 2809 2833 2818 ,

414 2872 581 2941 quae
627 2872 777 2919 cum
828 2853 887 2918 ei
933 2850 1176 2918 formae
1224 2851 1552 2938 quandam
1601 2851 2094 2919 similitudinem
2138 2851 2405 2927 habent,
2453 2852 2567 2919 sed
2609 2849 2771 2918 modo

419 2981 524 3038 ae,
585 2958 772 3026 modo
816 2979 884 3038 o,
945 2957 1133 3025 modo
1180 2980 1247 3035 e,
1312 2957 1501 3024 modo
1546 2959 1611 3039 i,
1681 2957 1870 3024 modo
1917 2981 2023 3038 er,
2092 2956 2282 3024 modo
2330 2979 2443 3037 en,
2499 2958 2687 3026 veluti
2726 2955 2769 3021 l.

420 3071 506 3133 52
586 3086 985 3152 quaecunque
1055 3063 1164 3131 ubi
1236 3064 1322 3132 Μ.
1373 3063 1718 3130 admodum
1792 3062 1990 3130 dubia
2064 3064 2499 3133 correctione:
2573 3080 2776 3153 »porro
2832 3115 2833 3134 1

421 3171 853 3261 queicumque
892 3170 1077 3260 et·(?)
1105 3171 1473 3257 cuicunque
1500 3219 1514 3237 .
1547 3221 1562 3237 .
1593 3219 1607 3237 .
1630 3169 1997 3236 obstiterit’'
2024 3190 2136 3257 pro
2158 3190 2563 3258 quaecunque
2585 3167 2777 3257 etqui·
2832 3191 2833 3216 1

418 3297 704 3365 cunque:
755 3275 872 3341 vu
923 3276 1139 3363 »queis
1184 3276 1354 3343 oculi
1406 3296 1530 3343 non
1578 3276 1774 3342 sunt''
1821 3294 1898 3342 ex
1937 3295 2121 3363 quos:
2168 3275 2281 3342 lX.
2333 3280 2420 3341 54
2474 3277 2765 3351 »servem

420 3384 524 3451 nei
582 3382 881 3467 longum,
943 3401 1167 3448 verum
1232 3381 1355 3448 hoc
1417 3381 1766 3450 lectoribus
1810 3380 2108 3448 tradam’'
2158 3379 2351 3447 dubia
2398 3383 2771 3451 correctione

423 3510 540 3580 pro
600 3511 724 3568 ηπ
788 3488 1237 3576 praetulerim:
1303 3486 1592 3556 »fervere
1651 3508 1733 3555 ne
1791 3487 2054 3574 longum
2121 3489 2233 3577 (sc.
2300 3488 2572 3578 facias),
2619 3485 2775 3555 verbo

423 3597 547 3663 hoc
605 3594 645 3663 1.
713 3594 839 3671 t.”;
889 3594 1027 3660 XV.
1088 3598 1172 3660 27
1224 3603 1363 3661 »ter
1409 3614 1553 3673 sex,
1614 3604 1821 3661 aetate
1869 3596 2092 3681 quasi,
2142 3597 2398 3664 anneis'’
2448 3616 2528 3664 ex
2575 3612 2770 3667 annm

424 3703 594 3771 xvt.
659 3707 700 3770 6
764 3701 1012 3790 »atquei
1069 3699 1225 3787 quid
1276 3700 1641 3767 mundum”
1689 3721 1767 3768 ex
1811 3711 2031 3789 αιᾳιισ,
2090 3701 2261 3789 quod
2311 3701 2565 3769 librarii
2611 3697 2771 3768 solita

421 3808 712 3878 socordia
761 3829 913 3875 cum
956 3809 1130 3896 atqui
1175 3806 1639 3883 confuderunt:
1687 3807 1971 3874 XXVlll.
2011 3812 2096 3875 49
2125 3808 2470 3895 praetr-eila
2508 3827 2583 3874 ex
2622 3822 2771 3893 pmc-

420 3915 568 3980 trito
633 3913 771 4004 (sed
830 3915 1010 3982 locus
1056 3914 1206 3982 dub.
1255 3913 1338 3980 cf.
1388 3914 1631 4005 infra);
1700 3913 1899 3982 XXX.
1951 3917 2036 3981 95
2088 3913 2339 3980 libentei
2383 3933 2467 3981 ex
2512 3915 2767 3984 tibenin}

424 4018 510 4085 ib.
566 4023 692 4086 129
743 4022 872 4086 »sei
918 4021 1366 4088 nutricatum”
1414 4040 1493 4087 ex
1539 4042 1668 4087 sen.
1764 4019 1878 4087 His
1928 4020 2128 4107 igitur
2177 4019 2334 4087 locis
2383 4019 2561 4087 nulla
2601 4017 2770 4106 palae·

627 4124 769 4191 hica
818 4146 1010 4194 causa
1052 4136 1150 4195 est
1191 4147 1312 4194 cur
1351 4126 1431 4194 de
1468 4147 1530 4192 u
1569 4124 1936 4192 oblitterato
1976 4126 2189 4212 potius
2221 4126 2585 4212 cogitemus
2608 4136 2768 4210 quam

159 4313 166 4320 ‚
415 4250 493 4318 de
549 4149 1020 4333 alla—*quadam
1065 4232 1454 4319 corruptela.
1552 4231 1681 4298 Nec
1729 4229 1912 4298 video
1959 4251 2078 4297 cur
2115 4233 2347 4319 polio-ei
2396 4232 2504 4298 vt.
2552 4236 2593 4298 6
2637 4226 2770 4294 scri·

409 4357 676 4426 bamuS,
724 4363 807 4431 qu
863 4336 902 4403 d
951 4340 1017 4404 in
1071 4358 1198 4404 uno
1251 4338 1421 4404 Harl.
1470 4338 1710 4425 potire,
1754 4339 1819 4402 in
1865 4335 2130 4424 reliquis
2163 4338 2357 4424 potiri
2393 4345 2637 4426 exstat,
2675 4347 2768 4399 nec

412 4478 532 4528 cur
573 4448 873 4544 pumiceis
922 4440 1189 4558 {xva
1250 4447 1364 4517 15,
1417 4442 1587 4530 quod
1636 4442 1783 4509 libri
1824 4442 2062 4512 habent
2095 4445 2381 4531 pulices,
2426 4453 2545 4514 aut
2576 4427 2768 4512 'clesm-
