2934 5050
921 309 1007 356 An
1053 306 1322 356 sronffl
1366 306 1815 358 rtomnncnm.
2368 295 2373 300 ’
2476 281 2559 358 97

191 480 461 563 πάσχειν
503 483 880 566 supposuit,
905 480 1073 565 quod
1108 480 1454 545 sententiae
1492 498 1618 544 non
1653 482 1752 544 est
1789 476 2339 542 accommodatum
2353 523 2372 556 ,
2416 478 2560 562 quis

192 588 358 652 enim
420 586 718 674 prodigos
789 586 965 665 bonis
1031 585 1326 650 omnibus
1385 583 1754 671 abliguritis
1809 589 1975 648 ποιεῖ
2027 578 2270 653 saxee?
2352 581 2565 649 Nemo

189 691 413 758 hercle.
504 689 632 757 Sed
691 695 757 756 et
800 690 958 757 olim
1012 698 1078 756 et
1137 712 1304 756 nunc
1363 689 1661 754 omnibus
1678 735 1695 765 ,
1764 690 1874 773 qui
1937 686 2164 754 stolide
2226 707 2374 773 opes
2418 707 2566 753 suas

192 796 676 884 dilapidaverint
689 846 704 874 ,
755 817 880 862 usu
923 798 1105 862 venit
1146 802 1223 861 ut
1265 797 1418 860 male
1462 796 1753 859 esuriant.

451 901 523 966 τὸ
571 907 776 974 καλῶς
826 900 1066 966 άκούειν
1110 900 1287 980 ταχὺ
1334 906 1501 965 ποιεῖ
1539 908 1870 966 ΠΕῙΝΗΝ
1917 906 2141 974 κακῶς.

274 1004 539 1092 Saepius
607 1006 1000 1072 ostendimus
1060 1004 1319 1072 Stobaei
1378 1002 1642 1071 Codices
1700 1011 1937 1071 scatere
1996 1006 2242 1073 lacunis
2301 1011 2562 1096 ineptis-

189 1114 342 1177 sime
385 1106 678 1198 expletis.
751 1111 922 1192 Quid
957 1132 1029 1178 eo
1067 1111 1490 1177 homuncione
1526 1111 1747 1187 facias,
1785 1113 1895 1196 qui
1926 1115 1997 1177 in
2035 1112 2154 1177 tali
2188 1112 2328 1179 loco
2360 1135 2562 1199 quum

187 1223 536 1304 superesset
573 1227 631 1284 Π
654 1218 882 1259 ****
905 1225 967 1282 N
1005 1224 1302 1281 KAKoc
1343 1214 1694 1300 expleverit
1728 1215 1971 1282 scilicet
2015 1219 2268 1283 πᾶσιν
2314 1218 2563 1293 κακῶςῗ

159 1510 166 1515 .
269 1429 344 1497 In
402 1429 626 1497 Floril.
686 1428 833 1495 XII.
903 1427 1008 1494 13.
1074 1426 1545 1505 άληθομυθεύειν
1603 1427 1797 1507 χρεὼν
1849 1424 1997 1493 ὅπου
2043 1428 2251 1505 λώϊον,
2299 1430 2567 1497 barbara

189 1536 386 1603 forma
452 1540 553 1602 est
622 1532 1127 1613 άληθομυθεύειν,
1198 1530 1443 1599 Graeca
1510 1539 1607 1598 est
1665 1536 1731 1598 et
1787 1531 2011 1599 Jonica
2082 1534 2562 1614 άληθομυθΕειν.

187 1640 383 1708 Multi
428 1661 671 1707 errores
713 1641 865 1705 huic
910 1637 1156 1706 similes
1199 1638 1269 1702 in
1313 1638 1726 1723 scriptoribus
1767 1637 1807 1704 J
1809 1640 2008 1704 onicis
2030 1642 2358 1706 commissi
2392 1647 2562 1708 sunt.

188 1745 370 1832 Apud
427 1745 836 1812 Herodotum
892 1743 975 1810 II.
1043 1743 1195 1810 123.
1243 1763 1574 1829 perperam
1634 1743 1847 1809 editur
1901 1745 2391 1825 άρχηγετΕΤειν
2450 1768 2564 1832 pro

187 1854 662 1932 άρχηγετΕειν,
712 1857 778 1917 et
821 1849 961 1916 VH.
1008 1848 1072 1915 8.
1120 1847 1218 1916 ἵνα
1259 1849 1323 1914 δὲ
1361 1850 1450 1927 μὴ
1488 1847 1962 1926 ἱδιοβουλΕΎε-ιν
2004 1851 2146 1928 ὑμῖν
2184 1851 2365 1917 δοκέω
2390 1900 2407 1929 ,
2449 1853 2565 1918 ubi

188 1975 330 2021 vera
390 1957 712 2042 scriptura
765 1955 1181 2034 ΐδιοβουλΕειν
1236 1958 1332 2019 est
1387 1955 1457 2018 in
1517 1957 1763 2041 optimo
1820 1953 1986 2020 libro
2040 1954 2135 2032 R,
2200 1957 2309 2022 sed
2354 1958 2569 2023 incon·

187 2060 348 2127 sulto
413 2063 758 2147 spernitur.
852 2059 928 2124 In
992 2060 1095 2125 his
1162 2064 1336 2125 certa
1392 2065 1459 2125 et
1517 2064 1807 2126 constans
1862 2059 2157 2149 analogia
2215 2060 2567 2128 sublestam

188 2161 495 2232 Codicum
542 2164 734 2231 fidem
777 2164 1127 2252 redarguit.
1222 2162 1547 2249 Quidquid
1594 2163 2056 2231 adiectivorum
2078 2170 2199 2232 'est
2241 2169 2311 2231 in
2349 2170 2565 2245 -μυθος

189 2275 396 2339 omnia
447 2271 691 2338 habent
747 2271 1021 2338 verbum
1080 2271 1151 2334 in
1210 2270 1483 2347 -μυθεῒν,
1553 2270 1881 2351 ἐχεμυθεῖν
1898 2319 1915 2347 ,
1980 2271 2385 2351 εἷκαιομυθεῖν
2446 2280 2565 2341 cet.

188 2374 273 2442 Ut
327 2399 408 2443 ex
466 2375 811 2454 κυνηγέτης
871 2377 1157 2443 nascitur
1199 2381 1557 2452 κυνηγετεῖν
1602 2376 1693 2439 sic
1737 2375 2118 2455 άρχηγετεῒν
2162 2399 2240 2443 ex
2284 2378 2567 2460 άρχηγέ-

189 2504 310 2559 της.
395 2481 492 2549 Ut
551 2480 820 2560 ἄβουλος
884 2481 1077 2549 habet
1134 2480 1467 2560 ἀβουλεῖν,
1530 2482 1621 2545 sic
1666 2478 2001 2560 ἷδιόβουλος
2045 2483 2435 2563 ἱδιοβουλεῖν,
2483 2487 2565 2552 si·

187 2587 555 2674 militerque
595 2589 665 2654 in
709 2589 991 2654 caeteris.

269 2692 584 2760 Eiusdem
633 2692 872 2758 farinae
917 2697 1014 2758 est
1057 2692 1264 2758 forma
1307 2690 1756 2761 ἔοι-ιςατεύοντα
1803 2700 1867 2759 et
1890 2693 2300 2770 ιἐσιψςαϊεύειν
2344 2694 2566 2763 Floril-

191 2796 303 2876 45,
364 2797 475 2865 28.
545 2818 658 2883 pro
708 2796 1117 2866 ἔπιςατέοντα
1163 2803 1228 2865 et
1273 2797 1658 2878 ἐπιςατέειν,
1706 2803 1783 2862 ut
1827 2808 2216 2878 παραςατεῒν
2238 2849 2254 2877 ,
2311 2823 2563 2877 συμπα-

189 2912 499 2980 paemen,
569 2911 898 2983 προςατεῖν
915 2952 932 2978 ,
993 2903 1370 2970 άντιςατεῒν.
1464 2902 1948 2968 Eiusdemmodi
2006 2905 2240 2970 menda
2296 2904 2566 2972 Dindor-

189 3004 300 3074 fius
349 3012 420 3074 in
483 3008 585 3075 St.
646 3007 832 3074 Thes.
893 3007 1205 3074 indicavit
1264 3008 1633 3090 ἔπιφοιτεύω
1655 3055 1675 3085 ‚
1739 3006 2082 3087 ἔγκυρσεύω
2103 3056 2121 3086 ,
2171 3008 2560 3091 ἐπιφρονεύω.

190 3109 347 3192 Quid
413 3115 720 3180 vitiosius
778 3134 912 3179 esse
971 3114 1172 3199 possit
1230 3133 1425 3199 quam
1484 3110 1750 3193 Φρονεύω
1813 3134 1962 3177 cum
2024 3116 2390 3200 compositis
2449 3134 2563 3203 pro

188 3217 417 3298 Φρονῶῗ
510 3217 786 3285 Perinde
828 3218 1207 3284 mendosum
1253 3224 1349 3284 est
1398 3217 1527 3283 115
1549 3265 1566 3295 ,
1615 3215 1724 3284 27.
1772 3218 2290 3298 ςαθμΕΥόμενος.

271 3430 663 3496 Notavimus
720 3448 910 3514 snpra
965 3436 1107 3492 ΚΑΙ
1171 3430 1241 3492 in
1299 3426 1559 3494 Stobaei
1601 3427 1784 3494 libris
1829 3419 2067 3513 passim
2112 3431 2326 3517 inepte
2371 3432 2565 3497 abun-

191 3532 358 3613 dare,
406 3534 522 3600 sed
565 3552 881 3618 nusquam
924 3533 1203 3618 ineptius
1247 3534 1504 3619 irrepsit
1544 3554 1738 3618 quam
1776 3531 2010 3597 XVIII.
2058 3532 2165 3600 38.
2204 3556 2349 3624 pag.
2392 3535 2561 3615 298,

193 3636 291 3704 30.
346 3637 504 3720 ζωῆς
554 3647 698 3703 ΚΑΙ
744 3635 1081 3719 Φάρμακον
1127 3640 1163 3714 ἦ
1207 3636 1401 3718 τροφὴ
1451 3638 1537 3719 τῷ
1580 3636 2056 3719 civemn-egeln.
2149 3639 2386 3705 Nullus
2429 3661 2566 3706 om-

191 3744 333 3811 nino
377 3742 646 3830 copulae
703 3742 882 3809 locus
923 3748 1040 3808 est.
1089 3740 1243 3823 ζωῆς
1292 3740 1630 3824 φάρμακόν
1676 3744 1769 3812 ἐςι
1814 3742 2049 3809 dicitur
2091 3749 2241 3809 noto
2286 3766 2405 3811 usu
2451 3765 2569 3831 pro

193 3846 293 3927 ζῆν
335 3856 541 3925 ποιεῖ,
592 3849 664 3913 τὸ
710 3847 815 3929 ζῆν
864 3845 1357 3928 παρασκευάζει,
1405 3853 1483 3912 ut
1528 3846 1696 3932 apud
1740 3844 2109 3914 Comicum:

731 3952 759 4016 ὅ
807 3951 990 4031 λιμός
1036 3954 1160 4022 ἐςιν
1202 3952 1549 4024 ἀθανασίας
1593 3951 1966 4033 Φάρμακον,

194 4057 254 4121 id
288 4064 383 4123 est
417 4061 448 4124 ὃ
492 4060 674 4138 λιμὸς
706 4057 1051 4131 ἀθανάτους
1087 4066 1280 4124 ποιεῖ.
1321 4057 1493 4139 Quid
1530 4064 1625 4123 est
1647 4060 1716 4122 in
1738 4058 1841 4122 his
1862 4058 2124 4126 voculae
2149 4062 2258 4127 xa!
2279 4059 2566 4149 negotii?

276 4269 524 4337 Iterum
570 4269 1086 4356 interpolatorem
1130 4271 1547 4337 manifestum
1596 4277 1884 4337 tenemus
1928 4271 2074 4337 XX.
2129 4271 2231 4337 13.

736 4371 918 4455 &affe
966 4376 1253 4454 ματαίας
1300 4377 1450 4442 εἰσὶν
1499 4374 1679 4443 αἴτιοι
1725 4377 1919 4454 λόγοι.

2290 4482 2318 4533 7
