<?xml version="1.0" encoding="UTF-8"?>
<!DOCTYPE html PUBLIC "-//W3C//DTD XHTML 1.0 Transitional//EN"
    "http://www.w3.org/TR/xhtml1/DTD/xhtml1-transitional.dtd">
<html xmlns="http://www.w3.org/1999/xhtml" xml:lang="en" lang="en">
 <head>
  <title>
</title>
<meta http-equiv="Content-Type" content="text/html;charset=utf-8" />
  <meta name='ocr-system' content='tesseract 3.04.00' />
  <meta name='ocr-capabilities' content='ocr_page ocr_carea ocr_par ocr_line ocrx_word'/>
</head>
<body>
  <div class='ocr_page' id='page_1' title='image "./mnemosynebiblio09servgoog/mnemosynebiblio09servgoog_0317.png"; bbox 0 0 2934 5050; ppageno 0'>
   <div class='ocr_carea' id='block_1_1' title="bbox 963 291 2539 358">
    <p class='ocr_par' dir='ltr' id='par_1_1' title="bbox 963 291 2539 358">
     <span class='ocr_line' id='line_1_1' title="bbox 963 291 2539 358; baseline -0.003 -3"><span class='ocrx_word' id='word_1_1' title='bbox 963 309 1268 357; x_wconf 57' lang='lat' dir='ltr'><strong>nucitum</strong></span> <span class='ocrx_word' id='word_1_2' title='bbox 1317 314 1387 357; x_wconf 73' lang='lat' dir='ltr'><strong>nr</strong></span> <span class='ocrx_word' id='word_1_3' title='bbox 1439 311 1740 358; x_wconf 67' lang='lat' dir='ltr'><strong>nummu.</strong></span> <span class='ocrx_word' id='word_1_4' title='bbox 1973 320 1979 327; x_wconf 92' lang='lat'><strong>·</strong></span> <span class='ocrx_word' id='word_1_5' title='bbox 2413 291 2539 354; x_wconf 81' lang='lat'><strong>285</strong></span> 
     </span>
    </p>
   </div>
   <div class='ocr_carea' id='block_1_2' title="bbox 89 476 2553 4445">
    <p class='ocr_par' dir='ltr' id='par_1_2' title="bbox 89 476 2553 4445">
     <span class='ocr_line' id='line_1_2' title="bbox 210 476 1003 547; baseline -0.008 0"><span class='ocrx_word' id='word_1_6' title='bbox 210 476 533 547; x_wconf 80' lang='lat' dir='ltr'><strong>Teleclides</strong></span> <span class='ocrx_word' id='word_1_7' title='bbox 577 476 664 543; x_wconf 89' lang='lat' dir='ltr'><strong>ib.</strong></span> <span class='ocrx_word' id='word_1_8' title='bbox 715 479 868 545; x_wconf 77' lang='lat'><strong>268,</strong></span> <span class='ocrx_word' id='word_1_9' title='bbox 920 476 1003 543; x_wconf 82' lang='lat' dir='ltr'><strong>E:</strong></span> 
     </span>
     <span class='ocr_line' id='line_1_3' title="bbox 285 578 2453 665; baseline 0 -18"><span class='ocrx_word' id='word_1_10' title='bbox 285 583 462 649; x_wconf 69' lang='grc' dir='ltr'><strong><em>ὀπταὶ</em></strong></span> <span class='ocrx_word' id='word_1_11' title='bbox 507 582 570 647; x_wconf 73' lang='grc' dir='ltr'><strong>δὲ</strong></span> <span class='ocrx_word' id='word_1_12' title='bbox 615 581 839 664; x_wconf 74' lang='grc' dir='ltr'><strong><em>κίχλοω</em></strong></span> <span class='ocrx_word' id='word_1_13' title='bbox 883 584 1028 661; x_wconf 80' lang='grc' dir='ltr'><strong>μετ’</strong></span> <span class='ocrx_word' id='word_1_14' title='bbox 1077 582 1435 661; x_wconf 70' lang='grc' dir='ltr'><strong><em>ἀμητίσκων</em></strong></span> <span class='ocrx_word' id='word_1_15' title='bbox 1482 583 1569 655; x_wconf 71' lang='grc' dir='ltr'><strong>εἰς</strong></span> <span class='ocrx_word' id='word_1_16' title='bbox 1614 580 1720 647; x_wconf 82' lang='grc' dir='ltr'><strong>τὸν</strong></span> <span class='ocrx_word' id='word_1_17' title='bbox 1762 579 2003 665; x_wconf 70' lang='grc' dir='ltr'>φάρυγ’</span> <span class='ocrx_word' id='word_1_18' title='bbox 2048 578 2453 647; x_wconf 77' lang='grc' dir='ltr'><strong><em>εἰσεπέτοντο.</em></strong></span> 
     </span>
     <span class='ocr_line' id='line_1_4' title="bbox 206 684 2545 773; baseline -0 -22"><span class='ocrx_word' id='word_1_19' title='bbox 206 687 380 754; x_wconf 87' lang='lat' dir='ltr'><strong>Vides</strong></span> <span class='ocrx_word' id='word_1_20' title='bbox 439 696 706 773; x_wconf 85' lang='lat' dir='ltr'><strong>utroque</strong></span> <span class='ocrx_word' id='word_1_21' title='bbox 763 685 904 752; x_wconf 92' lang='lat' dir='ltr'><strong>loco</strong></span> <span class='ocrx_word' id='word_1_22' title='bbox 973 685 1198 753; x_wconf 88' lang='lat' dir='ltr'><strong>turdos</strong></span> <span class='ocrx_word' id='word_1_23' title='bbox 1261 686 1404 754; x_wconf 89' lang='lat' dir='ltr'><strong>illos</strong></span> <span class='ocrx_word' id='word_1_24' title='bbox 1467 694 1728 753; x_wconf 85' lang='lat' dir='ltr'><strong>curatos</strong></span> <span class='ocrx_word' id='word_1_25' title='bbox 1790 685 2097 752; x_wconf 77' lang='lat' dir='ltr'><strong>volantes,</strong></span> <span class='ocrx_word' id='word_1_26' title='bbox 2187 684 2272 750; x_wconf 88' lang='lat' dir='ltr'><strong>Et</strong></span> <span class='ocrx_word' id='word_1_27' title='bbox 2331 686 2545 771; x_wconf 88' lang='lat' dir='ltr'><strong>priore</strong></span> 
     </span>
     <span class='ocr_line' id='line_1_5' title="bbox 201 790 1191 877; baseline -0.001 -19"><span class='ocrx_word' id='word_1_28' title='bbox 201 790 325 859; x_wconf 90' lang='lat' dir='ltr'><strong>loco</strong></span> <span class='ocrx_word' id='word_1_29' title='bbox 365 790 774 859; x_wconf 76' lang='lat' dir='ltr'><strong>Pherecrates</strong></span> <span class='ocrx_word' id='word_1_30' title='bbox 818 790 1191 877; x_wconf 73' lang='lat' dir='ltr'><strong>subiungitz</strong></span> 
     </span>
     <span class='ocr_line' id='line_1_6' title="bbox 491 893 2188 979; baseline -0.003 -15"><span class='ocrx_word' id='word_1_31' title='bbox 491 898 578 964; x_wconf 75' lang='grc' dir='ltr'><strong>τὰ</strong></span> <span class='ocrx_word' id='word_1_32' title='bbox 623 896 686 963; x_wconf 78' lang='grc' dir='ltr'><strong>δὲ</strong></span> <span class='ocrx_word' id='word_1_33' title='bbox 729 897 885 976; x_wconf 78' lang='grc' dir='ltr'><strong><em>μῆλ’</em></strong></span> <span class='ocrx_word' id='word_1_34' title='bbox 932 897 1233 979; x_wconf 73' lang='grc' dir='ltr'><strong>ἐκρέματο</strong></span> <span class='ocrx_word' id='word_1_35' title='bbox 1277 896 1366 963; x_wconf 71' lang='grc' dir='ltr'><strong>τὰ</strong></span> <span class='ocrx_word' id='word_1_36' title='bbox 1405 897 1583 964; x_wconf 70' lang='grc' dir='ltr'><strong>καλοὶ</strong></span> <span class='ocrx_word' id='word_1_37' title='bbox 1629 902 1747 963; x_wconf 76' lang='grc' dir='ltr'><strong>τῶν</strong></span> <span class='ocrx_word' id='word_1_38' title='bbox 1791 900 1997 963; x_wconf 70' lang='grc' dir='ltr'><strong>καλῶν</strong></span> <span class='ocrx_word' id='word_1_39' title='bbox 2042 893 2188 960; x_wconf 78' lang='grc' dir='ltr'><strong><em>ἰδεῖν</em></strong></span> 
     </span>
     <span class='ocr_line' id='line_1_7' title="bbox 432 998 2341 1089; baseline -0.001 -22"><span class='ocrx_word' id='word_1_40' title='bbox 432 1046 444 1057; x_wconf 81' lang='lat'><strong>·</strong></span> <span class='ocrx_word' id='word_1_41' title='bbox 491 1003 639 1082; x_wconf 74' lang='grc' dir='ltr'><strong>ὑπὲρ</strong></span> <span class='ocrx_word' id='word_1_42' title='bbox 696 1007 985 1085; x_wconf 72' lang='grc' dir='ltr'><strong>κεφαλῆς</strong></span> <span class='ocrx_word' id='word_1_43' title='bbox 1034 1002 1105 1081; x_wconf 76' lang='grc' dir='ltr'><strong>ἐξ</strong></span> <span class='ocrx_word' id='word_1_44' title='bbox 1147 1003 1377 1076; x_wconf 76' lang='grc' dir='ltr'><strong><em>οὐδενὸς</em></strong></span> <span class='ocrx_word' id='word_1_45' title='bbox 1429 1002 1577 1089; x_wconf 75' lang='grc' dir='ltr'>(οὐδ’</span> <span class='ocrx_word' id='word_1_46' title='bbox 1626 1000 1695 1080; x_wconf 74' lang='grc' dir='ltr'><strong>ἐξ</strong></span> <span class='ocrx_word' id='word_1_47' title='bbox 1741 1002 1865 1075; x_wconf 77' lang='grc' dir='ltr'><strong>ἑνὸς</strong></span> <span class='ocrx_word' id='word_1_48' title='bbox 1883 1000 1936 1088; x_wconf 72' lang='grc' dir='ltr'><strong>ἲ)</strong></span> <span class='ocrx_word' id='word_1_49' title='bbox 1985 998 2341 1083; x_wconf 70' lang='grc' dir='ltr'><strong><em>πεφυκότα.</em></strong></span> 
     </span>
     <span class='ocr_line' id='line_1_8' title="bbox 201 1102 2549 1194; baseline 0 -22"><span class='ocrx_word' id='word_1_50' title='bbox 201 1106 456 1175; x_wconf 78' lang='lat' dir='ltr'><strong>Fructus</strong></span> <span class='ocrx_word' id='word_1_51' title='bbox 528 1104 753 1187; x_wconf 91' lang='lat' dir='ltr'><strong>addit;</strong></span> <span class='ocrx_word' id='word_1_52' title='bbox 836 1125 915 1172; x_wconf 91' lang='lat' dir='ltr'><strong>ne</strong></span> <span class='ocrx_word' id='word_1_53' title='bbox 1001 1104 1069 1171; x_wconf 89' lang='lat' dir='ltr'><strong>hi</strong></span> <span class='ocrx_word' id='word_1_54' title='bbox 1135 1105 1400 1193; x_wconf 85' lang='lat' dir='ltr'><strong>quidem</strong></span> <span class='ocrx_word' id='word_1_55' title='bbox 1462 1107 1633 1194; x_wconf 88' lang='lat' dir='ltr'><strong>apud</strong></span> <span class='ocrx_word' id='word_1_56' title='bbox 1697 1105 2015 1181; x_wconf 81' lang='lat' dir='ltr'>Lucilium</span> <span class='ocrx_word' id='word_1_57' title='bbox 2089 1103 2363 1183; x_wconf 82' lang='lat' dir='ltr'><strong>desunt,</strong></span> <span class='ocrx_word' id='word_1_58' title='bbox 2435 1102 2549 1172; x_wconf 91' lang='lat' dir='ltr'><strong>sed</strong></span> 
     </span>
     <span class='ocr_line' id='line_1_9' title="bbox 200 1209 2545 1299; baseline -0 -22"><span class='ocrx_word' id='word_1_59' title='bbox 200 1231 309 1278; x_wconf 90' lang='lat' dir='ltr'><strong>non</strong></span> <span class='ocrx_word' id='word_1_60' title='bbox 366 1210 673 1278; x_wconf 87' lang='lat' dir='ltr'><strong>sublimes</strong></span> <span class='ocrx_word' id='word_1_61' title='bbox 720 1210 831 1277; x_wconf 89' lang='lat' dir='ltr'><strong>sed</strong></span> <span class='ocrx_word' id='word_1_62' title='bbox 880 1230 958 1277; x_wconf 89' lang='lat' dir='ltr'><strong>ex</strong></span> <span class='ocrx_word' id='word_1_63' title='bbox 1006 1210 1344 1278; x_wconf 78' lang='lat' dir='ltr'><strong>arboribus</strong></span> <span class='ocrx_word' id='word_1_64' title='bbox 1390 1215 1720 1299; x_wconf 85' lang='lat' dir='ltr'><strong>suspensi,</strong></span> <span class='ocrx_word' id='word_1_65' title='bbox 1778 1210 1966 1278; x_wconf 89' lang='lat' dir='ltr'><strong>modo</strong></span> <span class='ocrx_word' id='word_1_66' title='bbox 2013 1228 2211 1276; x_wconf 89' lang='lat' dir='ltr'><strong>unam</strong></span> <span class='ocrx_word' id='word_1_67' title='bbox 2262 1209 2545 1277; x_wconf 75' lang='lat' dir='ltr'><strong>litteram</strong></span> 
     </span>
     <span class='ocr_line' id='line_1_10' title="bbox 197 1313 1602 1404; baseline 0 -22"><span class='ocrx_word' id='word_1_68' title='bbox 197 1313 422 1394; x_wconf 75' lang='lat' dir='ltr'><strong>deleas3</strong></span> <span class='ocrx_word' id='word_1_69' title='bbox 455 1315 625 1383; x_wconf 83' lang='lat' dir='ltr'><strong>libri</strong></span> <span class='ocrx_word' id='word_1_70' title='bbox 670 1315 1012 1403; x_wconf 72' lang='lat' dir='ltr'><strong>ficetulae,</strong></span> <span class='ocrx_word' id='word_1_71' title='bbox 1059 1316 1252 1382; x_wconf 87' lang='lat' dir='ltr'><strong>scrib.</strong></span> <span class='ocrx_word' id='word_1_72' title='bbox 1298 1317 1602 1404; x_wconf 76' lang='lat' dir='ltr'><strong>sicetula:</strong></span> 
     </span>
     <span class='ocr_line' id='line_1_11' title="bbox 620 1382 2105 1489; baseline -0.002 -2"><span class='ocrx_word' id='word_1_73' title='bbox 620 1458 713 1471; x_wconf 93' lang='lat'><strong>--</strong></span> <span class='ocrx_word' id='word_1_74' title='bbox 767 1448 865 1476; x_wconf 73' lang='grc' dir='ltr'><strong>νυ</strong></span> <span class='ocrx_word' id='word_1_75' title='bbox 918 1430 984 1487; x_wconf 91' lang='lat' dir='ltr'><strong>et</strong></span> <span class='ocrx_word' id='word_1_76' title='bbox 1030 1419 1553 1488; x_wconf 75' lang='lat' dir='ltr'><strong>circumvolitant</strong></span> <span class='ocrx_word' id='word_1_77' title='bbox 1599 1419 1856 1489; x_wconf 86' lang='lat' dir='ltr'><strong>ficetula</strong></span> <span class='ocrx_word' id='word_1_78' title='bbox 1904 1382 2105 1487; x_wconf 78' lang='lat' dir='ltr'><strong>turdi.</strong></span> 
     </span>
     <span class='ocr_line' id='line_1_12' title="bbox 198 1522 2547 1614; baseline 0.001 -27"><span class='ocrx_word' id='word_1_79' title='bbox 198 1522 530 1592; x_wconf 58' lang='lat' dir='ltr'><strong>Fecundum</strong></span> <span class='ocrx_word' id='word_1_80' title='bbox 589 1526 1067 1593; x_wconf 72' lang='lat' dir='ltr'><strong>deminutivum</strong></span> <span class='ocrx_word' id='word_1_81' title='bbox 1130 1544 1168 1591; x_wconf 92' lang='lat' dir='ltr'><strong>a</strong></span> <span class='ocrx_word' id='word_1_82' title='bbox 1231 1527 1493 1614; x_wconf 76' lang='lat' dir='ltr'><strong>ficetum</strong></span> <span class='ocrx_word' id='word_1_83' title='bbox 1559 1526 1668 1613; x_wconf 81' lang='lat' dir='ltr'><strong>(cf.</strong></span> <span class='ocrx_word' id='word_1_84' title='bbox 1716 1534 2106 1612; x_wconf 74' lang='lat' dir='ltr'><strong>quercetum,</strong></span> <span class='ocrx_word' id='word_1_85' title='bbox 2152 1525 2505 1591; x_wconf 70' lang='lat' dir='ltr'><strong>arboretam</strong></span> <span class='ocrx_word' id='word_1_86' title='bbox 2527 1575 2547 1605; x_wconf 96' lang='lat'><strong>,</strong></span> 
     </span>
     <span class='ocr_line' id='line_1_13' title="bbox 194 1628 2549 1720; baseline 0.001 -26"><span class='ocrx_word' id='word_1_87' title='bbox 194 1629 484 1715; x_wconf 66' lang='lat' dir='ltr'><strong>pinetum,</strong></span> <span class='ocrx_word' id='word_1_88' title='bbox 532 1630 948 1720; x_wconf 74' lang='lat' dir='ltr'><strong>smticetum).</strong></span> <span class='ocrx_word' id='word_1_89' title='bbox 997 1630 1134 1697; x_wconf 87' lang='lat' dir='ltr'><strong>Iam</strong></span> <span class='ocrx_word' id='word_1_90' title='bbox 1184 1639 1468 1698; x_wconf 90' lang='lat' dir='ltr'><strong>metrum</strong></span> <span class='ocrx_word' id='word_1_91' title='bbox 1510 1650 1635 1696; x_wconf 89' lang='lat' dir='ltr'><strong>non</strong></span> <span class='ocrx_word' id='word_1_92' title='bbox 1677 1628 1982 1717; x_wconf 86' lang='lat' dir='ltr'><strong>impedit,</strong></span> <span class='ocrx_word' id='word_1_93' title='bbox 2023 1631 2370 1715; x_wconf 86' lang='lat' dir='ltr'><strong>quominus</strong></span> <span class='ocrx_word' id='word_1_94' title='bbox 2393 1629 2549 1699; x_wconf 85' lang='lat' dir='ltr'><strong>baec</strong></span> 
     </span>
     <span class='ocr_line' id='line_1_14' title="bbox 199 1731 2552 1809; baseline 0.001 -12"><span class='ocrx_word' id='word_1_95' title='bbox 199 1731 266 1798; x_wconf 83' lang='lat' dir='ltr'><strong>ad</strong></span> <span class='ocrx_word' id='word_1_96' title='bbox 326 1734 728 1803; x_wconf 87' lang='lat' dir='ltr'><strong>tricesimum</strong></span> <span class='ocrx_word' id='word_1_97' title='bbox 796 1734 1037 1801; x_wconf 86' lang='lat' dir='ltr'><strong>librum</strong></span> <span class='ocrx_word' id='word_1_98' title='bbox 1107 1734 1497 1809; x_wconf 81' lang='lat' dir='ltr'><strong>reseramus;</strong></span> <span class='ocrx_word' id='word_1_99' title='bbox 1546 1755 1696 1803; x_wconf 85' lang='lat' dir='ltr'><strong>nam</strong></span> <span class='ocrx_word' id='word_1_100' title='bbox 1760 1733 2066 1801; x_wconf 86' lang='lat' dir='ltr'><strong>vocabula</strong></span> <span class='ocrx_word' id='word_1_101' title='bbox 2129 1735 2380 1801; x_wconf 75' lang='lat' dir='ltr'><strong>»curati</strong></span> <span class='ocrx_word' id='word_1_102' title='bbox 2442 1753 2552 1800; x_wconf 89' lang='lat' dir='ltr'><strong>co-</strong></span> 
     </span>
     <span class='ocr_line' id='line_1_15' title="bbox 198 1838 2551 1927; baseline 0.001 -25"><span class='ocrx_word' id='word_1_103' title='bbox 198 1838 318 1904; x_wconf 89' lang='lat' dir='ltr'><strong>cis”</strong></span> <span class='ocrx_word' id='word_1_104' title='bbox 397 1850 510 1907; x_wconf 88' lang='lat' dir='ltr'><strong>aut</strong></span> <span class='ocrx_word' id='word_1_105' title='bbox 567 1838 911 1908; x_wconf 85' lang='lat' dir='ltr'><strong>scribenda</strong></span> <span class='ocrx_word' id='word_1_106' title='bbox 972 1838 1244 1907; x_wconf 88' lang='lat' dir='ltr'><strong>diaeresi</strong></span> <span class='ocrx_word' id='word_1_107' title='bbox 1308 1839 1595 1906; x_wconf 88' lang='lat' dir='ltr'><strong>adhibita</strong></span> <span class='ocrx_word' id='word_1_108' title='bbox 1658 1860 1822 1927; x_wconf 89' lang='lat' dir='ltr'><strong>quae</strong></span> <span class='ocrx_word' id='word_1_109' title='bbox 1883 1848 1981 1906; x_wconf 85' lang='lat' dir='ltr'><strong>est</strong></span> <span class='ocrx_word' id='word_1_110' title='bbox 2039 1839 2103 1904; x_wconf 91' lang='lat' dir='ltr'><strong>in</strong></span> <span class='ocrx_word' id='word_1_111' title='bbox 2165 1860 2321 1905; x_wconf 71' lang='lat' dir='ltr'><strong>actae</strong></span> <span class='ocrx_word' id='word_1_112' title='bbox 2380 1838 2551 1925; x_wconf 85' lang='lat' dir='ltr'><strong>upud</strong></span> 
     </span>
     <span class='ocr_line' id='line_1_16' title="bbox 200 1940 2553 2034; baseline 0 -26"><span class='ocrx_word' id='word_1_113' title='bbox 200 1940 551 2012; x_wconf 85' lang='lat' dir='ltr'><strong>Lucretium</strong></span> <span class='ocrx_word' id='word_1_114' title='bbox 619 1943 1169 2034; x_wconf 45' lang='lat' dir='ltr'><strong>(cf.‚Scbneider,</strong></span> <span class='ocrx_word' id='word_1_115' title='bbox 1229 1943 1777 2012; x_wconf 81' lang='lat' dir='ltr'><strong>Elementarlehre</strong></span> <span class='ocrx_word' id='word_1_116' title='bbox 1822 1964 1885 2030; x_wconf 88' lang='lat' dir='ltr'><strong>p.</strong></span> <span class='ocrx_word' id='word_1_117' title='bbox 1936 1942 2096 2032; x_wconf 77' lang='lat'>356)</span> <span class='ocrx_word' id='word_1_118' title='bbox 2145 1946 2395 2009; x_wconf 78' lang='lat' dir='ltr'><strong>»curati</strong></span> <span class='ocrx_word' id='word_1_119' title='bbox 2442 1963 2553 2009; x_wconf 85' lang='lat' dir='ltr'><strong>co-</strong></span> 
     </span>
     <span class='ocr_line' id='line_1_17' title="bbox 202 2046 2549 2137; baseline -0 -25"><span class='ocrx_word' id='word_1_120' title='bbox 202 2049 391 2129; x_wconf 82' lang='lat' dir='ltr'><strong>enis”,</strong></span> <span class='ocrx_word' id='word_1_121' title='bbox 451 2058 567 2116; x_wconf 88' lang='lat' dir='ltr'><strong>aut</strong></span> <span class='ocrx_word' id='word_1_122' title='bbox 619 2069 662 2115; x_wconf 86' lang='lat' dir='ltr'><strong>a</strong></span> <span class='ocrx_word' id='word_1_123' title='bbox 720 2048 926 2116; x_wconf 89' lang='lat' dir='ltr'><strong>Nonio</strong></span> <span class='ocrx_word' id='word_1_124' title='bbox 986 2049 1247 2116; x_wconf 83' lang='lat' dir='ltr'><strong>omissis</strong></span> <span class='ocrx_word' id='word_1_125' title='bbox 1304 2049 1552 2137; x_wconf 80' lang='lat' dir='ltr'><strong>aliquot</strong></span> <span class='ocrx_word' id='word_1_126' title='bbox 1608 2048 1932 2116; x_wconf 88' lang='lat' dir='ltr'><strong>vocabulis</strong></span> <span class='ocrx_word' id='word_1_127' title='bbox 1978 2050 2043 2114; x_wconf 89' lang='lat' dir='ltr'><strong>in</strong></span> <span class='ocrx_word' id='word_1_128' title='bbox 2093 2046 2357 2114; x_wconf 88' lang='lat' dir='ltr'><strong>brevius</strong></span> <span class='ocrx_word' id='word_1_129' title='bbox 2398 2066 2549 2114; x_wconf 88' lang='lat' dir='ltr'><strong>con-</strong></span> 
     </span>
     <span class='ocr_line' id='line_1_18' title="bbox 195 2158 602 2220; baseline 0.007 -3"><span class='ocrx_word' id='word_1_130' title='bbox 195 2158 379 2219; x_wconf 84' lang='lat' dir='ltr'><strong>tracta</strong></span> <span class='ocrx_word' id='word_1_131' title='bbox 425 2161 602 2220; x_wconf 91' lang='lat' dir='ltr'><strong>sunt.</strong></span> 
     </span>
     <span class='ocr_line' id='line_1_19' title="bbox 270 2255 1366 2326; baseline 0.004 -4"><span class='ocrx_word' id='word_1_132' title='bbox 270 2255 460 2324; x_wconf 81' lang='lat' dir='ltr'>XXX.</span> <span class='ocrx_word' id='word_1_133' title='bbox 513 2262 625 2324; x_wconf 78' lang='lat'><strong>40.</strong></span> <span class='ocrx_word' id='word_1_134' title='bbox 674 2257 845 2324; x_wconf 84' lang='lat' dir='ltr'><strong>Haec</strong></span> <span class='ocrx_word' id='word_1_135' title='bbox 897 2257 1134 2326; x_wconf 88' lang='lat' dir='ltr'><strong>tradita</strong></span> <span class='ocrx_word' id='word_1_136' title='bbox 1182 2268 1366 2326; x_wconf 80' lang='lat' dir='ltr'><strong>sunt:</strong></span> 
     </span>
     <span class='ocr_line' id='line_1_20' title="bbox 533 2363 2165 2450; baseline 0.001 -23"><span class='ocrx_word' id='word_1_137' title='bbox 533 2381 711 2428; x_wconf 90' lang='lat' dir='ltr'><strong>unus</strong></span> <span class='ocrx_word' id='word_1_138' title='bbox 756 2365 1114 2431; x_wconf 77' lang='lat' dir='ltr'><strong>consternit</strong></span> <span class='ocrx_word' id='word_1_139' title='bbox 1161 2366 1342 2432; x_wconf 89' lang='lat' dir='ltr'><strong>novis</strong></span> <span class='ocrx_word' id='word_1_140' title='bbox 1389 2374 1577 2433; x_wconf 89' lang='lat' dir='ltr'><strong>vetus</strong></span> <span class='ocrx_word' id='word_1_141' title='bbox 1627 2363 1905 2433; x_wconf 86' lang='lat' dir='ltr'><strong>restibus</strong></span> <span class='ocrx_word' id='word_1_142' title='bbox 1952 2372 2165 2450; x_wconf 88' lang='lat' dir='ltr'><strong>aptus.</strong></span> 
     </span>
     <span class='ocr_line' id='line_1_21' title="bbox 195 2462 1431 2555; baseline 0.007 -25"><span class='ocrx_word' id='word_1_143' title='bbox 195 2462 497 2540; x_wconf 74' lang='lat' dir='ltr'><strong>Facillime</strong></span> <span class='ocrx_word' id='word_1_144' title='bbox 544 2467 707 2535; x_wconf 88' lang='lat' dir='ltr'><strong>baec</strong></span> <span class='ocrx_word' id='word_1_145' title='bbox 756 2477 1025 2555; x_wconf 85' lang='lat' dir='ltr'><strong>possunt</strong></span> <span class='ocrx_word' id='word_1_146' title='bbox 1069 2470 1431 2539; x_wconf 87' lang='lat' dir='ltr'><strong>emendari:</strong></span> 
     </span>
     <span class='ocr_line' id='line_1_22' title="bbox 529 2575 2185 2661; baseline 0 -21"><span class='ocrx_word' id='word_1_147' title='bbox 529 2593 703 2640; x_wconf 91' lang='lat' dir='ltr'><strong>unus</strong></span> <span class='ocrx_word' id='word_1_148' title='bbox 748 2576 1106 2641; x_wconf 85' lang='lat' dir='ltr'><strong>consternit</strong></span> <span class='ocrx_word' id='word_1_149' title='bbox 1151 2578 1346 2644; x_wconf 91' lang='lat' dir='ltr'><strong>novu&#39;</strong></span> <span class='ocrx_word' id='word_1_150' title='bbox 1393 2577 1596 2643; x_wconf 89' lang='lat' dir='ltr'><strong>vectis</strong></span> <span class='ocrx_word' id='word_1_151' title='bbox 1644 2575 1924 2644; x_wconf 88' lang='lat' dir='ltr'><strong>restibus</strong></span> <span class='ocrx_word' id='word_1_152' title='bbox 1970 2583 2185 2661; x_wconf 88' lang='lat' dir='ltr'><strong>aptus.</strong></span> 
     </span>
     <span class='ocr_line' id='line_1_23' title="bbox 193 2672 2323 2766; baseline 0.002 -25"><span class='ocrx_word' id='word_1_153' title='bbox 193 2672 548 2759; x_wconf 54' lang='lat' dir='ltr'><strong>Muellerum,</strong></span> <span class='ocrx_word' id='word_1_154' title='bbox 584 2676 1234 2746; x_wconf 78' lang='lat' dir='ltr'><strong>»clinas‘consternit</strong></span> <span class='ocrx_word' id='word_1_155' title='bbox 1280 2681 1463 2748; x_wconf 91' lang='lat' dir='ltr'><strong>nobis</strong></span> <span class='ocrx_word' id='word_1_156' title='bbox 1511 2682 1685 2748; x_wconf 86' lang='lat' dir='ltr'><strong>vetu’</strong></span> <span class='ocrx_word' id='word_1_157' title='bbox 1732 2680 2018 2747; x_wconf 89' lang='lat' dir='ltr'><strong>vestibus</strong></span> <span class='ocrx_word' id='word_1_158' title='bbox 2066 2680 2323 2766; x_wconf 77' lang='lat' dir='ltr'><strong>aptaS.”</strong></span> 
     </span>
     <span class='ocr_line' id='line_1_24' title="bbox 268 2780 1632 2871; baseline 0.004 -25"><span class='ocrx_word' id='word_1_159' title='bbox 268 2780 353 2848; x_wconf 83' lang='lat' dir='ltr'><strong>lb.</strong></span> <span class='ocrx_word' id='word_1_160' title='bbox 398 2787 483 2850; x_wconf 75' lang='lat'><strong>49</strong></span> <span class='ocrx_word' id='word_1_161' title='bbox 533 2783 785 2849; x_wconf 88' lang='lat' dir='ltr'><strong>minore</strong></span> <span class='ocrx_word' id='word_1_162' title='bbox 829 2803 978 2849; x_wconf 89' lang='lat' dir='ltr'><strong>cum</strong></span> <span class='ocrx_word' id='word_1_163' title='bbox 1031 2785 1384 2852; x_wconf 87' lang='lat' dir='ltr'><strong>mutatione</strong></span> <span class='ocrx_word' id='word_1_164' title='bbox 1429 2785 1632 2871; x_wconf 82' lang='lat' dir='ltr'><strong>legas:</strong></span> 
     </span>
     <span class='ocr_line' id='line_1_25' title="bbox 548 2885 2095 2974; baseline 0 -20"><span class='ocrx_word' id='word_1_165' title='bbox 548 2887 918 2974; x_wconf 86' lang='lat' dir='ltr'><strong>praeseruit</strong></span> <span class='ocrx_word' id='word_1_166' title='bbox 964 2885 1177 2966; x_wconf 80' lang='lat' dir='ltr'><strong>labra,</strong></span> <span class='ocrx_word' id='word_1_167' title='bbox 1225 2890 1515 2968; x_wconf 78' lang='lat' dir='ltr'><strong>delicuit,</strong></span> <span class='ocrx_word' id='word_1_168' title='bbox 1565 2889 1802 2957; x_wconf 89' lang='lat' dir='ltr'><strong>delenit</strong></span> <span class='ocrx_word' id='word_1_169' title='bbox 1847 2908 2095 2964; x_wconf 87' lang='lat' dir='ltr'><strong>amore,</strong></span> 
     </span>
     <span class='ocr_line' id='line_1_26' title="bbox 195 2991 2539 3082; baseline 0.003 -28"><span class='ocrx_word' id='word_1_170' title='bbox 195 3007 360 3072; x_wconf 85' lang='lat' dir='ltr'><strong>quam</strong></span> <span class='ocrx_word' id='word_1_171' title='bbox 415 2993 709 3078; x_wconf 71' lang='lat' dir='ltr'><strong>detinqit.</strong></span> <span class='ocrx_word' id='word_1_172' title='bbox 796 2991 974 3058; x_wconf 90' lang='lat' dir='ltr'><strong>Libri</strong></span> <span class='ocrx_word' id='word_1_173' title='bbox 1033 2993 1267 3061; x_wconf 77' lang='lat' dir='ltr'><strong>delicit.</strong></span> <span class='ocrx_word' id='word_1_174' title='bbox 1354 2995 1445 3062; x_wconf 89' lang='lat' dir='ltr'><strong>De</strong></span> <span class='ocrx_word' id='word_1_175' title='bbox 1505 2994 1772 3082; x_wconf 84' lang='lat' dir='ltr'><strong>perfecti</strong></span> <span class='ocrx_word' id='word_1_176' title='bbox 1818 2994 2026 3061; x_wconf 84' lang='lat' dir='ltr'><strong>forma</strong></span> <span class='ocrx_word' id='word_1_177' title='bbox 2073 2992 2160 3063; x_wconf 64' lang='grc' dir='ltr'><strong>οἵ.</strong></span> <span class='ocrx_word' id='word_1_178' title='bbox 2216 2992 2414 3059; x_wconf 88' lang='lat' dir='ltr'><strong>Prisc.</strong></span> <span class='ocrx_word' id='word_1_179' title='bbox 2464 2992 2539 3060; x_wconf 89' lang='grc' dir='ltr'><strong>Χ.</strong></span> 
     </span>
     <span class='ocr_line' id='line_1_27' title="bbox 195 3098 1754 3183; baseline 0.004 -22"><span class='ocrx_word' id='word_1_180' title='bbox 195 3111 246 3177; x_wconf 78' lang='lat' dir='ltr'><strong>p.</strong></span> <span class='ocrx_word' id='word_1_181' title='bbox 287 3100 406 3163; x_wconf 82' lang='lat'><strong>877</strong></span> <span class='ocrx_word' id='word_1_182' title='bbox 457 3099 527 3165; x_wconf 88' lang='grc' dir='ltr'><strong>Ρ.</strong></span> <span class='ocrx_word' id='word_1_183' title='bbox 582 3098 904 3183; x_wconf 79' lang='lat' dir='ltr'><strong>Tempora</strong></span> <span class='ocrx_word' id='word_1_184' title='bbox 951 3099 1287 3166; x_wconf 90' lang='lat' dir='ltr'><strong>variantur</strong></span> <span class='ocrx_word' id='word_1_185' title='bbox 1331 3109 1406 3167; x_wconf 90' lang='lat' dir='ltr'><strong>ut</strong></span> <span class='ocrx_word' id='word_1_186' title='bbox 1453 3100 1592 3170; x_wconf 84' lang='lat' dir='ltr'><strong>XV.</strong></span> <span class='ocrx_word' id='word_1_187' title='bbox 1643 3105 1754 3168; x_wconf 76' lang='lat'><strong>20.</strong></span> 
     </span>
     <span class='ocr_line' id='line_1_28' title="bbox 274 3201 2543 3291; baseline 0 -23"><span class='ocrx_word' id='word_1_188' title='bbox 274 3206 407 3268; x_wconf 79' lang='lat'>1015.</span> <span class='ocrx_word' id='word_1_189' title='bbox 454 3202 677 3269; x_wconf 84' lang='lat' dir='ltr'><strong>Libri:</strong></span> <span class='ocrx_word' id='word_1_190' title='bbox 735 3201 1009 3288; x_wconf 76' lang='lat' dir='ltr'><strong>»plauda</strong></span> <span class='ocrx_word' id='word_1_191' title='bbox 1058 3222 1186 3271; x_wconf 90' lang='lat' dir='ltr'><strong>una</strong></span> <span class='ocrx_word' id='word_1_192' title='bbox 1233 3212 1335 3272; x_wconf 88' lang='lat' dir='ltr'><strong>est</strong></span> <span class='ocrx_word' id='word_1_193' title='bbox 1383 3204 1653 3291; x_wconf 87' lang='lat' dir='ltr'><strong>pedibus</strong></span> <span class='ocrx_word' id='word_1_194' title='bbox 1698 3206 1968 3272; x_wconf 83' lang='lat' dir='ltr'><strong>cariosis</strong></span> <span class='ocrx_word' id='word_1_195' title='bbox 2016 3203 2543 3281; x_wconf 87' lang='lat' dir='ltr'><strong>mensulibano”,</strong></span> 
     </span>
     <span class='ocr_line' id='line_1_29' title="bbox 196 3299 1879 3395; baseline 0.003 -25"><span class='ocrx_word' id='word_1_196' title='bbox 196 3299 343 3371; x_wconf 75' lang='lat' dir='ltr'><strong>Harl.</strong></span> <span class='ocrx_word' id='word_1_197' title='bbox 389 3327 426 3373; x_wconf 91' lang='lat' dir='ltr'><strong>a</strong></span> <span class='ocrx_word' id='word_1_198' title='bbox 469 3328 572 3395; x_wconf 89' lang='lat' dir='ltr'><strong>pr.</strong></span> <span class='ocrx_word' id='word_1_199' title='bbox 623 3326 713 3372; x_wconf 89' lang='lat' dir='ltr'><strong>m.</strong></span> <span class='ocrx_word' id='word_1_200' title='bbox 764 3307 1321 3376; x_wconf 75' lang='lat' dir='ltr'><strong>»mensuiabino.&#39;’</strong></span> <span class='ocrx_word' id='word_1_201' title='bbox 1391 3309 1551 3378; x_wconf 88' lang='lat' dir='ltr'><strong>Inde</strong></span> <span class='ocrx_word' id='word_1_202' title='bbox 1596 3311 1879 3377; x_wconf 86' lang='lat' dir='ltr'><strong>conieci:</strong></span> 
     </span>
     <span class='ocr_line' id='line_1_30' title="bbox 515 3410 2225 3499; baseline -0.001 -20"><span class='ocrx_word' id='word_1_203' title='bbox 515 3410 750 3490; x_wconf 85' lang='lat' dir='ltr'><strong>clauda</strong></span> <span class='ocrx_word' id='word_1_204' title='bbox 800 3423 991 3478; x_wconf 85' lang='lat' dir='ltr'><strong>unast</strong></span> <span class='ocrx_word' id='word_1_205' title='bbox 1037 3412 1307 3499; x_wconf 89' lang='lat' dir='ltr'><strong>pedibus</strong></span> <span class='ocrx_word' id='word_1_206' title='bbox 1354 3416 1625 3482; x_wconf 88' lang='lat' dir='ltr'><strong>cariosis</strong></span> <span class='ocrx_word' id='word_1_207' title='bbox 1677 3433 1898 3482; x_wconf 85' lang='lat' dir='ltr'><strong>mensa</strong></span> <span class='ocrx_word' id='word_1_208' title='bbox 1946 3412 2225 3490; x_wconf 87' lang='lat' dir='ltr'><strong>Sabino,</strong></span> 
     </span>
     <span class='ocr_line' id='line_1_31' title="bbox 198 3508 2547 3606; baseline 0.001 -28"><span class='ocrx_word' id='word_1_209' title='bbox 198 3508 329 3582; x_wconf 81' lang='lat' dir='ltr'><strong>baec</strong></span> <span class='ocrx_word' id='word_1_210' title='bbox 386 3516 463 3584; x_wconf 90' lang='lat' dir='ltr'><strong>de</strong></span> <span class='ocrx_word' id='word_1_211' title='bbox 508 3517 815 3605; x_wconf 85' lang='lat' dir='ltr'><strong>pauperis</strong></span> <span class='ocrx_word' id='word_1_212' title='bbox 882 3516 1219 3584; x_wconf 88' lang='lat' dir='ltr'><strong>cuiusdam</strong></span> <span class='ocrx_word' id='word_1_213' title='bbox 1287 3519 1507 3586; x_wconf 82' lang='lat' dir='ltr'><strong>Sabini</strong></span> <span class='ocrx_word' id='word_1_214' title='bbox 1569 3530 1754 3587; x_wconf 91' lang='lat' dir='ltr'><strong>curta</strong></span> <span class='ocrx_word' id='word_1_215' title='bbox 1803 3516 2181 3606; x_wconf 88' lang='lat' dir='ltr'><strong>supellectili</strong></span> <span class='ocrx_word' id='word_1_216' title='bbox 2230 3518 2547 3602; x_wconf 89' lang='lat' dir='ltr'><strong>interpre-</strong></span> 
     </span>
     <span class='ocr_line' id='line_1_32' title="bbox 202 3620 2548 3708; baseline 0.002 -27"><span class='ocrx_word' id='word_1_217' title='bbox 202 3621 348 3683; x_wconf 85' lang='lat' dir='ltr'><strong>tatus</strong></span> <span class='ocrx_word' id='word_1_218' title='bbox 401 3620 612 3708; x_wconf 84' lang='lat' dir='ltr'><strong>(Geni.</strong></span> <span class='ocrx_word' id='word_1_219' title='bbox 662 3622 749 3689; x_wconf 90' lang='lat'><strong>11.</strong></span> <span class='ocrx_word' id='word_1_220' title='bbox 803 3624 940 3707; x_wconf 89' lang='grc'><strong>90).</strong></span> <span class='ocrx_word' id='word_1_221' title='bbox 1018 3623 1209 3690; x_wconf 87' lang='lat' dir='ltr'><strong>Vides</strong></span> <span class='ocrx_word' id='word_1_222' title='bbox 1258 3631 1390 3691; x_wconf 89' lang='lat' dir='ltr'><strong>tres</strong></span> <span class='ocrx_word' id='word_1_223' title='bbox 1438 3625 1691 3693; x_wconf 85' lang='lat' dir='ltr'><strong>litteras</strong></span> <span class='ocrx_word' id='word_1_224' title='bbox 1739 3627 2142 3692; x_wconf 88' lang='lat' dir='ltr'><strong>immutatas.</strong></span> <span class='ocrx_word' id='word_1_225' title='bbox 2216 3621 2347 3687; x_wconf 84' lang='lat' dir='ltr'><strong>Hae</strong></span> <span class='ocrx_word' id='word_1_226' title='bbox 2397 3640 2548 3691; x_wconf 87' lang='lat' dir='ltr'><strong>con·</strong></span> 
     </span>
     <span class='ocr_line' id='line_1_33' title="bbox 200 3717 2545 3814; baseline 0.002 -27"><span class='ocrx_word' id='word_1_227' title='bbox 200 3717 419 3792; x_wconf 82' lang='lat' dir='ltr'><strong>iectura</strong></span> <span class='ocrx_word' id='word_1_228' title='bbox 488 3736 844 3793; x_wconf 89' lang='lat' dir='ltr'><strong>memorata</strong></span> <span class='ocrx_word' id='word_1_229' title='bbox 914 3726 1261 3795; x_wconf 79' lang='lat' dir='ltr'><strong>Muellerus</strong></span> <span class='ocrx_word' id='word_1_230' title='bbox 1331 3748 1395 3814; x_wconf 91' lang='lat' dir='ltr'><strong>p.</strong></span> <span class='ocrx_word' id='word_1_231' title='bbox 1472 3734 1642 3805; x_wconf 88' lang='lat'><strong>271,</strong></span> <span class='ocrx_word' id='word_1_232' title='bbox 1712 3731 1952 3796; x_wconf 88' lang='lat' dir='ltr'><strong>mirum</strong></span> <span class='ocrx_word' id='word_1_233' title='bbox 2024 3726 2227 3806; x_wconf 85' lang='lat' dir='ltr'><strong>l&#39;oret,</strong></span> <span class='ocrx_word' id='word_1_234' title='bbox 2297 3726 2545 3812; x_wconf 85' lang='lat' dir='ltr'><strong>inquit,</strong></span> 
     </span>
     <span class='ocr_line' id='line_1_34' title="bbox 197 3824 2547 3921; baseline 0.002 -32"><span class='ocrx_word' id='word_1_235' title='bbox 197 3824 365 3892; x_wconf 73' lang='lat' dir='ltr'><strong>verba</strong></span> <span class='ocrx_word' id='word_1_236' title='bbox 408 3835 539 3896; x_wconf 86' lang='lat' dir='ltr'><strong>tam</strong></span> <span class='ocrx_word' id='word_1_237' title='bbox 589 3830 909 3918; x_wconf 86' lang='lat' dir='ltr'><strong>simplicia</strong></span> <span class='ocrx_word' id='word_1_238' title='bbox 958 3841 1092 3899; x_wconf 87' lang='lat' dir='ltr'><strong>tam</strong></span> <span class='ocrx_word' id='word_1_239' title='bbox 1143 3830 1324 3900; x_wconf 85' lang='lat' dir='ltr'><strong>foede</strong></span> <span class='ocrx_word' id='word_1_240' title='bbox 1365 3832 1784 3921; x_wconf 88' lang='lat' dir='ltr'><strong>depravata”.</strong></span> <span class='ocrx_word' id='word_1_241' title='bbox 1835 3831 2044 3900; x_wconf 87' lang='lat' dir='ltr'><strong>Verba</strong></span> <span class='ocrx_word' id='word_1_242' title='bbox 2081 3830 2399 3918; x_wconf 89' lang='lat' dir='ltr'><strong>simplicia</strong></span> <span class='ocrx_word' id='word_1_243' title='bbox 2425 3832 2547 3896; x_wconf 88' lang='lat' dir='ltr'><strong>sci·</strong></span> 
     </span>
     <span class='ocr_line' id='line_1_35' title="bbox 198 3923 2202 4026; baseline 0.002 -29"><span class='ocrx_word' id='word_1_244' title='bbox 198 3923 328 3997; x_wconf 78' lang='lat' dir='ltr'><strong>licet</strong></span> <span class='ocrx_word' id='word_1_245' title='bbox 366 3942 515 4000; x_wconf 87' lang='lat' dir='ltr'><strong>sunt</strong></span> <span class='ocrx_word' id='word_1_246' title='bbox 557 3936 798 4020; x_wconf 75' lang='lat' dir='ltr'><strong>plaude</strong></span> <span class='ocrx_word' id='word_1_247' title='bbox 843 3945 909 4003; x_wconf 89' lang='lat' dir='ltr'><strong>et</strong></span> <span class='ocrx_word' id='word_1_248' title='bbox 954 3938 1405 4004; x_wconf 71' lang='lat' dir='ltr'><strong>meumlibano.</strong></span> <span class='ocrx_word' id='word_1_249' title='bbox 1477 3939 1704 4026; x_wconf 85' lang='lat' dir='ltr'><strong>Itaque</strong></span> <span class='ocrx_word' id='word_1_250' title='bbox 1750 3940 1887 4026; x_wconf 89' lang='lat' dir='ltr'><strong>ipse</strong></span> <span class='ocrx_word' id='word_1_251' title='bbox 1936 3937 2202 4023; x_wconf 88' lang='lat' dir='ltr'><strong>recipit:</strong></span> 
     </span>
     <span class='ocr_line' id='line_1_36' title="bbox 89 4027 2241 4128; baseline 0.002 -24"><span class='ocrx_word' id='word_1_252' title='bbox 89 4027 92 4034; x_wconf 63' lang='grc'>’</span> <span class='ocrx_word' id='word_1_253' title='bbox 439 4037 654 4124; x_wconf 86' lang='lat' dir='ltr'><strong>planta</strong></span> <span class='ocrx_word' id='word_1_254' title='bbox 705 4048 936 4119; x_wconf 88' lang='lat' dir='ltr'><strong>unast,</strong></span> <span class='ocrx_word' id='word_1_255' title='bbox 980 4040 1251 4128; x_wconf 85' lang='lat' dir='ltr'><strong>pedibus</strong></span> <span class='ocrx_word' id='word_1_256' title='bbox 1297 4045 1606 4124; x_wconf 89' lang='lat' dir='ltr'><strong>cariosis,</strong></span> <span class='ocrx_word' id='word_1_257' title='bbox 1657 4063 1831 4111; x_wconf 90' lang='lat' dir='ltr'><strong>mers</strong></span> <span class='ocrx_word' id='word_1_258' title='bbox 1875 4042 2241 4109; x_wconf 86' lang='lat' dir='ltr'><strong>Libiteinai.</strong></span> 
     </span>
     <span class='ocr_line' id='line_1_37' title="bbox 273 4138 2549 4235; baseline 0.002 -28"><span class='ocrx_word' id='word_1_259' title='bbox 273 4138 437 4219; x_wconf 84' lang='lat' dir='ltr'><strong>Quae</strong></span> <span class='ocrx_word' id='word_1_260' title='bbox 497 4146 774 4212; x_wconf 89' lang='lat' dir='ltr'><strong>mutatio</strong></span> <span class='ocrx_word' id='word_1_261' title='bbox 837 4156 1082 4233; x_wconf 86' lang='lat' dir='ltr'><strong>quanto</strong></span> <span class='ocrx_word' id='word_1_262' title='bbox 1147 4148 1350 4214; x_wconf 84' lang='lat' dir='ltr'><strong>maior</strong></span> <span class='ocrx_word' id='word_1_263' title='bbox 1410 4149 1497 4216; x_wconf 89' lang='lat' dir='ltr'><strong>sit</strong></span> <span class='ocrx_word' id='word_1_264' title='bbox 1562 4144 1844 4235; x_wconf 81' lang='lat' dir='ltr'><strong>quisque</strong></span> <span class='ocrx_word' id='word_1_265' title='bbox 1884 4146 2089 4223; x_wconf 86' lang='lat' dir='ltr'><strong>videt;</strong></span> <span class='ocrx_word' id='word_1_266' title='bbox 2155 4149 2381 4233; x_wconf 88' lang='lat' dir='ltr'><strong>itaque</strong></span> <span class='ocrx_word' id='word_1_267' title='bbox 2425 4145 2549 4212; x_wconf 85' lang='lat' dir='ltr'><strong>sibi</strong></span> 
     </span>
     <span class='ocr_line' id='line_1_38' title="bbox 202 4236 2547 4339; baseline 0.003 -30"><span class='ocrx_word' id='word_1_268' title='bbox 202 4236 369 4312; x_wconf 80' lang='lat' dir='ltr'><strong>licere</strong></span> <span class='ocrx_word' id='word_1_269' title='bbox 413 4257 631 4334; x_wconf 85' lang='lat' dir='ltr'><strong>putat,</strong></span> <span class='ocrx_word' id='word_1_270' title='bbox 676 4250 848 4338; x_wconf 87' lang='lat' dir='ltr'><strong>quod</strong></span> <span class='ocrx_word' id='word_1_271' title='bbox 897 4250 1082 4318; x_wconf 90' lang='lat' dir='ltr'><strong>alteri</strong></span> <span class='ocrx_word' id='word_1_272' title='bbox 1134 4260 1347 4339; x_wconf 81' lang='lat' dir='ltr'><strong>negat.</strong></span> <span class='ocrx_word' id='word_1_273' title='bbox 1420 4251 1596 4319; x_wconf 77' lang='lat' dir='ltr'><strong>Mers</strong></span> <span class='ocrx_word' id='word_1_274' title='bbox 1643 4251 1957 4320; x_wconf 76' lang='lat' dir='ltr'><strong>Libitinae</strong></span> <span class='ocrx_word' id='word_1_275' title='bbox 1993 4253 2095 4317; x_wconf 86' lang='lat' dir='ltr'><strong>vix</strong></span> <span class='ocrx_word' id='word_1_276' title='bbox 2140 4259 2313 4319; x_wconf 87' lang='lat' dir='ltr'><strong>recte</strong></span> <span class='ocrx_word' id='word_1_277' title='bbox 2352 4270 2547 4318; x_wconf 79' lang='lat' dir='ltr'><strong>senex</strong></span> 
     </span>
     <span class='ocr_line' id='line_1_39' title="bbox 206 4342 2548 4445; baseline 0.003 -31"><span class='ocrx_word' id='word_1_278' title='bbox 206 4342 464 4428; x_wconf 62' lang='lat' dir='ltr'><strong>dicatum</strong></span> <span class='ocrx_word' id='word_1_279' title='bbox 508 4354 787 4424; x_wconf 82' lang='lat' dir='ltr'><strong>Libitina</strong></span> <span class='ocrx_word' id='word_1_280' title='bbox 834 4377 962 4425; x_wconf 89' lang='lat' dir='ltr'><strong>non</strong></span> <span class='ocrx_word' id='word_1_281' title='bbox 1012 4358 1250 4445; x_wconf 85' lang='lat' dir='ltr'><strong>accipit</strong></span> <span class='ocrx_word' id='word_1_282' title='bbox 1287 4357 1660 4440; x_wconf 81' lang='lat' dir='ltr'><strong>bominem,</strong></span> <span class='ocrx_word' id='word_1_283' title='bbox 1703 4357 1813 4426; x_wconf 88' lang='lat' dir='ltr'><strong>sed</strong></span> <span class='ocrx_word' id='word_1_284' title='bbox 1860 4357 2109 4424; x_wconf 85' lang='lat' dir='ltr'><strong>funeris</strong></span> <span class='ocrx_word' id='word_1_285' title='bbox 2149 4354 2548 4429; x_wconf 80' lang='lat' dir='ltr'><strong>mercedem:</strong></span> 
     </span>
    </p>
   </div>
  </div>
 </body>
</html>
