2934 5050
1071 295 1131 342 m
1178 294 1580 342 namononmr.
2399 271 2528 335 157

154 466 460 531 centiores
527 483 646 530 non
710 464 869 530 satis
931 473 1234 531 accurate
1295 461 1731 550 perpendere,
1797 482 1964 549 quae
2036 464 2167 530 sint
2236 461 2525 548 singulo-

154 587 284 636 rum
335 568 791 635 vooabulorum
846 570 1193 656 primariae
1233 567 1761 655 significationes
1855 569 2119 635 Invenio
2162 592 2223 658 p.
2252 573 2407 635 2415.
2434 573 2520 634 49

154 674 405 751 βάλλειν
461 674 643 759 ξίφος
684 683 750 742 et
798 698 861 764 p.
907 679 1061 740 518.
1118 679 1159 741 6
1215 685 1293 758 τῇ
1359 681 1615 759 κεφαλῇ
1678 675 2040 756 ἐγχειρίδιον
2106 673 2508 757 ἐπιβάλλειν,

155 777 303 865 quod
351 779 745 868 perridicule
804 779 1053 848 dictum
1104 789 1224 847 est.
1323 781 1409 846 De
1479 778 1755 869 potando
1804 788 1978 848 recte
2025 780 2269 847 dicitur
2317 777 2520 846 ἕλκειν

156 906 207 971 p.
244 890 396 950 555.
468 889 585 963 42,
655 884 762 951 sed
831 886 978 971 quis
1045 905 1349 972 umquam
1413 894 1671 975 praeter
1736 885 2144 954 Heliodorum
2199 885 2363 951 dixit
2412 887 2524 962 τὴν

158 990 427 1057 Ἐλλάδα
494 996 795 1070 γλῶτταν
861 987 1149 1070 εἵλκυσε,
1226 990 1396 1077 quod
1474 989 1716 1076 legitur
1788 1013 1849 1080 p.
1895 995 2049 1058 267.
2117 991 2244 1057 45?
2332 991 2527 1056 Errat

158 1114 392 1183 quoque
464 1117 616 1163 cum
682 1097 1088 1182 sequioribus
1157 1095 1449 1163 scribens
1519 1119 1582 1186 p.
1630 1100 1781 1162 268.
1854 1101 1941 1164 49
2027 1098 2062 1173 ἧ
2125 1096 2243 1162 νυνὶ
2315 1096 2527 1177 θεωρία

160 1210 510 1269 πλεονεκτεῖ
568 1201 686 1277 τὰς
734 1197 967 1276 ἄλλοις.
1062 1201 1198 1268 Non
1242 1211 1342 1268 est
1389 1200 1592 1267 multo
1641 1201 1872 1268 melius
1921 1203 2206 1269 activum
2257 1200 2527 1268 verbum

163 1308 549 1385 καταιδέσαι,
591 1330 653 1397 p.
681 1312 835 1386 294,
869 1311 989 1385 23,
1043 1311 1196 1374 526.
1236 1310 1320 1374 49
1344 1314 1407 1372 et
1449 1311 1605 1375 379.
1656 1312 1759 1373 18.
1811 1306 2127 1384 Ἐπίδοξος
2155 1326 2271 1397 pro
2300 1305 2529 1387 ἔνδοξος

163 1410 379 1479 dicitur
443 1436 507 1503 p.
540 1418 695 1480 333.
755 1417 878 1490 22,
950 1416 1101 1479 401.
1168 1416 1251 1478 22
1300 1420 1366 1479 et
1415 1417 1565 1480 410.
1619 1416 1749 1492 44;
1804 1414 2052 1479 rectius
2106 1412 2377 1479 sortasse
2424 1410 2524 1477 ἐπὶ

162 1515 310 1593 δόξης
358 1541 417 1608 p.
447 1523 611 1586 546.
673 1523 787 1596 18,
837 1523 989 1585 557.
1047 1522 1132 1585 56
1181 1527 1244 1584 et
1293 1521 1451 1584 385.
1504 1524 1611 1584 43.
1708 1516 1834 1592 Sed
1882 1527 2135 1585 constat
2181 1537 2523 1608 perperam

166 1620 381 1689 dictum
431 1644 580 1691 esse
619 1623 985 1702 διοιδουμένη
1035 1647 1099 1713 p.
1147 1627 1300 1690 337.
1358 1629 1458 1688 11.

235 1728 401 1810 Quod
455 1730 702 1815 iegitur
752 1752 812 1818 p.
855 1732 1008 1795 339.
1062 1733 1145 1794 45
1207 1728 1456 1809 σεσηρὸς
1506 1729 2049 1809 ὑπομειδίασασα,
2117 1751 2182 1818 p.
2229 1735 2387 1802 548.
2444 1734 2522 1795 15

168 1837 385 1915 σεσηρὸς
454 1836 569 1901 καὶ
640 1835 1156 1914 κατεσμυγμένον
1226 1834 1695 1916 ὑποβλέψασα,
1788 1857 1851 1924 p.
1902 1841 2053 1904 407.
2129 1839 2212 1901 24
2283 1833 2527 1913 ἐμειδία

170 1939 425 2021 σεσηρός,
469 1938 770 2009 ostendet.
816 1940 969 2026 qnid
1010 1941 1382 2026 requiratur
1420 1938 1592 2025 apud
1633 1939 1987 2006 Lucianum
2032 1942 2097 2007 in
2128 1939 2529 2025 Imaginibus

172 2047 232 2110 6:
270 2048 334 2111 τὸ
378 2047 700 2125 μειδίαμα
746 2045 964 2123 σεμνὸν
1010 2045 1114 2109 κα)
1163 2044 1506 2134 λεληθὸς
1551 2041 1749 2126 ὥσπερ
1795 2045 1865 2109 τὸ
1913 2046 2142 2121 ἐκείνης
2189 2043 2350 2115 ἔςαι.
2449 2044 2525 2110 Et

176 2148 533 2217 Heliodorus
580 2151 739 2216 satis
788 2149 1030 2216 indicat
1071 2148 1559 2217 rescribendum
1608 2170 1746 2217 esse
1784 2150 2005 2228 σεμνὸν
2043 2151 2148 2216 καὶ
2199 2148 2528 2230 σεσηρός

173 2264 222 2320 et
258 2256 585 2323 Lucianus
634 2257 698 2320 in
750 2256 1096 2321 Amoribus
1135 2260 1238 2321 13:
1286 2255 1561 2337 σεσηρότι
1601 2257 1831 2336 γέλωτι
1866 2255 2074 2338 μικρὸν
2116 2256 2531 2335 ὑπομειδιῶσα

178 2369 223 2427 et
260 2363 488 2430 Achill.
550 2362 693 2427 Tat.
746 2366 801 2426 1.
850 2369 1163 2442 σεσηρυῖαι
1210 2362 1329 2435 τοὶς
1380 2362 1663 2443 παρειάς.

240 2466 429 2535 Nemo
477 2475 775 2534 veterum
824 2468 919 2533 sic
967 2467 1220 2534 locutus
1264 2476 1402 2547 est,
1450 2477 1518 2534 ut
1568 2465 1946 2537 Heliodorus
1985 2467 2245 2555 scripsit
2282 2489 2344 2557 p.
2376 2469 2531 2534 270.

180 2577 242 2638 46
295 2577 599 2657 ἀσχολεῖν
668 2574 787 2646 τὰς
848 2582 1069 2655 χεῖρας
1131 2583 1195 2639 et
1267 2597 1329 2663 p.
1371 2577 1528 2641 298.
1588 2580 1665 2640 15
1729 2578 1832 2639 τὸν
1895 2578 2025 2639 νοῦν
2087 2572 2533 2655 ἦσχολημένος.

180 2675 740 2768 Reprehensionem
795 2678 982 2744 habet
1038 2702 1100 2768 p.
1131 2684 1280 2746 275.
1327 2685 1410 2746 45
1460 2679 1689 2761 λύχνος
1738 2678 2088 2761 εἰσεφέρετο
2134 2678 2533 2759 θεραπαινίδι.

179 2780 356 2851 Sicuti
417 2786 738 2852 Homerus
775 2785 998 2866 σχεδὸν
1042 2794 1312 2870 usurpat
1343 2805 1417 2851 eo
1442 2804 1670 2860 sensu,
1695 2804 1823 2870 quo
1858 2783 2282 2850 Athenienses
2301 2784 2534 2862 ἐγγὺς,

80 2930 83 2935 -
178 2889 253 2953 sic
292 2890 677 2957 Heliodorus
738 2891 937 2970 ἐγγὺς
1002 2910 1116 2978 pro
1161 2890 1383 2971 σχεδὸν
1432 2889 1662 2968 babet,
1715 2884 1873 2957 v.'c.
1927 2913 1986 2979 p.
2038 2893 2194 2955 285.
2246 2892 2287 2953 6
2336 2888 2536 2967 ἔγγὺς

179 2994 401 3062 ἀνίατον
472 3006 532 3063 et
604 3017 664 3084 p.
700 2999 861 3067 349.
926 3002 1012 3063 50
1069 2995 1266 3074 ἐγγὺς
1327 3000 1833 3077 λιποψυχοῦσαν.
1930 2994 2102 3060 Nove
2143 2993 2387 3059 dictum
2437 3001 2539 3061 est

182 3119 231 3185 p.
253 3103 397 3168 285.
447 3105 538 3167 50
601 3102 667 3166 οὐ
713 3100 841 3181 γάρ
886 3126 982 3174 τις
1030 3098 1227 3182 ἕτερος
1276 3102 1661 3179 θαλαμεύσει
1723 3100 2095 3180 Χαρίκλειαν
2142 3108 2206 3165 et
2254 3121 2537 3164 κατασυ-

181 3203 346 3282 ςάδην
385 3230 448 3297 p.
480 3210 649 3273 581.
688 3210 772 3271 22
818 3214 881 3272 et
923 3211 1042 3289 πῦρ
1089 3207 1189 3273 ἐπὶ
1238 3207 1356 3281 τοὶς
1406 3206 1636 3283 σκηνὰς
1688 3206 2075 3285 ἐμβαλόντες
2135 3229 2195 3295 p.
2246 3208 2400 3271 246.
2452 3208 2536 3270 45

185 3316 235 3372 et
272 3315 564 3395 Φανεροῦν
612 3334 675 3400 p.
709 3314 860 3377 596.
919 3316 999 3379 18
1041 3322 1106 3379 et
1156 3317 1308 3380 410.
1362 3316 1484 3388 52,
1540 3311 1870 3398 multaque
1916 3312 2067 3378 alia.

257 3415 421 3496 Quae
494 3418 792 3484 recensui
855 3418 1051 3494 vitia,
1115 3417 1235 3484 sub
1308 3439 1434 3486 uno
1498 3427 1848 3507 conspectu
1917 3417 2160 3507 posita,
2218 3416 2353 3502 jam
2407 3413 2541 3481 sola

191 3521 324 3586 satis
368 3525 591 3609 gravia
654 3522 1003 3590 lectoribus
1070 3524 1492 3591 videbuntur:
1558 3530 1907 3608 supersunt
1967 3530 2182 3588 tamen
2235 3518 2540 3608 permulti

193 3642 448 3707 errores,
496 3648 772 3714 qnorum
827 3628 1233 3696 Heliodorum
1285 3631 1490 3696 multo
1539 3630 1747 3714 magis
1786 3627 2026 3715 pudere
2067 3625 2316 3702 debuit,
2356 3645 2544 3700 narn,

197 3747 557 3821 quamquam
607 3753 794 3820 saepe
846 3736 1134 3821 peccavit
1184 3735 1247 3801 in
1298 3734 1574 3821 singulis
1618 3734 1947 3801 vocabulis
2008 3731 2354 3818 eligendis,
2404 3751 2541 3798 sae-

198 3835 320 3918 pius
363 3843 555 3907 etiam
607 3841 896 3927 peccavit
943 3840 1008 3905 in
1071 3840 1209 3927 ipsa
1261 3842 1724 3927 compositione
1770 3838 2132 3906 verborum.
2230 3838 2373 3904 Non
2422 3838 2544 3903 im-

203 3943 468 4011 morabor
514 3945 896 4019 levioribus‚
944 3945 1131 4031 quale
1188 3955 1287 4012 est
1336 3946 1504 4031 quod
1552 3948 1702 4012 ἀλλ’
1750 3942 1850 4013 οὖν
1896 3968 1973 4023 γε
2020 3942 2247 4010 scribit
2298 3964 2357 4029 p.
2387 3946 2542 4010 255.

204 4046 266 4109 51
335 4058 396 4115 et
442 4053 612 4117 295.
664 4056 715 4116 7.
763 4059 828 4116 et
890 4049 988 4116 bis
1048 4050 1269 4117 eadem
1345 4053 1574 4138 pagina
1641 4054 1792 4118 392.
1844 4055 1927 4116 45
1979 4049 2299 4128 καίτοιγε,
2369 4047 2543 4114 nulla

206 4153 398 4219 vocula
467 4156 863 4240 interposita.
981 4155 1106 4222 Sed
1177 4144 1324 4242 q‘uis
1392 4156 1614 4223 credat
1695 4157 1817 4221 nisi
1884 4154 2196 4241 exemplis
2280 4153 2547 4221 edoctus

208 4252 570 4339 ignoravisse
624 4259 1028 4327 Heliodorum
1076 4259 1428 4328 discrimen
1486 4260 1935 4328 adverbiorum
1986 4263 2050 4327 οὐ
2095 4269 2155 4326 et
2196 4259 2328 4339 μήῖ
2376 4259 2545 4344 Lego

210 4376 260 4442 1³·
283 4364 421 4450 235.
468 4370 589 4431 54:
639 4364 823 4433 δεινὸν
871 4361 959 4433 ὅτι
1004 4367 1110 4447 μὴ
1148 4365 1216 4444 ἐξ
1261 4366 1704 4447 ἐπιτάγματος
1743 4367 2080 4443 ὑπήκουσεν
2126 4362 2545 4443 ἐποιησάμην·
