2934 5050
1059 318 1461 365 ceninenses
1525 320 1755 366 ιΛτιιιι.
2469 307 2597 369 425

761 481 885 549 Sed
937 486 1330 551 rusticorum
1383 486 1665 553 mascula
1720 487 2003 555 militum

765 587 1013 672 proles,
1065 587 1336 656 Sabellis
1382 589 1569 656 (locta
1621 591 1939 675 ligonibus

762 712 1017 759 versare
1062 692 1280 778 glebas
1331 705 1398 761 et
1443 715 1703 762 severae

761 800 988 863 matris
1034 798 1112 865 ed
1152 800 1493 866 arbitrium
1561 803 1803 867 recisos

759 903 1023 969 Portare
1071 904 1299 980 sustin
1352 906 1442 970 sol
1497 904 1604 971 ubi
1653 908 1968 973 montium

754 1017 1025 1073 mutaret
1074 1007 1337 1074 umbras
1382 1019 1444 1075 et
1496 1011 1645 1095 iuga
1692 1010 1978 1132 demeret

752 1109 955 1178 bobus
1011 1111 1342 1197 fatigatis,
1392 1116 1679 1181 amicum

751 1224 1009 1303 tempus
1052 1236 1251 1301 agens
1296 1218 1572 1289 abeunte
1618 1238 1845 1287 curru.

296 1320 536 1388 Parum
584 1320 756 1387 enim
803 1329 951 1407 apte
999 1322 1273 1407 positum
1318 1321 1579 1388 videtur
1618 1324 1884 1392 verbum
1924 1337 2207 1405 mutare,
2257 1327 2576 1415 siquidem

206 1433 472 1513 excepto
518 1426 655 1510 ipso
703 1425 1008 1501 meridie,
1052 1425 1310 1511 quando
1357 1426 1571 1493 nullae
1618 1438 1771 1495 sunt
1824 1429 2130 1509 umbrae,
2178 1430 2269 1497 sol
2314 1432 2579 1501 umbras

211 1540 400 1596 mutat
451 1550 568 1616 per
608 1538 814 1596 totum
863 1529 1057 1595 diem.
1132 1530 1248 1597 Ubi
1297 1549 1446 1597 vero
1493 1539 1567 1597 ut
1612 1532 1680 1600 h.
1731 1533 1773 1599 1.
1824 1543 2079 1621 tempus
2135 1539 2573 1622 vespertinum

208 1635 702 1720 significandum
759 1643 900 1711 est,
962 1634 1256 1720 quando,
1321 1644 1394 1700 ut
1446 1635 1709 1723 Vergilii
1758 1638 1972 1705 verbis
2019 1648 2167 1706 utar
2217 1640 2456 1729 (Eclog.
2502 1643 2568 1719 1,
2646 1636 2663 1643 ’

205 1741 312 1827 84)
374 1741 648 1806 maiores
701 1741 928 1804 cadunt
971 1740 1121 1804 altis
1165 1739 1244 1804 de
1287 1741 1598 1806 montibus
1642 1744 1936 1821 umbrae,
1986 1745 2170 1831 longe
2213 1747 2429 1832 aptius
2473 1755 2574 1813 est

207 1864 301 1911 nie
347 1843 564 1910 iudice
609 1843 880 1931 auyeeidi
925 1843 1233 1921 verbum,
1304 1853 1371 1909 ut
1422 1844 1589 1909 dixit
1635 1866 1891 1932 quoque
1933 1849 2256 1935 Vergilius
2305 1850 2571 1937 (citatus

201 1948 277 2014 ad
331 1949 393 2014 b.
467 1949 510 2015 l.
576 1947 659 2013 ab
711 1949 987 2032 Acrone)
1057 1950 1119 2013 in
1185 1948 1392 2013 Bucol.
1443 1949 1579 2015 Ecl.
1628 1949 1726 2028 11,
1783 1955 1908 2017 66:
1962 1943 2020 2018 et
2065 1956 2158 2018 sol
2204 1973 2568 2023 cnsscsu‘rss

197 2055 493 2121 decedens
537 2073 824 2119 nurucn·
867 2053 1142 2119 umbros.
1213 2051 1342 2118 Nec
1392 2051 1614 2132 facile,
1666 2056 1721 2120 si
1769 2067 2038 2122 mutaret
2072 2058 2426 2142 genuinum
2464 2080 2567 2125 es-

199 2170 320 2237 set,
369 2170 509 2227 tam
556 2160 761 2225 mirus
802 2158 972 2223 verbi
1019 2178 1173 2223 usus
1221 2166 1467 2224 veteres
1515 2159 1903 2245 interpretes
1941 2158 2286 2228 fefellisset.
2352 2162 2563 2246 Quare

198 2257 402 2332 boeio
452 2283 536 2331 an
589 2263 693 2351 (cl.
748 2263 919 2328 Paul.
977 2264 1146 2328 Dia-3.
1199 2283 1258 2348 p.
1307 2267 1426 2339 67,
1482 2266 1549 2347 2)
1600 2263 1862 2330 Horatio
1906 2265 2303 2333 reddendum
2353 2269 2478 2334 sit:

1297 2367 1390 2433 sol
1438 2367 1544 2433 ubi
1596 2370 1913 2472 montium

731 2474 1018 2560 duplaret
1067 2471 1348 2539 umbras.

275 2580 526 2647 Diversi
576 2582 836 2665 generis
885 2589 986 2645 est
1029 2578 1198 2664 quod
1250 2579 1608 2664 repperisse
1657 2578 1815 2644 mibi
1864 2580 2084 2647 videor
2134 2583 2196 2647 in
2248 2581 2479 2649 Satura
2533 2588 2557 2646 1

193 2683 329 2750 libri
375 2685 432 2752 11
489 2682 707 2768 legens
755 2683 947 2750 verba
995 2683 1188 2749 haece
1236 2684 1349 2770 (62
1396 2688 1592 2769 sqq.)=

991 2786 1200 2870 Quid?
1251 2808 1396 2853 cum
1448 2798 1547 2854 est
1592 2788 1879 2855 Lucnuus
1921 2808 2121 2855 ausus

357 2895 616 2980 primus
663 2894 726 2958 in
781 2893 952 2959 bunc
1000 2894 1210 2977 operis
1254 2912 1638 2978 componere
1684 2895 1971 2959 carmina
2022 2912 2302 2971 morem,

351 2998 688 3065 detrahere
734 3009 793 3063 et
828 2997 1096 3084 pellem,
1143 2997 1379 3062 nitidus
1422 3019 1547 3083 qua
1590 2998 1851 3084 quisque
1890 3020 2007 3083 per
2052 3020 2161 3064 ora

352 3105 600 3170 cederet
621 3152 640 3183 ,
683 3104 1024 3168 introrsum
1070 3104 1294 3187 turpis.

243 3208 586 3275 Contendit
629 3207 782 3273 olim
838 3208 1176 3282 Heinsius,
1216 3206 1637 3272 dissentiente
1674 3206 1952 3272 Bentleio
1990 3206 2100 3272 sed
2139 3204 2539 3294 suffragante

170 3331 360 3400 nuper
432 3310 923 3397 Peerlkampio,
1014 3312 1350 3377 Horatium
1427 3312 1767 3396 scripsisse
1835 3334 1952 3398 per
2019 3332 2129 3376 ora
2205 3311 2533 3379 incederet.

167 3414 494 3485 Heinsium
534 3418 614 3488 ad
641 3417 1079 3483 coniecturam
1109 3414 1411 3491 adduxit,
1458 3417 1718 3500 opinor,
1760 3424 2061 3481 constans
2089 3415 2335 3481 Horatii
2360 3417 2532 3484 eius·

162 3538 274 3606 que
331 3521 706 3610 aequalium
771 3520 1093 3587 scribendi
1159 3540 1327 3597 mos;
1397 3520 1879 3605 Peerlkampius
1923 3538 1997 3586 eo
2045 3521 2392 3605 processit,
2458 3530 2529 3588 ιιι

161 3625 358 3694 uda-e
403 3646 527 3714 pro
571 3625 856 3692 incedere
902 3625 999 3692 vel
1050 3623 1345 3691 Plautum
1387 3624 1603 3692 dicere
1643 3627 1926 3711 potuisse
1966 3635 2266 3711 negaret,
2312 3633 2378 3690 et
2423 3644 2525 3691 vo-

158 3729 446 3798 cabulum
512 3731 776 3817 saepius
831 3731 1068 3796 lectum
1118 3729 1287 3815 apud
1335 3727 1517 3795 illum
1567 3728 1805 3815 ubique
1857 3729 2270 3795 librariorum
2313 3731 2521 3795 errori

158 3835 481 3904 tribueret.
551 3834 734 3916 Quod
781 3836 837 3899 si
885 3835 975 3899 ita
1021 3843 1226 3910 esset,
1269 3835 1622 3919 permirum
1673 3855 1827 3902 saue
1876 3835 2039 3901 soret
2085 3832 2256 3919 apud
2305 3832 2514 3899 solum
2627 3830 2635 3836 ’

156 3934 278 4007 lere
335 3940 632 4008 Plautum
690 3958 1001 4025 apparere
1049 3938 1213 4003 banc
1261 3936 1702 4004 confusionem
1750 3960 2021 4025 eamque
2070 3939 2158 4003 ita
2214 3936 2516 4023 frequen-

157 4049 292 4109 tem.
357 4047 524 4112 Casu
586 4044 875 4121 sactum,
932 4043 1196 4129 opinor,
1266 4052 1336 4107 ιιι
1398 4042 1672 4128 singulis
1736 4043 1890 4111 locis
1940 4044 2252 4110 Plautinis
2302 4051 2513 4107 muta·

161 4147 426 4217 tionibus
469 4152 629 4216 satis
677 4147 928 4216 lenibus
975 4149 1250 4214 alterum
1301 4145 1567 4212 verbum
1620 4168 1733 4233 pro
1776 4149 1978 4217 altero
2018 4148 2323 4215 substitui
2368 4167 2508 4233 pos·

160 4249 252 4315 sit.
319 4254 396 4318 1⁴31
446 4256 612 4320 scire
659 4254 848 4320 velim
902 4251 1056 4338 quid
1107 4251 1216 4317 fiat
1267 4251 1562 4353 Lucretii
1595 4252 1731 4317 loco
1779 4253 1863 4330 V,
1916 4259 2045 4320 842
2096 4273 2214 4337 sq.2

2172 4359 2234 4405 ιε
