2934 5050
1191 291 1606 354 '‘ATAKTA.
2475 284 2603 352 301

307 476 381 542 In
448 476 736 563 Thucyd.
799 475 905 540 IV.
969 473 1076 541 27.
1139 482 1555 546 Athenienses
1617 476 1693 542 de
1758 477 2040 541 exercitu
2057 524 2074 553 ,
2140 480 2251 560 qui
2310 479 2378 541 in
2436 476 2604 563 Pylo

206 589 385 660 erat,
451 581 712 648 solliciti
773 582 968 649 fuisse
1025 592 1392 662 narrantur,
1457 585 1701 663 ὁρῶντες
1765 588 1879 646 τῶν
1943 605 2011 645 τε
2080 580 2432 654 ἐπιτηδείων
2494 588 2603 658 τὴν

205 691 349 771 περὶ
413 691 523 764 τὴν
579 687 1031 765 Πελοπόννησον
1094 693 1342 770 κομιδὴν
1405 689 1707 755 ἀδύνατον
1766 686 2056 765 ἐσομένην
2104 683 2248 763 ἅμα
2297 688 2356 752 ἐν
2401 692 2603 770 χωρίῳ

205 797 452 877 ἐρήμῳ,
516 796 619 859 καὶ
684 796 803 860 οὐδ’
853 795 912 859 ἐν
961 795 1111 877 θέρει
1161 792 1267 862 οἷοί
1314 821 1384 860 τε
1431 795 1596 868 ὄντες
1649 794 1835 859 {xxva}
1885 796 2329 873 περιπέμπειν.
2403 798 2604 881 Atqui

203 902 482 983 κομίζειν
529 902 657 968 dici
701 923 824 967 non
862 908 1070 993 potest
1116 925 1228 989 pro
1276 904 1580 980 πέμπειν,
1630 903 1845 987 itaque
1893 899 2107 978 κομιδή
2155 921 2281 965 non
2328 901 2406 966 ab
2446 902 2603 986 ipsis

205 1009 556 1095 pendebat,
608 1008 718 1074 sed
756 1029 794 1073 a
827 1008 1273 1076 Demosthenis
1319 1011 1550 1096 copiis,
1599 1028 1758 1093 quae
1796 1007 1921 1072 sibi
1958 1010 2207 1072 victum
2248 1006 2601 1087 κομίζεσθαι

204 1120 605 1204 cogerentur.
700 1113 880 1180 Adde
942 1116 1110 1201 quod
1160 1115 1339 1181 locus
1400 1115 1683 1179 desertus
1742 1132 1866 1177 non
1930 1111 2347 1178 Athenienses
2389 1113 2602 1199 prohi-

203 1222 405 1287 bebat
459 1241 538 1285 ne
599 1227 992 1286 commeatus
1048 1224 1381 1288 mitterent
1400 1270 1416 1296 ,
1465 1219 1575 1286 sed
1621 1222 1756 1304 ipse
1802 1218 2114 1304 praesidio
2160 1221 2409 1284 victum
2457 1240 2603 1306 sup-

203 1326 498 1413 peditare
542 1345 667 1391 non
713 1331 979 1412 poterat.
1049 1327 1293 1393 Deletis
1339 1326 1473 1406 περὶ
1522 1328 1630 1399 τὴν
1671 1322 2125 1398 Πελοπόννησον
2166 1331 2232 1390 et
2270 1323 2414 1403 ἅμα
2457 1333 2602 1392 ante

207 1432 515 1498 ἀδύνατον
575 1434 782 1518 posito
843 1436 1060 1499 omnia
1103 1432 1479 1519 planissima
1526 1430 1705 1497 fiunt.
1773 1430 2091 1497 Videbant
2133 1434 2419 1517 primum
2465 1429 2602 1497 fieri

206 1559 340 1604 non
385 1558 567 1623 posse
611 1543 687 1602 ut
731 1537 1122 1624 praesidium
1167 1540 1236 1604 in
1280 1538 1398 1605 tali
1442 1538 1582 1605 loco
1629 1559 1704 1603 ex
1742 1537 2258 1624 populationibus
2295 1536 2569 1606 aleretur
2582 1587 2597 1614 ,

210 1644 444 1709 deinde
490 1664 556 1709 se
598 1665 679 1709 ne
725 1648 963 1710 aestate
1009 1645 1268 1729 quidem
1316 1644 1485 1730 quod
1532 1647 1686 1711 satis
1735 1649 1898 1710 esset
1945 1644 2377 1710 subventuros.

1969 1850 2485 1936 (Continuabitur)

534 1963 776 2030 Smm

347 2092 437 2134 m.
488 2069 670 2136 Febr.
726 2066 930 2136 1874.

934 2416 1247 2488 Φιλόνῐκος
1296 2434 1422 2480 non
1469 2414 1860 2489 Φιλόνεικος.

297 2630 566 2717 Saepius
605 2630 999 2695 ostendimus
1035 2627 1382 2710 φιλόνικος,
1431 2630 1783 2708 Φιλονικίοι,
1823 2636 2156 2709 Φιλονικεῖν
2196 2632 2433 2717 ubique
2457 2654 2589 2698 esse

200 2737 613 2804 scribendum
668 2741 732 2801 et
791 2736 1167 2825 φιλόνεῐκος
1229 2740 1454 2800 natum
1503 2755 1579 2799 ex
1626 2737 2079 2801 consuetudine
2125 2756 2344 2801 eorum
2403 2741 2515 2823 qui
2563 2748 2588 2801 1

201 2846 478 2932 longum
525 2864 636 2929 per
700 2850 774 2906 el
824 2841 1198 2907 scribebant.
1271 2839 1444 2913 Audi
1489 2858 1657 2903 nunc
1703 2838 2127 2907 Scholiastam
2175 2843 2255 2907 ad
2302 2842 2591 2908 Platonis
2680 2919 2693 2929 .

205 2950 579 3015 Alcibiadem
640 2968 784 3035 pag.
864 2946 1011 3013 122.
1063 2965 1118 3012 ο.
1168 2945 1508 3022 σημείωσάι
1556 2945 1902 3025 φιλονικίαν
1948 2947 2052 3011 διά
2098 2951 2206 3011 τοῦ
2256 2957 2279 3011 1
2329 2948 2437 3021 τὴν
2485 2956 2586 3031 φι-

205 3056 353 3120 λίοιν
399 3061 509 3126 τῆς
559 3056 745 3128 νίκης.
1952 3086 1961 3093 ·

2080 3200 2153 3269 G.
2205 3201 2284 3271 G.
2336 3203 2405 3272 C.

1034 3563 1346 3633 Gnms
1394 3580 1778 3630 comoros.

300 3747 534 3813 Editur
593 3747 761 3832 apud
823 3744 1146 3812 Galerium
1201 3770 1335 3827 περι
1398 3751 1516 3810 τῶν
1576 3752 1687 3819 τῆς
1734 3752 1952 3827 ψυχῆς
2009 3747 2214 3809 παθῶν
2266 3746 2451 3813 Tom.
2507 3749 2595 3813 IV

209 3874 359 3940 pag.
433 3848 1032 3918 7¹78.Ks1hn.aeoe1
1096 3852 1412 3931 ἀλλαχόθι
1475 3874 1605 3932 περι
1670 3833 1859 3916 αὐτοῦ
1924 3857 2077 3933 φησι
2143 3852 2432 3926 Νηλέως·
2498 3851 2591 3924 ος’

209 3957 439 4040 ἐφέηκε
499 3956 860 4038 πολύφρονά
908 3980 1020 4039 περ
1066 3955 1228 4033 μάλ’
1277 3959 1507 4023 ἀεῖσαι.
1601 3957 1951 4044 Interpres:
2019 3964 2075 4022 et
2137 3958 2288 4021 alibi
2349 3960 2423 4023 de
2468 3960 2596 4044 ipso

211 4065 399 4130 Neleo
446 4066 535 4128 sic
580 4065 761 4128 canit.
833 4064 1039 4130 Abeat
1074 4063 1312 4130 Neleus
1353 4071 1417 4129 et
1452 4067 1546 4129 ita
1585 4066 1931 4130 scribatur:
1970 4063 2104 4142 περὶ
2148 4065 2336 4129 αὐτοῦ
2376 4071 2598 4147 φησιν·

218 4164 389 4256 (οἶνος
455 4169 580 4247 γὰρ
642 4167 894 4248 ἀνώγει)
941 4168 1152 4245 ἠλεός,
1199 4168 1288 4239 ὅς’
1338 4171 1566 4250 ἐφέηκε
1613 4170 1970 4252 πολύφρονά
2019 4193 2131 4248 περ
2177 4169 2340 4248 μάλ’
2389 4173 2595 4239 ἀεῖσαι

215 4298 291 4341 ex
339 4274 624 4360 Odyssea
668 4271 725 4349 ξ.
779 4273 928 4339 464.

2096 4410 2167 4479 G.
2218 4410 2297 4479 G.
2351 4409 2420 4478 C.
