2934 5050
1047 318 1443 365 communes
1492 316 1724 363 ιΑτικΑ.
2446 297 2567 360 401

214 502 352 554 nem
402 484 1035 572 indicari-suspicor.
1131 483 1231 551 Cf.
1283 483 1493 551 Scliol.
1525 470 1626 550 'ad
1663 491 1913 569 portam
1959 480 2280 547 Arae'cinam
2324 481 2456 545 sive
2494 477 2578 543 ad

210 590 435 656 clivum
492 597 644 657 cett.
736 589 892 656 Inde
957 591 1133 656 venit
1198 591 1261 655 in
1328 598 1651 668 mentem,
1715 608 1795 654 an
1860 586 2024 654 sorte
2069 587 2132 652 in
2181 606 2336 652 axes
2381 580 2580 650 lateat

206 716 420 771 oraim
472 684 719 763 certius
758 703 970 762 tamen
1018 695 1127 780 qui
1174 693 1461 771 dederit,
1511 692 1699 760 faciet
1750 701 2037 780 gratum.

1063 799 1197 865 Sat.
1247 798 1327 876 V,
1399 802 1527 865 146
1576 817 1715 884 sqq.

608 901 842 970 vilibus
888 905 1203 990 ancipites
1249 904 1802 991 sumi-ponentur
1848 901 2078 968 amicis
2109 950 2126 979 ,

612 1008 846 1073 boletus
890 1007 1184 1086 domin03

285 1110 609 1178 Similiter
656 1112 967 1179 Martialis
1014 1112 1133 1192 111,
1186 1118 1297 1190 60,
1346 1120 1427 1179 5:

322 1232 331 1239 ’
563 1224 717 1283 sunt
765 1216 879 1282 tibi
930 1217 1114 1283 boleti
1131 1268 1150 1296 ,
1196 1221 1426 1304 sunqos
1474 1236 1591 1303 ego
1638 1236 1824 1282 sumo
1871 1214 2120 1283 suillos,

287 1318 412 1387 Sed
464 1321 701 1388 misere
748 1321 1050 1409 languent
1103 1343 1208 1389 me
1255 1321 1466 1388 iudice
1516 1342 1679 1409 quae
1725 1330 2129 1408 sequuntur:

1025 1427 1134 1493 sed
1177 1428 1393 1514 quales
1437 1426 1742 1494 Claudius
1782 1427 1916 1493 edit

470 1541 617 1600 aule
657 1531 843 1598 illum
889 1535 1141 1611 uxoris,
1184 1542 1324 1619 pos!
1367 1553 1549 1619 quem
1597 1531 1692 1597 nil
1744 1532 2021 1618 amplius
2066 1530 2214 1597 edit.

282 1634 533 1725 Sponte
593 1638 765 1703 enim
831 1646 1097 1724 apparet
1158 1637 1407 1703 dmnino
1469 1656 1593 1702 non
1656 1648 1978 1702 t’enenatos
2023 1633 2254 1723 apponi
2305 1632 2571 1710 boletos,

201 1748 269 1805 ut
312 1741 573 1828 opinor.
672 1740 926 1821 Quanto
973 1742 1208 1808 salsius
1258 1743 1658 1828 scripsisset:

565 1844 815 1913 Vilibus
861 1849 1178 1934 ancipites
1224 1846 1406 1932 fungi
1457 1856 1778 1933 ponentur
1823 1846 2053 1912 amicis

565 1949 816 2017 boletus
862 1951 1160 2031 domino;
1210 1952 1292 2018 sit
1336 1952 1588 2039 qualem
1637 1951 1845 2040 (·es?)
1897 1948 2209 2017 Claudius
2256 1946 2432 2025 edit;

197 2055 436 2121 omisso
487 2050 678 2122 versu
740 2059 1077 2143 sequenti,
1140 2057 1218 2124 ad
1281 2056 1647 2141 exemplum
1696 2053 2187 2143 epigrammatis
2231 2052 2422 2119 amici
2475 2052 2577 2116 sui

197 2158 514 2227 Martialis
558 2160 613 2240 1,
660 2165 770 2236 21,
820 2161 1062 2229 laudati
1113 2163 1240 2227 iam
1290 2160 1370 2227 ab
1419 2160 1823 2228 Heinrichio:

419 2263 531 2331 dic
582 2263 778 2341 mihi,
826 2267 971 2352 quis
1018 2264 1200 2332 furor
1244 2265 1384 2331 est?
1436 2264 1626 2330 turba
1673 2273 2005 2352 spectante
2065 2271 2286 2329 vocata

420 2369 604 2435 solus
649 2368 928 2448 boletos,
976 2368 1371 2444 Caeciliano,
1422 2389 1628 2437 voraS.

420 2472 583 2560 quid
632 2472 905 2561 dignum
958 2483 1138 2542 tanto
1184 2475 1299 2541 tibi
1351 2484 1575 2543 ventre
1621 2472 1901 2562 gulaque
1949 2471 2263 2560 precabor
2309 2496 2314 2501 ·

421 2578 755 2659 Boletum,
808 2581 1056 2666 qualem
1109 2580 1405 2646 Claudius
1451 2581 1605 2657 edit,
1653 2579 1819 2645 edas.

278 2681 593 2749 Conseras
652 2686 846 2751 etiam
919 2684 1075 2752 haec
1124 2683 1328 2752 Ovmn
1378 2686 1596 2751 Amor.
1648 2683 1711 2762 l,
1778 2688 1815 2750 4
1864 2683 2047 2749 init.:
2123 2682 2222 2747 vir
2277 2690 2431 2746 tuus
2478 2690 2578 2744 est

195 2787 417 2875 epulas
452 2787 789 2856 nobiscum
830 2789 1128 2857 aditurus
1163 2789 1442 2857 easdem.
1524 2788 1758 2856 Ultima
1799 2808 1983 2854 coena
2018 2797 2123 2853 tuo
2162 2789 2277 2863 sit,
2321 2804 2582 2872 precor,

195 2892 309 2960 illa
354 2896 521 2960 viro.

283 2998 546 3067 Falsam
594 3019 733 3068 esse
781 3001 1113 3082 Ribbeckii
1166 3002 1605 3068 coniecturam
1659 2998 2105 3086 proponentis:
2213 3043 2220 3049 -

611 3105 865 3172 Boletus
910 3106 1209 3185 domino,
1259 3105 1441 3191 fungi
1491 3113 1845 3190 purgentur
1899 3104 2130 3170 amicis

609 3210 846 3277 vilibus
891 3210 1206 3297 ancipites
1256 3231 1371 3278 nec
1419 3210 1641 3296 quales
1689 3218 1843 3275 cett.

198 3314 323 3379 iam
399 3312 869 3380 demonstravit
948 3314 1335 3381 Meinerzins
1400 3314 1686 3380 Sum-osu
1753 3313 1963 3381 verbis
2032 3332 2088 3379 e.
2159 3311 2373 3380 Claud.
2458 3316 2581 3384 44,

201 3416 499 3504 idemque
552 3428 815 3506 apparet
865 3439 941 3485 ex
988 3420 1455 3506 epigrammate
1503 3417 1689 3485 modo
1736 3417 2015 3485 laudato.

1052 3522 1188 3591 Sat.
1240 3523 1365 3603 Vl,
1433 3528 1554 3590 1¹4
1605 3544 1743 3610 sqq.

474 3628 640 3710 Quid
688 3630 936 3717 privata
985 3648 1214 3708 nonus,
1263 3629 1419 3716 quid
1472 3626 1697 3695 lecerit
1734 3627 1976 3716 Eppia,
2025 3627 2264 3694 curas?

473 3738 723 3822 respice
772 3735 1000 3801 rivales
1046 3735 1336 3802 deorum.
1432 3733 1738 3800 Claudius
1788 3733 1940 3800 audi

474 3859 640 3926 quae
689 3839 931 3907 tulerit.
2247 3925 2254 3932 .

291 3943 515 4030 Inepte
562 3946 699 4031 ipsa
747 3945 948 4032 Eppia
997 3945 1238 4012 dicitur
1286 3945 1527 4012 domus.
1623 3944 1692 4009 ln
1739 3944 2132 4030 praegressis
2172 3950 2427 4017 autem,
2472 3941 2583 4009 ubi

206 4058 517 4113 narratur
559 4051 761 4136 Eppia
816 4052 1132 4116 senatoris
1179 4071 1343 4117 uxor
1389 4051 1692 4117 comitata
1741 4068 1880 4115 esse
1929 4047 2229 4133 Sergium
2273 4045 2581 4133 gladiato-

206 4171 385 4228 rem,
451 4155 781 4222 moechum
833 4174 1060 4233 suum,
1109 4156 1173 4221 in
1225 4158 1626 4245 Aegyptum,
1693 4154 2088 4221 describitur
2134 4153 2286 4240 quid
2337 4155 2586 4239 privata

206 4256 460 4335 mulier,
513 4262 613 4327 cui
664 4259 893 4327 deinde
941 4263 1286 4346 opponitur
1332 4261 1744 4347 imperatoris
1795 4277 1954 4326 uxor
1996 4256 2368 4336 Messalina,
2418 4261 2582 4344 soce·

208 4363 328 4439 rit,
379 4364 528 4448 quid
576 4368 793 4432 domus
842 4367 974 4432 cius
1022 4366 1251 4431 tulerit.
1351 4366 1443 4431 Cf.
1503 4386 1594 4431 vs.
1646 4370 1764 4431 85:
1831 4365 2173 4432 immemor
2223 4361 2327 4430 illa
2367 4363 2585 4428 domm
