<?xml version="1.0" encoding="UTF-8"?>
<!DOCTYPE html PUBLIC "-//W3C//DTD XHTML 1.0 Transitional//EN"
    "http://www.w3.org/TR/xhtml1/DTD/xhtml1-transitional.dtd">
<html xmlns="http://www.w3.org/1999/xhtml" xml:lang="en" lang="en">
 <head>
  <title>
</title>
<meta http-equiv="Content-Type" content="text/html;charset=utf-8" />
  <meta name='ocr-system' content='tesseract 3.04.00' />
  <meta name='ocr-capabilities' content='ocr_page ocr_carea ocr_par ocr_line ocrx_word'/>
</head>
<body>
  <div class='ocr_page' id='page_1' title='image "./mnemosynebiblio09servgoog/mnemosynebiblio09servgoog_0782.png"; bbox 0 0 2934 5050; ppageno 0'>
   <div class='ocr_carea' id='block_1_1' title="bbox 326 258 1722 326">
    <p class='ocr_par' dir='ltr' id='par_1_1' title="bbox 326 258 1722 326">
     <span class='ocr_line' id='line_1_1' title="bbox 326 258 1722 326; baseline 0.001 -4"><span class='ocrx_word' id='word_1_1' title='bbox 326 258 460 323; x_wconf 79' lang='lat'>224</span> <span class='ocrx_word' id='word_1_2' title='bbox 1298 279 1722 326; x_wconf 65' lang='lat' dir='ltr'>rami-ma.</span> 
     </span>
    </p>
   </div>
   <div class='ocr_carea' id='block_1_2' title="bbox 300 445 2735 4450">
    <p class='ocr_par' dir='ltr' id='par_1_2' title="bbox 311 445 2735 2549">
     <span class='ocr_line' id='line_1_2' title="bbox 322 445 2731 538; baseline -0 -22"><span class='ocrx_word' id='word_1_3' title='bbox 322 449 582 516; x_wconf 82' lang='lat' dir='ltr'>amabat</span> <span class='ocrx_word' id='word_1_4' title='bbox 597 497 616 527; x_wconf 86' lang='lat'>‚</span> <span class='ocrx_word' id='word_1_5' title='bbox 675 445 1124 538; x_wconf 68' lang='lat' dir='ltr'>intelligebam</span> <span class='ocrx_word' id='word_1_6' title='bbox 1183 469 1290 518; x_wconf 89' lang='lat' dir='ltr'>me</span> <span class='ocrx_word' id='word_1_7' title='bbox 1341 448 1519 518; x_wconf 82' lang='lat' dir='ltr'>haud</span> <span class='ocrx_word' id='word_1_8' title='bbox 1562 468 1794 536; x_wconf 85' lang='lat' dir='ltr'>parum</span> <span class='ocrx_word' id='word_1_9' title='bbox 1837 446 2136 536; x_wconf 83' lang='lat' dir='ltr'>proficere</span> <span class='ocrx_word' id='word_1_10' title='bbox 2179 468 2453 535; x_wconf 90' lang='lat' dir='ltr'>meoque</span> <span class='ocrx_word' id='word_1_11' title='bbox 2493 450 2731 515; x_wconf 75' lang='lat' dir='ltr'>anirno</span> 
     </span>
     <span class='ocr_line' id='line_1_3' title="bbox 319 548 2731 642; baseline -0.001 -20"><span class='ocrx_word' id='word_1_12' title='bbox 319 557 502 641; x_wconf 88' lang='lat' dir='ltr'>quasi</span> <span class='ocrx_word' id='word_1_13' title='bbox 565 554 872 642; x_wconf 84' lang='lat' dir='ltr'>quosdam</span> <span class='ocrx_word' id='word_1_14' title='bbox 932 575 1160 623; x_wconf 80' lang='lat' dir='ltr'>nervos</span> <span class='ocrx_word' id='word_1_15' title='bbox 1218 556 1403 636; x_wconf 87' lang='lat' dir='ltr'>addi,</span> <span class='ocrx_word' id='word_1_16' title='bbox 1466 576 1621 623; x_wconf 86' lang='lat' dir='ltr'>nam</span> <span class='ocrx_word' id='word_1_17' title='bbox 1664 554 1924 638; x_wconf 73' lang='grc' dir='ltr'>σφοδρὸς</span> <span class='ocrx_word' id='word_1_18' title='bbox 1969 548 2039 628; x_wconf 72' lang='grc' dir='ltr'>ἦν</span> <span class='ocrx_word' id='word_1_19' title='bbox 2083 552 2196 637; x_wconf 67' lang='grc' dir='ltr'>ἐφ’</span> <span class='ocrx_word' id='word_1_20' title='bbox 2243 550 2282 619; x_wconf 77' lang='grc' dir='ltr'><em>ὅ</em></span> <span class='ocrx_word' id='word_1_21' title='bbox 2317 578 2381 620; x_wconf 73' lang='grc' dir='ltr'>τι</span> <span class='ocrx_word' id='word_1_22' title='bbox 2426 555 2731 635; x_wconf 59' lang='lat' dir='ltr'>&amp;punicus</span> 
     </span>
     <span class='ocr_line' id='line_1_4' title="bbox 317 660 2727 749; baseline -0.001 -21"><span class='ocrx_word' id='word_1_23' title='bbox 317 667 386 729; x_wconf 94' lang='lat' dir='ltr'>et</span> <span class='ocrx_word' id='word_1_24' title='bbox 449 661 756 728; x_wconf 87' lang='lat' dir='ltr'>tardiores</span> <span class='ocrx_word' id='word_1_25' title='bbox 813 660 1107 749; x_wconf 80' lang='lat' dir='ltr'>exemplo</span> <span class='ocrx_word' id='word_1_26' title='bbox 1149 683 1266 730; x_wconf 92' lang='lat' dir='ltr'>suo</span> <span class='ocrx_word' id='word_1_27' title='bbox 1308 662 1651 740; x_wconf 79' lang='lat' dir='ltr'>incitabat3</span> <span class='ocrx_word' id='word_1_28' title='bbox 1715 661 1986 748; x_wconf 90' lang='lat' dir='ltr'>denique</span> <span class='ocrx_word' id='word_1_29' title='bbox 2042 660 2340 728; x_wconf 89' lang='lat' dir='ltr'>amabam</span> <span class='ocrx_word' id='word_1_30' title='bbox 2384 660 2497 734; x_wconf 63' lang='grc' dir='ltr'>τὴν</span> <span class='ocrx_word' id='word_1_31' title='bbox 2544 661 2727 726; x_wconf 65' lang='grc' dir='ltr'>ἑκα-</span> 
     </span>
     <span class='ocr_line' id='line_1_5' title="bbox 321 765 2734 855; baseline 0 -22"><span class='ocrx_word' id='word_1_32' title='bbox 321 768 496 844; x_wconf 54' lang='lat' dir='ltr'>Aa»,</span> <span class='ocrx_word' id='word_1_33' title='bbox 566 788 727 855; x_wconf 81' lang='lat' dir='ltr'>quae</span> <span class='ocrx_word' id='word_1_34' title='bbox 793 769 1010 835; x_wconf 88' lang='lat' dir='ltr'>animo</span> <span class='ocrx_word' id='word_1_35' title='bbox 1065 770 1205 836; x_wconf 88' lang='lat' dir='ltr'>eius</span> <span class='ocrx_word' id='word_1_36' title='bbox 1263 770 1581 836; x_wconf 81' lang='lat' dir='ltr'>insidebat</span> <span class='ocrx_word' id='word_1_37' title='bbox 1599 815 1618 845; x_wconf 86' lang='lat'>‚</span> <span class='ocrx_word' id='word_1_38' title='bbox 1687 787 1842 834; x_wconf 90' lang='lat' dir='ltr'>nam</span> <span class='ocrx_word' id='word_1_39' title='bbox 1901 786 2292 854; x_wconf 88' lang='lat' dir='ltr'>quamquam</span> <span class='ocrx_word' id='word_1_40' title='bbox 2348 767 2419 833; x_wconf 90' lang='lat' dir='ltr'>in</span> <span class='ocrx_word' id='word_1_41' title='bbox 2474 765 2734 834; x_wconf 77' lang='lat' dir='ltr'>multis</span> 
     </span>
     <span class='ocr_line' id='line_1_6' title="bbox 316 872 2735 959; baseline -0 -19"><span class='ocrx_word' id='word_1_42' title='bbox 316 873 508 940; x_wconf 89' lang='lat' dir='ltr'>rebus</span> <span class='ocrx_word' id='word_1_43' title='bbox 576 874 900 940; x_wconf 87' lang='lat' dir='ltr'>fortunam</span> <span class='ocrx_word' id='word_1_44' title='bbox 965 880 1191 941; x_wconf 86' lang='lat' dir='ltr'>nactus</span> <span class='ocrx_word' id='word_1_45' title='bbox 1257 880 1394 941; x_wconf 91' lang='lat' dir='ltr'>erat</span> <span class='ocrx_word' id='word_1_46' title='bbox 1459 874 1794 943; x_wconf 81' lang='lat' dir='ltr'>adversam</span> <span class='ocrx_word' id='word_1_47' title='bbox 1811 920 1831 953; x_wconf 88' lang='lat'><strong>,</strong></span> <span class='ocrx_word' id='word_1_48' title='bbox 1901 892 2090 939; x_wconf 88' lang='lat' dir='ltr'>nemo</span> <span class='ocrx_word' id='word_1_49' title='bbox 2155 893 2306 940; x_wconf 89' lang='lat' dir='ltr'>eum</span> <span class='ocrx_word' id='word_1_50' title='bbox 2364 872 2735 959; x_wconf 72' lang='lat' dir='ltr'>superabat</span> 
     </span>
     <span class='ocr_line' id='line_1_7' title="bbox 318 976 2729 1067; baseline -0 -21"><span class='ocrx_word' id='word_1_51' title='bbox 318 980 523 1046; x_wconf 87' lang='lat' dir='ltr'>animi</span> <span class='ocrx_word' id='word_1_52' title='bbox 592 978 878 1046; x_wconf 85' lang='lat' dir='ltr'>candore.</span> <span class='ocrx_word' id='word_1_53' title='bbox 970 977 1174 1067; x_wconf 80' lang='lat' dir='ltr'>Saepe</span> <span class='ocrx_word' id='word_1_54' title='bbox 1241 986 1539 1067; x_wconf 82' lang='lat' dir='ltr'>expertus</span> <span class='ocrx_word' id='word_1_55' title='bbox 1604 984 1843 1047; x_wconf 81' lang='lat' dir='ltr'>sortem</span> <span class='ocrx_word' id='word_1_56' title='bbox 1908 980 2200 1066; x_wconf 88' lang='lat' dir='ltr'>iniquam</span> <span class='ocrx_word' id='word_1_57' title='bbox 2255 984 2322 1046; x_wconf 92' lang='lat' dir='ltr'>et</span> <span class='ocrx_word' id='word_1_58' title='bbox 2376 976 2729 1046; x_wconf 81' lang='lat' dir='ltr'>crudelem</span> 
     </span>
     <span class='ocr_line' id='line_1_8' title="bbox 317 1084 2730 1172; baseline 0 -20"><span class='ocrx_word' id='word_1_59' title='bbox 317 1085 472 1152; x_wconf 86' lang='lat' dir='ltr'>adeo</span> <span class='ocrx_word' id='word_1_60' title='bbox 490 1133 509 1163; x_wconf 86' lang='lat'>‚</span> <span class='ocrx_word' id='word_1_61' title='bbox 554 1105 682 1152; x_wconf 93' lang='lat' dir='ltr'>non</span> <span class='ocrx_word' id='word_1_62' title='bbox 725 1091 944 1152; x_wconf 90' lang='lat' dir='ltr'>tamen</span> <span class='ocrx_word' id='word_1_63' title='bbox 987 1105 1277 1154; x_wconf 88' lang='lat' dir='ltr'>morosus</span> <span class='ocrx_word' id='word_1_64' title='bbox 1312 1086 1521 1153; x_wconf 85' lang='lat' dir='ltr'>factus</span> <span class='ocrx_word' id='word_1_65' title='bbox 1556 1092 1727 1164; x_wconf 87' lang='lat' dir='ltr'>erat,</span> <span class='ocrx_word' id='word_1_66' title='bbox 1773 1084 1885 1152; x_wconf 98' lang='grc' dir='ltr'>θοὰ</span> <span class='ocrx_word' id='word_1_67' title='bbox 1922 1104 2105 1151; x_wconf 89' lang='lat' dir='ltr'>mens</span> <span class='ocrx_word' id='word_1_68' title='bbox 2137 1084 2297 1152; x_wconf 90' lang='lat' dir='ltr'>bene</span> <span class='ocrx_word' id='word_1_69' title='bbox 2332 1091 2730 1172; x_wconf 67' lang='lat' dir='ltr'>praeparata</span> 
     </span>
     <span class='ocr_line' id='line_1_9' title="bbox 316 1189 2729 1279; baseline 0 -21"><span class='ocrx_word' id='word_1_70' title='bbox 316 1191 610 1279; x_wconf 86' lang='lat' dir='ltr'>sperabat</span> <span class='ocrx_word' id='word_1_71' title='bbox 668 1192 859 1259; x_wconf 88' lang='lat' dir='ltr'>rebus</span> <span class='ocrx_word' id='word_1_72' title='bbox 918 1191 1202 1259; x_wconf 81' lang='lat' dir='ltr'>adversis</span> <span class='ocrx_word' id='word_1_73' title='bbox 1243 1198 1311 1259; x_wconf 90' lang='lat' dir='ltr'>et</span> <span class='ocrx_word' id='word_1_74' title='bbox 1325 1240 1345 1271; x_wconf 90' lang='lat'><em>,</em></span> <span class='ocrx_word' id='word_1_75' title='bbox 1392 1194 1451 1259; x_wconf 91' lang='lat' dir='ltr'>si</span> <span class='ocrx_word' id='word_1_76' title='bbox 1495 1213 1690 1279; x_wconf 88' lang='lat' dir='ltr'>quem</span> <span class='ocrx_word' id='word_1_77' title='bbox 1734 1192 1860 1258; x_wconf 90' lang='lat' dir='ltr'>sibi</span> <span class='ocrx_word' id='word_1_78' title='bbox 1900 1191 2203 1278; x_wconf 75' lang='lat' dir='ltr'>praeponi</span> <span class='ocrx_word' id='word_1_79' title='bbox 2244 1189 2489 1256; x_wconf 77' lang='lat' dir='ltr'>videret</span> <span class='ocrx_word' id='word_1_80' title='bbox 2504 1238 2529 1268; x_wconf 89' lang='lat'>,</span> <span class='ocrx_word' id='word_1_81' title='bbox 2584 1211 2729 1258; x_wconf 81' lang='lat' dir='ltr'>nun</span> 
     </span>
     <span class='ocr_line' id='line_1_10' title="bbox 319 1293 2723 1387; baseline 0.001 -24"><span class='ocrx_word' id='word_1_82' title='bbox 319 1296 744 1375; x_wconf 83' lang='lat' dir='ltr'>irascebatur,</span> <span class='ocrx_word' id='word_1_83' title='bbox 830 1295 942 1363; x_wconf 98' lang='grc' dir='ltr'>θοὰ</span> <span class='ocrx_word' id='word_1_84' title='bbox 1009 1297 1383 1387; x_wconf 77' lang='lat' dir='ltr'>accingebat</span> <span class='ocrx_word' id='word_1_85' title='bbox 1447 1318 1516 1364; x_wconf 92' lang='lat' dir='ltr'>se</span> <span class='ocrx_word' id='word_1_86' title='bbox 1581 1297 1662 1364; x_wconf 86' lang='lat' dir='ltr'>ad</span> <span class='ocrx_word' id='word_1_87' title='bbox 1728 1295 1890 1364; x_wconf 89' lang='lat' dir='ltr'>alios</span> <span class='ocrx_word' id='word_1_88' title='bbox 1952 1296 2201 1364; x_wconf 89' lang='lat' dir='ltr'>labores</span> <span class='ocrx_word' id='word_1_89' title='bbox 2263 1293 2723 1365; x_wconf 75' lang='lat' dir='ltr'>exantlandos.</span> 
     </span>
     <span class='ocr_line' id='line_1_11' title="bbox 316 1400 2725 1490; baseline 0 -21"><span class='ocrx_word' id='word_1_90' title='bbox 316 1400 578 1469; x_wconf 73' lang='lat' dir='ltr'>Scilicet</span> <span class='ocrx_word' id='word_1_91' title='bbox 644 1404 757 1478; x_wconf 66' lang='grc' dir='ltr'>τὴν</span> <span class='ocrx_word' id='word_1_92' title='bbox 819 1400 1195 1484; x_wconf 69' lang='grc' dir='ltr'>αὐτάρκειαν</span> <span class='ocrx_word' id='word_1_93' title='bbox 1254 1406 1388 1470; x_wconf 89' lang='lat' dir='ltr'>iam</span> <span class='ocrx_word' id='word_1_94' title='bbox 1444 1409 1698 1470; x_wconf 85' lang='lat' dir='ltr'>mature</span> <span class='ocrx_word' id='word_1_95' title='bbox 1756 1404 2154 1490; x_wconf 69' lang='lat' dir='ltr'>quaesiverat</span> <span class='ocrx_word' id='word_1_96' title='bbox 2206 1407 2273 1470; x_wconf 83' lang='lat' dir='ltr'>et</span> <span class='ocrx_word' id='word_1_97' title='bbox 2328 1404 2725 1481; x_wconf 78' lang='lat' dir='ltr'>invenerat;</span> 
     </span>
     <span class='ocr_line' id='line_1_12' title="bbox 315 1508 2725 1596; baseline 0 -21"><span class='ocrx_word' id='word_1_98' title='bbox 315 1508 465 1575; x_wconf 85' lang='lat' dir='ltr'>hine</span> <span class='ocrx_word' id='word_1_99' title='bbox 527 1529 886 1595; x_wconf 90' lang='lat' dir='ltr'>numquam</span> <span class='ocrx_word' id='word_1_100' title='bbox 944 1508 1372 1596; x_wconf 72' lang='lat' dir='ltr'>despondebat</span> <span class='ocrx_word' id='word_1_101' title='bbox 1415 1511 1710 1575; x_wconf 91' lang='lat' dir='ltr'>animum</span> <span class='ocrx_word' id='word_1_102' title='bbox 1754 1513 1822 1574; x_wconf 91' lang='lat' dir='ltr'>et</span> <span class='ocrx_word' id='word_1_103' title='bbox 1837 1555 1857 1588; x_wconf 88' lang='lat'><em>,</em></span> <span class='ocrx_word' id='word_1_104' title='bbox 1919 1510 1978 1574; x_wconf 92' lang='lat' dir='ltr'>si</span> <span class='ocrx_word' id='word_1_105' title='bbox 2020 1508 2175 1595; x_wconf 90' lang='lat' dir='ltr'>quid</span> <span class='ocrx_word' id='word_1_106' title='bbox 2219 1509 2283 1575; x_wconf 93' lang='lat' dir='ltr'>ei</span> <span class='ocrx_word' id='word_1_107' title='bbox 2322 1508 2485 1574; x_wconf 83' lang='lat' dir='ltr'>forte</span> <span class='ocrx_word' id='word_1_108' title='bbox 2533 1512 2725 1576; x_wconf 80' lang='lat' dir='ltr'>exci-</span> 
     </span>
     <span class='ocr_line' id='line_1_13' title="bbox 316 1611 2727 1705; baseline 0.001 -25"><span class='ocrx_word' id='word_1_109' title='bbox 316 1613 506 1680; x_wconf 82' lang='lat' dir='ltr'>debat</span> <span class='ocrx_word' id='word_1_110' title='bbox 547 1611 937 1681; x_wconf 77' lang='lat' dir='ltr'>vocabulum</span> <span class='ocrx_word' id='word_1_111' title='bbox 980 1612 1462 1694; x_wconf 86' lang='lat' dir='ltr'>inclementius,</span> <span class='ocrx_word' id='word_1_112' title='bbox 1510 1619 1860 1682; x_wconf 80' lang='lat' dir='ltr'>extorserat</span> <span class='ocrx_word' id='word_1_113' title='bbox 1902 1612 2070 1681; x_wconf 85' lang='lat' dir='ltr'>fflud</span> <span class='ocrx_word' id='word_1_114' title='bbox 2103 1615 2493 1705; x_wconf 82' lang='lat' dir='ltr'>indignatio;</span> <span class='ocrx_word' id='word_1_115' title='bbox 2533 1615 2727 1683; x_wconf 76' lang='lat' dir='ltr'>invi-</span> 
     </span>
     <span class='ocr_line' id='line_1_14' title="bbox 314 1718 2729 1808; baseline 0 -22"><span class='ocrx_word' id='word_1_116' title='bbox 314 1718 458 1786; x_wconf 90' lang='lat' dir='ltr'>diae</span> <span class='ocrx_word' id='word_1_117' title='bbox 499 1739 734 1786; x_wconf 90' lang='lat' dir='ltr'>nomen</span> <span class='ocrx_word' id='word_1_118' title='bbox 775 1741 857 1787; x_wconf 91' lang='lat' dir='ltr'>ne</span> <span class='ocrx_word' id='word_1_119' title='bbox 898 1725 1084 1787; x_wconf 89' lang='lat' dir='ltr'>norat</span> <span class='ocrx_word' id='word_1_120' title='bbox 1125 1721 1406 1807; x_wconf 83' lang='lat' dir='ltr'>quidem.</span> <span class='ocrx_word' id='word_1_121' title='bbox 1454 1719 1664 1789; x_wconf 83' lang='lat' dir='ltr'>Verbo</span> <span class='ocrx_word' id='word_1_122' title='bbox 1677 1767 1697 1800; x_wconf 88' lang='lat'><strong>,</strong></span> <span class='ocrx_word' id='word_1_123' title='bbox 1743 1721 2040 1788; x_wconf 84' lang='lat' dir='ltr'>amabam</span> <span class='ocrx_word' id='word_1_124' title='bbox 2075 1720 2405 1788; x_wconf 88' lang='lat' dir='ltr'>bominem</span> <span class='ocrx_word' id='word_1_125' title='bbox 2434 1721 2729 1808; x_wconf 80' lang='lat' dir='ltr'>ejusque</span> 
     </span>
     <span class='ocr_line' id='line_1_15' title="bbox 315 1823 2727 1916; baseline 0 -23"><span class='ocrx_word' id='word_1_126' title='bbox 315 1828 699 1893; x_wconf 87' lang='lat' dir='ltr'>memoriam</span> <span class='ocrx_word' id='word_1_127' title='bbox 738 1828 842 1913; x_wconf 85' lang='lat' dir='ltr'>pie</span> <span class='ocrx_word' id='word_1_128' title='bbox 877 1825 1082 1894; x_wconf 90' lang='lat' dir='ltr'>colere</span> <span class='ocrx_word' id='word_1_129' title='bbox 1115 1847 1417 1916; x_wconf 80' lang='lat' dir='ltr'>pergam3</span> <span class='ocrx_word' id='word_1_130' title='bbox 1465 1825 1789 1914; x_wconf 84' lang='lat' dir='ltr'>permulta</span> <span class='ocrx_word' id='word_1_131' title='bbox 1802 1875 1822 1906; x_wconf 90' lang='lat'><em>,</em></span> <span class='ocrx_word' id='word_1_132' title='bbox 1870 1827 2115 1894; x_wconf 84' lang='lat' dir='ltr'>fatebor</span> <span class='ocrx_word' id='word_1_133' title='bbox 2148 1828 2354 1904; x_wconf 87' lang='lat' dir='ltr'>enim,</span> <span class='ocrx_word' id='word_1_134' title='bbox 2399 1826 2462 1892; x_wconf 91' lang='lat' dir='ltr'>ei</span> <span class='ocrx_word' id='word_1_135' title='bbox 2495 1823 2727 1893; x_wconf 79' lang='lat' dir='ltr'>debeo</span> 
     </span>
     <span class='ocr_line' id='line_1_16' title="bbox 313 1931 2727 2020; baseline -0.001 -20"><span class='ocrx_word' id='word_1_136' title='bbox 313 1937 413 2011; x_wconf 83' lang='lat' dir='ltr'>et,</span> <span class='ocrx_word' id='word_1_137' title='bbox 483 1933 542 1998; x_wconf 92' lang='lat' dir='ltr'>si</span> <span class='ocrx_word' id='word_1_138' title='bbox 606 1931 762 2018; x_wconf 90' lang='lat' dir='ltr'>quid</span> <span class='ocrx_word' id='word_1_139' title='bbox 825 1934 895 1997; x_wconf 90' lang='lat' dir='ltr'>in</span> <span class='ocrx_word' id='word_1_140' title='bbox 959 1931 1064 1998; x_wconf 87' lang='lat' dir='ltr'>his</span> <span class='ocrx_word' id='word_1_141' title='bbox 1117 1931 1326 1999; x_wconf 88' lang='lat' dir='ltr'>literis</span> <span class='ocrx_word' id='word_1_142' title='bbox 1378 1933 1601 2011; x_wconf 77' lang='lat' dir='ltr'>video,</span> <span class='ocrx_word' id='word_1_143' title='bbox 1654 1932 1843 2020; x_wconf 66' lang='lat' dir='ltr'>*quod</span> <span class='ocrx_word' id='word_1_144' title='bbox 1899 1933 2094 2019; x_wconf 89' lang='lat' dir='ltr'>probe</span> <span class='ocrx_word' id='word_1_145' title='bbox 2144 1933 2299 1999; x_wconf 76' lang='lat' dir='ltr'>novi</span> <span class='ocrx_word' id='word_1_146' title='bbox 2354 1951 2557 2017; x_wconf 88' lang='lat' dir='ltr'>quam</span> <span class='ocrx_word' id='word_1_147' title='bbox 2626 1934 2727 1999; x_wconf 87' lang='lat' dir='ltr'>sit</span> 
     </span>
     <span class='ocr_line' id='line_1_17' title="bbox 317 2036 2725 2128; baseline 0 -24"><span class='ocrx_word' id='word_1_148' title='bbox 317 2040 669 2128; x_wconf 82' lang='lat' dir='ltr'>exiguum,</span> <span class='ocrx_word' id='word_1_149' title='bbox 737 2036 849 2104; x_wconf 98' lang='grc' dir='ltr'>θοὰ</span> <span class='ocrx_word' id='word_1_150' title='bbox 894 2043 1112 2104; x_wconf 87' lang='lat' dir='ltr'>tamen</span> <span class='ocrx_word' id='word_1_151' title='bbox 1157 2038 1216 2104; x_wconf 91' lang='lat' dir='ltr'>si</span> <span class='ocrx_word' id='word_1_152' title='bbox 1258 2038 1415 2124; x_wconf 89' lang='lat' dir='ltr'>quid</span> <span class='ocrx_word' id='word_1_153' title='bbox 1455 2038 1673 2118; x_wconf 81' lang='lat' dir='ltr'>video,</span> <span class='ocrx_word' id='word_1_154' title='bbox 1732 2037 1855 2105; x_wconf 84' lang='lat' dir='ltr'>hoc</span> <span class='ocrx_word' id='word_1_155' title='bbox 1899 2058 2088 2105; x_wconf 88' lang='lat' dir='ltr'>omne</span> <span class='ocrx_word' id='word_1_156' title='bbox 2129 2037 2332 2105; x_wconf 83' lang='lat' dir='ltr'>refero</span> <span class='ocrx_word' id='word_1_157' title='bbox 2376 2042 2518 2102; x_wconf 89' lang='lat' dir='ltr'>tum</span> <span class='ocrx_word' id='word_1_158' title='bbox 2572 2056 2725 2105; x_wconf 68' lang='lat' dir='ltr'>aas·</span> 
     </span>
     <span class='ocr_line' id='line_1_18' title="bbox 316 2141 2723 2231; baseline -0 -20"><span class='ocrx_word' id='word_1_159' title='bbox 316 2145 770 2211; x_wconf 83' lang='lat' dir='ltr'>tumatissimis</span> <span class='ocrx_word' id='word_1_160' title='bbox 811 2142 1324 2231; x_wconf 77' lang='lat' dir='ltr'>praeceptoribus</span> <span class='ocrx_word' id='word_1_161' title='bbox 1337 2190 1357 2221; x_wconf 88' lang='lat'><em>,</em></span> <span class='ocrx_word' id='word_1_162' title='bbox 1406 2149 1553 2210; x_wconf 82' lang='lat' dir='ltr'>tum</span> <span class='ocrx_word' id='word_1_163' title='bbox 1594 2144 1748 2211; x_wconf 85' lang='lat' dir='ltr'>huie</span> <span class='ocrx_word' id='word_1_164' title='bbox 1791 2141 1967 2211; x_wconf 85' lang='lat' dir='ltr'>fideli</span> <span class='ocrx_word' id='word_1_165' title='bbox 2010 2145 2218 2210; x_wconf 89' lang='lat' dir='ltr'>amico</span> <span class='ocrx_word' id='word_1_166' title='bbox 2234 2191 2255 2223; x_wconf 87' lang='lat'><em>,</em></span> <span class='ocrx_word' id='word_1_167' title='bbox 2302 2145 2415 2230; x_wconf 89' lang='lat' dir='ltr'>qui</span> <span class='ocrx_word' id='word_1_168' title='bbox 2448 2144 2723 2229; x_wconf 85' lang='lat' dir='ltr'>primos</span> 
     </span>
     <span class='ocr_line' id='line_1_19' title="bbox 316 2248 2721 2338; baseline 0 -22"><span class='ocrx_word' id='word_1_169' title='bbox 316 2249 555 2338; x_wconf 77' lang='lat' dir='ltr'>gradus</span> <span class='ocrx_word' id='word_1_170' title='bbox 614 2248 836 2316; x_wconf 90' lang='lat' dir='ltr'>sedulo</span> <span class='ocrx_word' id='word_1_171' title='bbox 884 2251 1122 2317; x_wconf 85' lang='lat' dir='ltr'>rexerit</span> <span class='ocrx_word' id='word_1_172' title='bbox 1162 2253 1658 2337; x_wconf 74' lang='lat' dir='ltr'>monstrat-itque</span> <span class='ocrx_word' id='word_1_173' title='bbox 1699 2252 1951 2337; x_wconf 89' lang='lat' dir='ltr'>primus</span> <span class='ocrx_word' id='word_1_174' title='bbox 1964 2297 1983 2327; x_wconf 86' lang='lat'>‚</span> <span class='ocrx_word' id='word_1_175' title='bbox 2030 2269 2232 2336; x_wconf 90' lang='lat' dir='ltr'>quum</span> <span class='ocrx_word' id='word_1_176' title='bbox 2273 2248 2547 2316; x_wconf 88' lang='lat' dir='ltr'>Leidam</span> <span class='ocrx_word' id='word_1_177' title='bbox 2598 2268 2721 2316; x_wconf 73' lang='lat' dir='ltr'>ve—</span> 
     </span>
     <span class='ocr_line' id='line_1_20' title="bbox 312 2351 2719 2442; baseline 0 -22"><span class='ocrx_word' id='word_1_178' title='bbox 312 2356 584 2434; x_wconf 74' lang='lat' dir='ltr'>nissm,</span> <span class='ocrx_word' id='word_1_179' title='bbox 648 2356 786 2442; x_wconf 90' lang='lat' dir='ltr'>ipse</span> <span class='ocrx_word' id='word_1_180' title='bbox 830 2359 1050 2421; x_wconf 88' lang='lat' dir='ltr'>autem</span> <span class='ocrx_word' id='word_1_181' title='bbox 1092 2360 1355 2424; x_wconf 77' lang='lat' dir='ltr'>venerat</span> <span class='ocrx_word' id='word_1_182' title='bbox 1395 2376 1561 2424; x_wconf 88' lang='lat' dir='ltr'>anno</span> <span class='ocrx_word' id='word_1_183' title='bbox 1605 2359 1785 2434; x_wconf 86' lang='lat' dir='ltr'>ante,</span> <span class='ocrx_word' id='word_1_184' title='bbox 1848 2375 2045 2441; x_wconf 87' lang='lat' dir='ltr'>quam</span> <span class='ocrx_word' id='word_1_185' title='bbox 2088 2356 2266 2423; x_wconf 71' lang='lat' dir='ltr'>viam</span> <span class='ocrx_word' id='word_1_186' title='bbox 2309 2355 2380 2421; x_wconf 97' lang='lat' dir='ltr'>in</span> <span class='ocrx_word' id='word_1_187' title='bbox 2421 2351 2545 2420; x_wconf 84' lang='lat' dir='ltr'>illa</span> <span class='ocrx_word' id='word_1_188' title='bbox 2594 2374 2719 2441; x_wconf 67' lang='lat' dir='ltr'>pa-</span> 
     </span>
     <span class='ocr_line' id='line_1_21' title="bbox 311 2458 1131 2549; baseline 0 -21"><span class='ocrx_word' id='word_1_189' title='bbox 311 2458 547 2528; x_wconf 82' lang='lat' dir='ltr'>laestra</span> <span class='ocrx_word' id='word_1_190' title='bbox 592 2462 772 2549; x_wconf 88' lang='lat' dir='ltr'>sequi</span> <span class='ocrx_word' id='word_1_191' title='bbox 816 2460 1131 2528; x_wconf 84' lang='lat' dir='ltr'>deberem.</span> 
     </span>
    </p>

    <p class='ocr_par' dir='ltr' id='par_1_3' title="bbox 300 2564 2721 4450">
     <span class='ocr_line' id='line_1_22' title="bbox 402 2564 2721 2655; baseline 0.001 -23"><span class='ocrx_word' id='word_1_192' title='bbox 402 2564 738 2653; x_wconf 84' lang='lat' dir='ltr'>Superiore</span> <span class='ocrx_word' id='word_1_193' title='bbox 793 2566 1148 2635; x_wconf 77' lang='lat' dir='ltr'>Novembri</span> <span class='ocrx_word' id='word_1_194' title='bbox 1204 2589 1423 2636; x_wconf 88' lang='lat' dir='ltr'>mense</span> <span class='ocrx_word' id='word_1_195' title='bbox 1481 2573 1739 2655; x_wconf 91' lang='lat' dir='ltr'>repente</span> <span class='ocrx_word' id='word_1_196' title='bbox 1799 2570 2150 2635; x_wconf 81' lang='lat' dir='ltr'>exstinctus</span> <span class='ocrx_word' id='word_1_197' title='bbox 2207 2571 2305 2634; x_wconf 87' lang='lat' dir='ltr'>est</span> <span class='ocrx_word' id='word_1_198' title='bbox 2362 2568 2432 2632; x_wconf 88' lang='lat' dir='ltr'>in</span> <span class='ocrx_word' id='word_1_199' title='bbox 2473 2564 2721 2635; x_wconf 81' lang='lat' dir='ltr'>medio</span> 
     </span>
     <span class='ocr_line' id='line_1_23' title="bbox 310 2670 2721 2759; baseline 0 -20"><span class='ocrx_word' id='word_1_200' title='bbox 310 2691 534 2750; x_wconf 78' lang='lat' dir='ltr'>cursu3</span> <span class='ocrx_word' id='word_1_201' title='bbox 580 2674 1059 2759; x_wconf 80' lang='lat' dir='ltr'>necopinantem</span> <span class='ocrx_word' id='word_1_202' title='bbox 1110 2674 1344 2741; x_wconf 90' lang='lat' dir='ltr'>occidit</span> <span class='ocrx_word' id='word_1_203' title='bbox 1381 2695 1529 2741; x_wconf 87' lang='lat' dir='ltr'>eum</span> <span class='ocrx_word' id='word_1_204' title='bbox 1570 2673 1777 2742; x_wconf 88' lang='lat' dir='ltr'>cordis</span> <span class='ocrx_word' id='word_1_205' title='bbox 1813 2675 2193 2757; x_wconf 68' lang='grc' dir='ltr'>ἆνεῦρυσμα.</span> <span class='ocrx_word' id='word_1_206' title='bbox 2253 2670 2721 2741; x_wconf 67' lang='grc' dir='ltr'>ΝἰῐιΞΙιιιᾶηοι</span> 
     </span>
     <span class='ocr_line' id='line_1_24' title="bbox 304 2775 2716 2867; baseline -0 -22"><span class='ocrx_word' id='word_1_207' title='bbox 304 2775 596 2865; x_wconf 88' lang='lat' dir='ltr'>proloqui</span> <span class='ocrx_word' id='word_1_208' title='bbox 609 2825 628 2855; x_wconf 86' lang='lat'>‚</span> <span class='ocrx_word' id='word_1_209' title='bbox 675 2798 870 2865; x_wconf 89' lang='lat' dir='ltr'>quam</span> <span class='ocrx_word' id='word_1_210' title='bbox 914 2780 1202 2867; x_wconf 77' lang='lat' dir='ltr'>graviter</span> <span class='ocrx_word' id='word_1_211' title='bbox 1244 2800 1395 2847; x_wconf 90' lang='lat' dir='ltr'>eum</span> <span class='ocrx_word' id='word_1_212' title='bbox 1441 2800 1662 2846; x_wconf 84' lang='lat' dir='ltr'>casum</span> <span class='ocrx_word' id='word_1_213' title='bbox 1706 2784 1774 2845; x_wconf 90' lang='lat' dir='ltr'>et</span> <span class='ocrx_word' id='word_1_214' title='bbox 1826 2780 2093 2848; x_wconf 89' lang='lat' dir='ltr'>tulerim</span> <span class='ocrx_word' id='word_1_215' title='bbox 2132 2785 2199 2847; x_wconf 85' lang='lat' dir='ltr'>et</span> <span class='ocrx_word' id='word_1_216' title='bbox 2236 2798 2404 2845; x_wconf 86' lang='lat' dir='ltr'>nunc</span> <span class='ocrx_word' id='word_1_217' title='bbox 2438 2796 2716 2864; x_wconf 85' lang='lat' dir='ltr'>quoque</span> 
     </span>
     <span class='ocr_line' id='line_1_25' title="bbox 305 2882 2711 2972; baseline -0 -23"><span class='ocrx_word' id='word_1_218' title='bbox 305 2884 541 2963; x_wconf 78' lang='lat' dir='ltr'>feram3</span> <span class='ocrx_word' id='word_1_219' title='bbox 613 2882 725 2950; x_wconf 89' lang='lat' dir='ltr'>sed</span> <span class='ocrx_word' id='word_1_220' title='bbox 783 2889 1000 2951; x_wconf 91' lang='lat' dir='ltr'>tamen</span> <span class='ocrx_word' id='word_1_221' title='bbox 1060 2890 1206 2972; x_wconf 90' lang='lat' dir='ltr'>post</span> <span class='ocrx_word' id='word_1_222' title='bbox 1264 2885 1518 2952; x_wconf 86' lang='lat' dir='ltr'>obitum</span> <span class='ocrx_word' id='word_1_223' title='bbox 1578 2887 1715 2971; x_wconf 90' lang='lat' dir='ltr'>ejus</span> <span class='ocrx_word' id='word_1_224' title='bbox 1771 2887 2071 2953; x_wconf 88' lang='lat' dir='ltr'>continuo</span> <span class='ocrx_word' id='word_1_225' title='bbox 2127 2884 2260 2952; x_wconf 89' lang='lat' dir='ltr'>adii</span> <span class='ocrx_word' id='word_1_226' title='bbox 2301 2889 2551 2972; x_wconf 77' lang='lat' dir='ltr'>patrem</span> <span class='ocrx_word' id='word_1_227' title='bbox 2608 2921 2711 2935; x_wconf 93' lang='lat'>—</span> 
     </span>
     <span class='ocr_line' id='line_1_26' title="bbox 303 2987 2711 3078; baseline 0.001 -23"><span class='ocrx_word' id='word_1_228' title='bbox 303 2987 737 3056; x_wconf 78' lang='lat' dir='ltr'>venerabilem</span> <span class='ocrx_word' id='word_1_229' title='bbox 781 3010 1028 3068; x_wconf 89' lang='lat' dir='ltr'>senem,</span> <span class='ocrx_word' id='word_1_230' title='bbox 1091 2991 1204 3078; x_wconf 90' lang='lat' dir='ltr'>qui</span> <span class='ocrx_word' id='word_1_231' title='bbox 1257 2993 1327 3056; x_wconf 88' lang='lat' dir='ltr'>in</span> <span class='ocrx_word' id='word_1_232' title='bbox 1372 2988 1597 3057; x_wconf 84' lang='lat' dir='ltr'>Gelria</span> <span class='ocrx_word' id='word_1_233' title='bbox 1637 3010 1855 3057; x_wconf 88' lang='lat' dir='ltr'>rerum</span> <span class='ocrx_word' id='word_1_234' title='bbox 1899 2989 2295 3058; x_wconf 86' lang='lat' dir='ltr'>modicarum</span> <span class='ocrx_word' id='word_1_235' title='bbox 2332 2987 2711 3076; x_wconf 70' lang='lat' dir='ltr'>praefectus</span> 
     </span>
     <span class='ocr_line' id='line_1_27' title="bbox 306 3091 2709 3183; baseline 0 -22"><span class='ocrx_word' id='word_1_236' title='bbox 306 3099 404 3161; x_wconf 90' lang='lat' dir='ltr'>est</span> <span class='ocrx_word' id='word_1_237' title='bbox 443 3132 530 3144; x_wconf 96' lang='lat'>—</span> <span class='ocrx_word' id='word_1_238' title='bbox 565 3115 692 3161; x_wconf 90' lang='lat' dir='ltr'>non</span> <span class='ocrx_word' id='word_1_239' title='bbox 727 3100 806 3161; x_wconf 89' lang='lat' dir='ltr'>ut</span> <span class='ocrx_word' id='word_1_240' title='bbox 842 3095 1225 3176; x_wconf 86' lang='lat' dir='ltr'>consolarer;</span> <span class='ocrx_word' id='word_1_241' title='bbox 1267 3098 1380 3183; x_wconf 87' lang='lat' dir='ltr'>qui</span> <span class='ocrx_word' id='word_1_242' title='bbox 1416 3098 1591 3163; x_wconf 87' lang='lat' dir='ltr'>enim</span> <span class='ocrx_word' id='word_1_243' title='bbox 1628 3093 2024 3182; x_wconf 74' lang='lat' dir='ltr'>potuissem?</span> <span class='ocrx_word' id='word_1_244' title='bbox 2062 3133 2149 3146; x_wconf 93' lang='lat'><strong>—</strong></span> <span class='ocrx_word' id='word_1_245' title='bbox 2187 3094 2299 3162; x_wconf 97' lang='grc' dir='ltr'>θοὰ</span> <span class='ocrx_word' id='word_1_246' title='bbox 2331 3091 2709 3161; x_wconf 81' lang='lat' dir='ltr'>utunado-</span> 
     </span>
     <span class='ocr_line' id='line_1_28' title="bbox 303 3196 2707 3290; baseline 0.002 -26"><span class='ocrx_word' id='word_1_247' title='bbox 303 3196 524 3265; x_wconf 87' lang='lat' dir='ltr'>lerem.</span> <span class='ocrx_word' id='word_1_248' title='bbox 588 3197 804 3266; x_wconf 84' lang='lat' dir='ltr'>Simul</span> <span class='ocrx_word' id='word_1_249' title='bbox 834 3205 1059 3290; x_wconf 76' lang='lat' dir='ltr'>rog-avi</span> <span class='ocrx_word' id='word_1_250' title='bbox 1097 3207 1175 3269; x_wconf 89' lang='lat' dir='ltr'>ut</span> <span class='ocrx_word' id='word_1_251' title='bbox 1211 3222 1395 3269; x_wconf 90' lang='lat' dir='ltr'>meae</span> <span class='ocrx_word' id='word_1_252' title='bbox 1431 3198 1582 3269; x_wconf 85' lang='lat' dir='ltr'>fidei</span> <span class='ocrx_word' id='word_1_253' title='bbox 1619 3202 2052 3269; x_wconf 86' lang='lat' dir='ltr'>committeret</span> <span class='ocrx_word' id='word_1_254' title='bbox 2066 3247 2085 3279; x_wconf 87' lang='lat'><em>,</em></span> <span class='ocrx_word' id='word_1_255' title='bbox 2125 3202 2183 3268; x_wconf 89' lang='lat' dir='ltr'>si</span> <span class='ocrx_word' id='word_1_256' title='bbox 2205 3199 2361 3288; x_wconf 86' lang='lat' dir='ltr'>quid</span> <span class='ocrx_word' id='word_1_257' title='bbox 2380 3197 2707 3268; x_wconf 80' lang='lat' dir='ltr'>Ernestus</span> 
     </span>
     <span class='ocr_line' id='line_1_29' title="bbox 302 3302 2699 3397; baseline 0 -27"><span class='ocrx_word' id='word_1_258' title='bbox 302 3302 698 3391; x_wconf 81' lang='lat' dir='ltr'>reliquisset,</span> <span class='ocrx_word' id='word_1_259' title='bbox 769 3306 940 3393; x_wconf 92' lang='lat' dir='ltr'>quod</span> <span class='ocrx_word' id='word_1_260' title='bbox 1006 3307 1278 3397; x_wconf 78' lang='lat' dir='ltr'>dig-num</span> <span class='ocrx_word' id='word_1_261' title='bbox 1343 3308 1708 3386; x_wconf 80' lang='lat' dir='ltr'>videretur,</span> <span class='ocrx_word' id='word_1_262' title='bbox 1796 3306 1967 3394; x_wconf 87' lang='lat' dir='ltr'>quod</span> <span class='ocrx_word' id='word_1_263' title='bbox 2032 3306 2148 3374; x_wconf 87' lang='lat' dir='ltr'>alii</span> <span class='ocrx_word' id='word_1_264' title='bbox 2214 3312 2699 3395; x_wconf 78' lang='lat' dir='ltr'>cognoscerent.</span> 
     </span>
     <span class='ocr_line' id='line_1_30' title="bbox 304 3407 2702 3501; baseline 0.001 -25"><span class='ocrx_word' id='word_1_265' title='bbox 304 3407 565 3476; x_wconf 84' lang='lat' dir='ltr'>Scilicet</span> <span class='ocrx_word' id='word_1_266' title='bbox 610 3410 725 3478; x_wconf 88' lang='lat' dir='ltr'>diu</span> <span class='ocrx_word' id='word_1_267' title='bbox 768 3420 899 3490; x_wconf 88' lang='lat' dir='ltr'>est,</span> <span class='ocrx_word' id='word_1_268' title='bbox 966 3435 1044 3480; x_wconf 84' lang='lat' dir='ltr'>ex</span> <span class='ocrx_word' id='word_1_269' title='bbox 1089 3434 1216 3501; x_wconf 93' lang='lat' dir='ltr'>quo</span> <span class='ocrx_word' id='word_1_270' title='bbox 1263 3417 1508 3481; x_wconf 87' lang='lat' dir='ltr'>amicus</span> <span class='ocrx_word' id='word_1_271' title='bbox 1550 3435 1738 3481; x_wconf 90' lang='lat' dir='ltr'>meus</span> <span class='ocrx_word' id='word_1_272' title='bbox 1782 3413 2032 3481; x_wconf 84' lang='lat' dir='ltr'>Literas</span> <span class='ocrx_word' id='word_1_273' title='bbox 2073 3411 2337 3480; x_wconf 83' lang='lat' dir='ltr'>Latinas</span> <span class='ocrx_word' id='word_1_274' title='bbox 2379 3415 2445 3477; x_wconf 91' lang='lat' dir='ltr'>et</span> <span class='ocrx_word' id='word_1_275' title='bbox 2490 3407 2702 3479; x_wconf 73' lang='lat' dir='ltr'>Grae—</span> 
     </span>
     <span class='ocr_line' id='line_1_31' title="bbox 303 3514 2697 3607; baseline 0.001 -26"><span class='ocrx_word' id='word_1_276' title='bbox 303 3535 409 3581; x_wconf 87' lang='lat' dir='ltr'>cas</span> <span class='ocrx_word' id='word_1_277' title='bbox 450 3514 643 3602; x_wconf 84' lang='lat' dir='ltr'>paulo</span> <span class='ocrx_word' id='word_1_278' title='bbox 686 3519 1015 3586; x_wconf 89' lang='lat' dir='ltr'>remissius</span> <span class='ocrx_word' id='word_1_279' title='bbox 1068 3518 1270 3587; x_wconf 87' lang='lat' dir='ltr'>colere</span> <span class='ocrx_word' id='word_1_280' title='bbox 1315 3522 1542 3607; x_wconf 86' lang='lat' dir='ltr'>coepit.</span> <span class='ocrx_word' id='word_1_281' title='bbox 1634 3519 1675 3586; x_wconf 83' lang='lat' dir='ltr'><strong>J</strong></span> <span class='ocrx_word' id='word_1_282' title='bbox 1675 3540 1782 3586; x_wconf 87' lang='lat' dir='ltr'>am</span> <span class='ocrx_word' id='word_1_283' title='bbox 1830 3519 1911 3586; x_wconf 90' lang='lat' dir='ltr'>ab</span> <span class='ocrx_word' id='word_1_284' title='bbox 1938 3521 2214 3586; x_wconf 87' lang='lat' dir='ltr'>ineunte</span> <span class='ocrx_word' id='word_1_285' title='bbox 2258 3521 2466 3585; x_wconf 81' lang='lat' dir='ltr'>aetate</span> <span class='ocrx_word' id='word_1_286' title='bbox 2509 3536 2697 3603; x_wconf 81' lang='lat' dir='ltr'>prae·</span> 
     </span>
     <span class='ocr_line' id='line_1_32' title="bbox 301 3620 2701 3710; baseline 0 -23"><span class='ocrx_word' id='word_1_287' title='bbox 301 3622 525 3688; x_wconf 87' lang='lat' dir='ltr'>sertim</span> <span class='ocrx_word' id='word_1_288' title='bbox 585 3620 969 3709; x_wconf 85' lang='lat' dir='ltr'>populorum</span> <span class='ocrx_word' id='word_1_289' title='bbox 1027 3624 1296 3692; x_wconf 88' lang='lat' dir='ltr'>historia</span> <span class='ocrx_word' id='word_1_290' title='bbox 1351 3624 1787 3692; x_wconf 81' lang='lat' dir='ltr'>delectabatur</span> <span class='ocrx_word' id='word_1_291' title='bbox 1830 3630 2021 3710; x_wconf 88' lang='lat' dir='ltr'>atque</span> <span class='ocrx_word' id='word_1_292' title='bbox 2064 3623 2216 3691; x_wconf 90' lang='lat' dir='ltr'>inde</span> <span class='ocrx_word' id='word_1_293' title='bbox 2257 3622 2338 3689; x_wconf 87' lang='lat' dir='ltr'>ad</span> <span class='ocrx_word' id='word_1_294' title='bbox 2372 3623 2701 3709; x_wconf 81' lang='lat' dir='ltr'>jurispru-</span> 
     </span>
     <span class='ocr_line' id='line_1_33' title="bbox 303 3726 2694 3818; baseline 0 -25"><span class='ocrx_word' id='word_1_295' title='bbox 303 3726 587 3794; x_wconf 85' lang='lat' dir='ltr'>dentiam</span> <span class='ocrx_word' id='word_1_296' title='bbox 648 3728 899 3796; x_wconf 85' lang='lat' dir='ltr'>delatus</span> <span class='ocrx_word' id='word_1_297' title='bbox 958 3736 1289 3818; x_wconf 87' lang='lat' dir='ltr'>totamque</span> <span class='ocrx_word' id='word_1_298' title='bbox 1341 3733 1628 3799; x_wconf 85' lang='lat' dir='ltr'>civitatis</span> <span class='ocrx_word' id='word_1_299' title='bbox 1671 3731 2107 3798; x_wconf 88' lang='lat' dir='ltr'>oeconomiam</span> <span class='ocrx_word' id='word_1_300' title='bbox 2148 3727 2694 3817; x_wconf 78' lang='lat' dir='ltr'>cognoscendam,</span> 
     </span>
     <span class='ocr_line' id='line_1_34' title="bbox 303 3832 2699 3926; baseline 0.001 -24"><span class='ocrx_word' id='word_1_301' title='bbox 303 3834 575 3902; x_wconf 87' lang='lat' dir='ltr'>scribere</span> <span class='ocrx_word' id='word_1_302' title='bbox 621 3854 872 3922; x_wconf 88' lang='lat' dir='ltr'>quoque</span> <span class='ocrx_word' id='word_1_303' title='bbox 915 3856 1256 3926; x_wconf 79' lang='lat' dir='ltr'>aggressus</span> <span class='ocrx_word' id='word_1_304' title='bbox 1294 3842 1430 3904; x_wconf 85' lang='lat' dir='ltr'>erat</span> <span class='ocrx_word' id='word_1_305' title='bbox 1445 3884 1464 3916; x_wconf 87' lang='lat'><em>,</em></span> <span class='ocrx_word' id='word_1_306' title='bbox 1514 3834 1768 3905; x_wconf 81' lang='lat' dir='ltr'>Gallico</span> <span class='ocrx_word' id='word_1_307' title='bbox 1803 3855 2091 3903; x_wconf 91' lang='lat' dir='ltr'>sermone</span> <span class='ocrx_word' id='word_1_308' title='bbox 2126 3840 2205 3902; x_wconf 92' lang='lat' dir='ltr'>ut</span> <span class='ocrx_word' id='word_1_309' title='bbox 2241 3835 2444 3902; x_wconf 85' lang='lat' dir='ltr'>exteri</span> <span class='ocrx_word' id='word_1_310' title='bbox 2471 3832 2699 3922; x_wconf 74' lang='lat' dir='ltr'>legere</span> 
     </span>
     <span class='ocr_line' id='line_1_35' title="bbox 301 3938 2699 4029; baseline 0.001 -22"><span class='ocrx_word' id='word_1_311' title='bbox 301 3947 591 4026; x_wconf 88' lang='lat' dir='ltr'>possent,</span> <span class='ocrx_word' id='word_1_312' title='bbox 637 3942 1005 4008; x_wconf 81' lang='lat' dir='ltr'>universam</span> <span class='ocrx_word' id='word_1_313' title='bbox 1049 3942 1387 4009; x_wconf 85' lang='lat' dir='ltr'>historiam</span> <span class='ocrx_word' id='word_1_314' title='bbox 1434 3962 1657 4009; x_wconf 86' lang='lat' dir='ltr'>earum</span> <span class='ocrx_word' id='word_1_315' title='bbox 1700 3962 1952 4020; x_wconf 87' lang='lat' dir='ltr'>rerum,</span> <span class='ocrx_word' id='word_1_316' title='bbox 2000 3961 2162 4029; x_wconf 89' lang='lat' dir='ltr'>quae</span> <span class='ocrx_word' id='word_1_317' title='bbox 2203 3940 2354 4007; x_wconf 88' lang='lat' dir='ltr'>inde</span> <span class='ocrx_word' id='word_1_318' title='bbox 2396 3938 2479 4006; x_wconf 82' lang='lat' dir='ltr'>ab</span> <span class='ocrx_word' id='word_1_319' title='bbox 2525 3959 2699 4010; x_wconf 79' lang='lat' dir='ltr'>anno</span> 
     </span>
     <span class='ocr_line' id='line_1_36' title="bbox 307 4043 2699 4135; baseline 0.001 -24"><span class='ocrx_word' id='word_1_320' title='bbox 307 4043 484 4112; x_wconf 81' lang='lat'>1848</span> <span class='ocrx_word' id='word_1_321' title='bbox 530 4046 699 4134; x_wconf 88' lang='lat' dir='ltr'>apud</span> <span class='ocrx_word' id='word_1_322' title='bbox 742 4068 859 4115; x_wconf 90' lang='lat' dir='ltr'>nos</span> <span class='ocrx_word' id='word_1_323' title='bbox 902 4049 972 4113; x_wconf 85' lang='lat' dir='ltr'>in</span> <span class='ocrx_word' id='word_1_324' title='bbox 1016 4053 1288 4134; x_wconf 70' lang='lat' dir='ltr'>utroque</span> <span class='ocrx_word' id='word_1_325' title='bbox 1322 4052 1548 4114; x_wconf 84' lang='lat' dir='ltr'>senatu</span> <span class='ocrx_word' id='word_1_326' title='bbox 1583 4049 1866 4135; x_wconf 74' lang='lat' dir='ltr'>agitatae</span> <span class='ocrx_word' id='word_1_327' title='bbox 1896 4051 2065 4113; x_wconf 90' lang='lat' dir='ltr'>sunt.</span> <span class='ocrx_word' id='word_1_328' title='bbox 2127 4045 2483 4114; x_wconf 82' lang='lat' dir='ltr'>Postremis</span> <span class='ocrx_word' id='word_1_329' title='bbox 2518 4046 2699 4114; x_wconf 72' lang='lat' dir='ltr'>vitas</span> 
     </span>
     <span class='ocr_line' id='line_1_37' title="bbox 300 4151 2699 4239; baseline 0.001 -23"><span class='ocrx_word' id='word_1_330' title='bbox 300 4153 629 4224; x_wconf 90' lang='lat' dir='ltr'>mensibus</span> <span class='ocrx_word' id='word_1_331' title='bbox 676 4157 1020 4239; x_wconf 87' lang='lat' dir='ltr'>occupatus</span> <span class='ocrx_word' id='word_1_332' title='bbox 1064 4160 1200 4220; x_wconf 89' lang='lat' dir='ltr'>erat</span> <span class='ocrx_word' id='word_1_333' title='bbox 1243 4155 1313 4219; x_wconf 87' lang='lat' dir='ltr'>in</span> <span class='ocrx_word' id='word_1_334' title='bbox 1358 4152 1809 4220; x_wconf 87' lang='lat' dir='ltr'>conscribenda</span> <span class='ocrx_word' id='word_1_335' title='bbox 1852 4151 2236 4220; x_wconf 78' lang='lat' dir='ltr'>&#39;Phorbeckii</span> <span class='ocrx_word' id='word_1_336' title='bbox 2278 4153 2421 4218; x_wconf 79' lang='lat' dir='ltr'>vita</span> <span class='ocrx_word' id='word_1_337' title='bbox 2436 4198 2455 4228; x_wconf 86' lang='lat'>‚</span> <span class='ocrx_word' id='word_1_338' title='bbox 2497 4170 2699 4238; x_wconf 83' lang='lat' dir='ltr'>quem</span> 
     </span>
     <span class='ocr_line' id='line_1_38' title="bbox 301 4256 2695 4346; baseline 0.001 -24"><span class='ocrx_word' id='word_1_339' title='bbox 301 4277 449 4323; x_wconf 82' lang='lat' dir='ltr'>vere</span> <span class='ocrx_word' id='word_1_340' title='bbox 513 4258 784 4343; x_wconf 90' lang='lat' dir='ltr'>putabat</span> <span class='ocrx_word' id='word_1_341' title='bbox 836 4259 1019 4326; x_wconf 90' lang='lat' dir='ltr'>nobis</span> <span class='ocrx_word' id='word_1_342' title='bbox 1078 4279 1204 4326; x_wconf 90' lang='lat' dir='ltr'>non</span> <span class='ocrx_word' id='word_1_343' title='bbox 1249 4260 1511 4346; x_wconf 91' lang='lat' dir='ltr'>quidem</span> <span class='ocrx_word' id='word_1_344' title='bbox 1557 4259 1909 4326; x_wconf 87' lang='lat' dir='ltr'>cunctando</span> <span class='ocrx_word' id='word_1_345' title='bbox 1953 4258 2065 4326; x_wconf 89' lang='lat' dir='ltr'>sed</span> <span class='ocrx_word' id='word_1_346' title='bbox 2108 4264 2363 4326; x_wconf 85' lang='lat' dir='ltr'>strenue</span> <span class='ocrx_word' id='word_1_347' title='bbox 2405 4256 2661 4346; x_wconf 76' lang='lat' dir='ltr'>agendo</span> <span class='ocrx_word' id='word_1_348' title='bbox 2675 4303 2695 4336; x_wconf 88' lang='lat'><em>,</em></span> 
     </span>
     <span class='ocr_line' id='line_1_39' title="bbox 300 4361 2699 4450; baseline 0 -22"><span class='ocrx_word' id='word_1_349' title='bbox 300 4381 438 4429; x_wconf 86' lang='lat' dir='ltr'>rem</span> <span class='ocrx_word' id='word_1_350' title='bbox 498 4363 853 4431; x_wconf 86' lang='lat' dir='ltr'>restituisse</span> <span class='ocrx_word' id='word_1_351' title='bbox 900 4370 966 4431; x_wconf 90' lang='lat' dir='ltr'>et</span> <span class='ocrx_word' id='word_1_352' title='bbox 1008 4362 1399 4432; x_wconf 84' lang='lat' dir='ltr'>stabilivisse</span> <span class='ocrx_word' id='word_1_353' title='bbox 1448 4363 1836 4431; x_wconf 87' lang='lat' dir='ltr'>libertatem.</span> <span class='ocrx_word' id='word_1_354' title='bbox 1929 4364 2144 4450; x_wconf 83' lang='lat' dir='ltr'>Atque</span> <span class='ocrx_word' id='word_1_355' title='bbox 2189 4363 2345 4432; x_wconf 85' lang='lat' dir='ltr'>baec</span> <span class='ocrx_word' id='word_1_356' title='bbox 2387 4361 2543 4430; x_wconf 81' lang='lat' dir='ltr'>Vita</span> <span class='ocrx_word' id='word_1_357' title='bbox 2586 4362 2699 4430; x_wconf 81' lang='lat' dir='ltr'>ab·</span> 
     </span>
    </p>
   </div>
  </div>
 </body>
</html>
