2934 5050
373 284 502 347 272
1203 298 1517 345 Luciusne
1565 296 1637 343 ur
1686 298 1993 346 nummu.

461 473 571 536 61.
624 493 946 521 ------
998 467 1054 532 si
1108 465 1212 533 hic
1262 467 1649 535 vestimenta
1694 466 1891 536 elovit
1936 466 2113 548 luto,

561 573 719 642 adeo
771 575 979 640 risum
1030 591 1335 659 magnum
1389 574 1748 662 inprudens
1794 593 1870 640 ac
1917 574 2216 641 cacinnm
2268 572 2530 640 subicit.

375 680 540 747 Haec
605 699 759 748 sane
823 699 949 745 non
1015 687 1303 746 notarem
1371 688 1635 767 propter
1692 666 1910 757 elevit,
1972 678 2143 767 quod
2202 688 2455 747 exstare
2501 677 2724 767 potuit,

375 790 495 875 (=
539 786 720 874 eluit)
765 793 832 852 et
877 785 1162 852 cocionum
1211 803 1327 872 pro
1374 785 1789 866 cachinnum,
1864 787 1974 852 sed
2038 794 2304 874 propter
2364 785 2727 852 senteutiam

371 893 730 960 molestam.
828 892 1025 959 Lavat
1071 891 1304 978 aliquis
1354 904 1562 960 vestes
1609 893 1782 970 luto,
1832 893 2001 960 idem
2052 892 2313 958 subiicit
2362 890 2727 957 cachinnum

371 1001 413 1067 i.
462 1020 517 1066 e.
567 1019 751 1066 snam
799 1000 938 1086 ipse
985 997 1332 1065 stultitiam
1382 997 1589 1078 ridet,
1637 1008 1704 1067 et
1752 999 1908 1067 lacit
1955 998 2017 1065 id
2058 998 2471 1085 imprudens,
2521 998 2584 1062 in
2622 1013 2729 1084 quo

370 1104 679 1171 vocabulo
727 1101 1213 1191 interpretando
1275 1107 1554 1194 tempori
1613 1125 1896 1193 parcam.
1995 1107 2073 1172 At
2122 1102 2365 1171 stultus
2410 1123 2589 1179 sum,
2633 1102 2726 1191 qni

370 1212 438 1277 in
491 1210 591 1278 bis
640 1210 852 1277 verbis
915 1227 1137 1275 sanam
1203 1218 1485 1277 mentem
1554 1211 1960 1291 desiderem;
2014 1210 2184 1277 dicta
2234 1208 2392 1275 haec
2451 1216 2602 1275 sunt
2641 1225 2726 1272 se·

263 1400 269 1408 ³
371 1315 656 1383 cundum
705 1316 786 1383 tt.
841 1315 958 1383 »de
1008 1335 1205 1403 puero
1251 1318 1361 1403 qni
1412 1316 1571 1404 qnid
1621 1326 1770 1404 agat
1821 1318 2095 1384 nescit”.
2168 1316 2263 1383 lta
2307 1315 2571 1402 quaevis
2605 1332 2724 1379 seu·

370 1422 574 1488 tentia
622 1420 776 1488 l'erri
828 1441 1012 1508 posse
1056 1420 1331 1488 fortasse
1397 1422 1746 1493 videbitur.
1842 1423 2276 1489 Veruntamen
2329 1441 2413 1487 ue
2461 1419 2727 1486 indentes

374 1526 633 1613 quidem
698 1530 880 1615 pueri
947 1535 1080 1593 tam
1142 1526 1418 1596 absurde
1464 1538 1692 1614 agunt.
1792 1529 1857 1595 Si
1909 1530 2057 1617 quis
2106 1526 2357 1614 puellus
2404 1536 2725 1593 contumax

372 1643 583 1699 vestes
647 1632 1116 1711 commaculat,
1193 1643 1263 1700 ut
1325 1634 1575 1701 facetus
1633 1634 1975 1711 videatur,
2048 1653 2171 1699 non
2233 1633 2597 1720 imprudens
2648 1630 2729 1696 ri·

374 1758 516 1805 snm
571 1738 854 1806 subiicit.
949 1739 1108 1805 Mira
1169 1759 1425 1826 quoque
1491 1740 1646 1806 baec
1710 1750 1805 1807 est
1880 1740 2314 1805 ratiocinatio:
2362 1740 2475 1826 qni
2524 1736 2727 1805 statuit

375 1864 490 1931 pro
526 1844 709 1911 elevit
743 1844 1107 1931 ponendum
1147 1846 1349 1911 illevit
1385 1846 1473 1933 [is
1497 1865 1616 1931 ego
1639 1848 1858 1932 snm]‚
1885 1843 2173 1911 vocabuli
2202 1844 2374 1931 qnod
2400 1852 2501 1912 est
2523 1843 2726 1910 eluvies

375 1951 692 2018 rationem
743 1971 865 2018 non
915 1950 1206 2016 habuit”.
1301 1949 1528 2037 ltaque
1574 1952 1627 2015 si
1680 1951 1833 2017 illud
1885 1951 2052 2037 quod
2103 1949 2375 2016 lavando
2419 1958 2726 2016 amovetur

377 2058 612 2124 eluties
665 2055 1055 2144 appellatur,
1111 2064 1442 2144 propterea
1495 2057 1677 2122 elevit
1724 2076 1839 2144 pro
1888 2055 2235 2122 maculavit
2283 2060 2465 2143 (nam
2514 2055 2726 2122 diserte

375 2164 469 2230 sic
518 2163 899 2230 vocabulum
954 2164 1424 2250 interpretatur
1473 2162 1740 2249 Nonius)
1793 2161 2192 2250 probandum
2234 2162 2406 2229 erit?
2469 2164 2560 2229 An
2599 2178 2725 2226 vero

377 2269 466 2346 is,
513 2270 624 2354 qui
677 2268 833 2336 llaec
881 2271 1175 2357 scripsit,
1241 2268 1418 2335 verbi
1480 2268 1646 2356 quod
1696 2277 1795 2336 est
1842 2269 2096 2335 illinere
2143 2267 2384 2335 nnllam
2438 2269 2723 2334 rationem

377 2373 639 2440 habuit?
691 2375 931 2440 Tamen
982 2374 1141 2440 nibil
1193 2376 1398 2461 magis
1448 2376 1753 2441 Latinum
1794 2394 1934 2441 esse
1976 2382 2183 2461 potest
2222 2394 2419 2461 qnam
2462 2374 2722 2450 illinere,
2844 2378 2845 2429 ῑ

374 2479 649 2547 oblinere
690 2480 933 2568 aliquid
977 2480 1192 2569 aliqua
1237 2503 1325 2549 re.
1422 2481 1545 2547 Pro
1592 2480 1773 2548 elevit
1820 2479 2200 2547 vocabulum
2253 2488 2354 2547 est
2404 2482 2723 2547 restituen-

374 2584 528 2653 dum
580 2586 747 2672 qnod
797 2586 1040 2652 Nonius
1074 2608 1191 2675 per
1221 2587 1559 2655 inaculavit
1601 2590 1880 2674 potnerit
1922 2587 2375 2673 interpretari,
2425 2587 2492 2652 id
2530 2593 2724 2652 antem
2842 2669 2843 2682 ἵ

374 2699 471 2759 est
517 2691 740 2758 illevit.
819 2693 1015 2758 Porro
1061 2695 1173 2780 qni
1226 2695 1314 2759 ita
1362 2696 1498 2781 agit
1545 2692 1712 2761 l'orte
1744 2702 1810 2761 et
1845 2712 2039 2768 casn,
2089 2692 2310 2760 nolens
2358 2690 2723 2782 (inprudens)
2842 2689 2843 2732 ῑ

372 2797 647 2864 aliorum
714 2798 916 2864 risum
980 2798 1156 2865 elicit
1219 2800 1261 2868 i.
1311 2820 1367 2866 e.
1417 2801 1540 2866 sibi
1586 2801 1703 2867 ciet
1748 2820 1872 2866 non
1924 2799 2169 2866 subicit.
2265 2798 2553 2886 Denique
2595 2795 2726 2862 adeo

375 2904 491 2993 (=
523 2902 729 2992 valde)
783 2903 861 2970 ab
908 2903 1224 2971 adiectivo
1271 2926 1389 2972 sno
1439 2891 1564 2972 non
1614 2914 1753 2971 erat
1796 2904 2255 2993 separandum.
2289 2927 2303 2944 ·
2332 2902 2534 2982 Illud,
2579 2897 2724 2990 quod

369 3010 645 3098 exempli
693 3030 886 3076 causa
938 3013 1276 3098 proposui,
1326 3012 1565 3078 videsis
1613 3012 1894 3078 Coniect.
1947 3011 1971 3078 1
2026 3032 2087 3097 p.
2140 3016 2246 3078 30.

463 3113 623 3180 lllud
673 3116 907 3182 eluvies
958 3116 1166 3205 (codd.
1221 3120 1457 3205 partim
1506 3118 1768 3184 eleviem
1818 3119 1974 3184 nim.
2025 3118 2196 3205 qnod
2245 3115 2325 3183 ab
2362 3117 2528 3184 elisio
2566 3133 2726 3181 voca·
2840 3133 2841 3198 l

371 3220 591 3286 bulum
659 3219 822 3288 male
884 3222 1241 3303 ducebant,
1307 3225 1542 3311 partim
1594 3223 1900 3302 eluviem,
1952 3224 2414 3291 Perizonianus
2464 3223 2500 3288 b
2550 3243 2607 3309 p.
2654 3222 2724 3285 38

371 3329 458 3391 26
504 3325 833 3406 illuviem,
899 3328 1118 3397 eodem
1184 3331 1340 3396 vitio
1402 3350 1532 3416 qno
1582 3330 1832 3397 Nonius
1885 3330 2066 3397 elevit
2113 3349 2228 3416 pro
2274 3330 2479 3396 illevit
2524 3330 2586 3395 in
2629 3345 2724 3394 su-

372 3433 619 3519 periore
664 3431 801 3500 loco
850 3434 916 3501 iu
964 3436 1251 3502 ordinem
1307 3437 1664 3526 receperat)
1715 3456 1828 3524 pro
1879 3437 2262 3523 purgatione
2309 3443 2410 3504 est
2460 3436 2523 3501 in
2563 3450 2725 3520 supe·
2838 3443 2839 3466 ¹

375 3539 543 3606 riore
588 3538 951 3626 fragmento
999 3560 1090 3606 vs.
1142 3547 1266 3619 59,
1318 3540 1426 3608 nbi
1481 3543 1556 3607 Μ.
1610 3541 1909 3607 eloniem:

647 3673 854 3699 -υ-ν
911 3656 1010 3722 ut,
1058 3648 1111 3712 si
1162 3646 1437 3715 eluviem
1490 3646 1699 3714 facere
1750 3666 1863 3735 per
1909 3657 2199 3714 ventrem
2252 3648 2451 3728 veli8‚

643 3773 876 3819 curare
925 3753 1227 3819 omnibus
1277 3752 1556 3820 distento
1604 3772 1870 3838 corpore
1919 3754 2169 3838 expiret
2216 3755 2344 3821 viis

374 3856 518 3944 (viis
565 3856 638 3925 F.
692 3859 896 3925 Donsa
947 3879 1062 3947 pro
1109 3860 1255 3947 vis).
1358 3859 1584 3925 Procul
1632 3858 1827 3924 dubio
1873 3859 2235 3926 subiectum
2284 3860 2464 3927 verbi
2509 3859 2725 3946 expiret
2836 3855 2837 3890 ³

371 3970 470 4029 est
518 3964 742 4042 sudor,
806 3965 869 4031 id
933 3986 1048 4053 pro
1108 3987 1329 4032 curare
1374 3965 1469 4031 sic
1513 3963 1855 4031 substituit
1904 3965 2013 4030 Μ.;
2078 3966 2268 4031 sodor
2309 3988 2410 4044 se,
2474 3974 2545 4032 ut
2590 3979 2726 4028 novo

371 4067 664 4153 exemplo
711 4091 776 4134 se
823 4070 1118 4156 expirare
1164 4069 1439 4136 dicatur.
1536 4070 1714 4151 Quod
1774 4071 1895 4136 etsi
1947 4073 2009 4137 in
2060 4071 2207 4137 aliis
2256 4071 2471 4138 verbis
2516 4071 2622 4144 fit,
2666 4072 2723 4131 ut

372 4195 439 4239 se
501 4171 813 4252 addatur,
882 4173 987 4240 ubi
1056 4176 1246 4262 vulgo
1307 4177 1635 4242 omittitur
1697 4175 1794 4265 (nt
1853 4189 2182 4264 penetrare
2228 4198 2327 4252 se,
2394 4178 2519 4244 alia
2577 4168 2721 4262 apud

374 4277 585 4346 Muell.
637 4285 703 4344 et
748 4290 976 4346 contra
1027 4283 1444 4368 praecipitare
1505 4301 1760 4368 semper
1806 4284 1947 4348 siue
1994 4304 2060 4349 se
2105 4282 2276 4370 apnd
2323 4281 2597 4370 Livium)
2641 4287 2721 4343 lt·

375 4405 520 4453 men
572 4386 712 4453 sine
775 4383 900 4450 ulla
965 4389 1351 4454 anctoritate
1416 4408 1539 4453 non
1587 4398 1684 4455 est
1740 4389 1800 4454 in
1852 4387 2045 4455 verbo
2105 4388 2351 4475 spirare
2412 4387 2720 4457 admitten-
