2934 5050
801 1098 1940 1194 PARENTALIA.

1087 1405 1655 1441 ψ

264 1645 407 1727 Qui
463 1647 657 1713 bonas
694 1645 915 1713 literas
957 1649 1027 1712 in
1069 1652 1285 1713 nostra
1326 1649 1536 1732 patria
1579 1644 1918 1734 diligimus
1960 1664 2034 1711 ac
2079 1643 2350 1711 colimus
2365 1692 2384 1724 ,
2433 1665 2568 1711 om-

165 1771 285 1817 nes
333 1753 562 1837 opinor
603 1752 826 1819 acerbo
871 1750 1084 1819 dolore
1121 1751 1482 1819 conturbati
1520 1771 1746 1817 sumus
1762 1798 1781 1830 ,
1830 1771 1983 1816 cum
2017 1770 2221 1837 nuper
2258 1750 2571 1817 accideret

169 1855 256 1921 ad
321 1876 514 1923 aures
567 1860 941 1944 necopinato
1000 1859 1271 1924 nuncius
1288 1905 1307 1936 ,
1356 1857 1700 1924 Ernestum
1748 1855 1789 1922 J
1789 1855 2004 1922 ulium
2050 1855 2391 1921 Kiehlium
2434 1855 2567 1921 fato

168 1959 481 2027 functum
539 1982 694 2030 esse.
787 1963 1041 2030 Norunt
1102 1982 1323 2030 omnes
1381 1965 1493 2050 qui
1547 1962 1703 2029 haec
1745 1959 2002 2050 legent,
2066 1981 2216 2027 eum
2262 1966 2409 2027 ante
2452 1960 2569 2027 hos

171 2064 379 2132 XXII
430 2088 624 2134 annos
666 2068 1033 2136 Mehlerum
1079 2089 1271 2135 suum
1315 2073 1382 2133 et
1423 2088 1531 2133 me
1576 2067 1806 2133 adiisse
1821 2114 1840 2145 ,
1904 2072 1983 2133 ut
2025 2066 2386 2132 studiorum
2430 2087 2571 2132 nos-

165 2176 437 2237 trorum
481 2171 728 2240 fluctus
768 2194 898 2240 una
941 2174 1273 2240 ederemus
1318 2178 1385 2239 et
1418 2171 1619 2239 simul
1653 2176 2077 2259 reciperemus
2097 2220 2116 2250 ,
2166 2174 2224 2237 si
2262 2173 2416 2259 quid
2455 2171 2571 2239 alii

175 2278 370 2343 nobis
428 2280 758 2365 impertire
811 2278 1073 2346 vellent.
1166 2277 1345 2345 Haec
1388 2278 1518 2344 fuit
1557 2284 1809 2346 nostrae
1851 2277 2308 2366 Mnemosyncs
2352 2279 2534 2367 origo
2548 2325 2569 2357 ,

179 2402 347 2468 quae
395 2389 616 2469 postea
656 2386 916 2474 egregie
962 2385 1041 2451 de
1084 2384 1188 2451 his
1230 2384 1438 2451 literis
1482 2387 1717 2451 merita
1760 2390 1858 2451 est
1871 2432 1890 2464 ,
1936 2405 2090 2451 nam
2128 2385 2297 2471 quod
2333 2390 2573 2452 temere

180 2508 667 2576 susceperamus
685 2538 704 2569 ,
750 2491 820 2557 id
863 2496 1082 2558 tamen
1127 2495 1393 2559 eventus
1436 2489 1894 2578 comprobavit.
1963 2488 2109 2557 Non
2149 2496 2368 2558 autem
2405 2510 2574 2558 com-

180 2595 580 2662 mittendum
632 2601 711 2662 ut
752 2601 891 2664 tam
936 2598 1066 2664 cari
1112 2598 1341 2683 capitis
1385 2599 1770 2663 memoriam
1812 2597 1955 2683 ipsa
1997 2595 2423 2685 Mnemosyne
2466 2618 2575 2664 ne-

182 2698 465 2786 glexisse
506 2701 802 2768 videatur
842 2723 959 2769 nec
1005 2701 1219 2768 debita
1259 2700 1449 2767 laude
1495 2700 1887 2768 concelebret
1931 2721 2004 2767 ac
2045 2706 2480 2787 prosequatur.

272 2805 433 2872 Inde
487 2826 525 2872 a
576 2809 855 2893 pueritia
913 2827 1066 2872 cum
1123 2805 1384 2873 Kiehlio
1444 2808 1734 2873 amicitia
1791 2808 2165 2873 coniunctus
2223 2806 2320 2871 fui
2378 2826 2575 2893 eaque

184 2913 478 2978 amicitia
540 2910 726 2979 firma
794 2934 866 2979 ac
932 2911 1183 2979 stabilis
1240 2911 1368 2976 fuit
1427 2932 1541 2997 per
1599 2931 1793 2977 annos
1850 2909 1997 2997 plus
2043 2932 2238 2997 quam
2283 2913 2572 3000 triginta.
2684 2917 2697 2928 ’

187 3014 427 3082 Omnes
469 3037 569 3083 res
611 3038 788 3084 meas
830 3017 935 3084 illi
980 3017 1348 3083 concredere
1393 3016 1677 3084 solebam
1694 3065 1713 3095 ,
1759 3037 1965 3103 neque
2009 3015 2123 3081 ille
2168 3014 2355 3081 facile
2394 3017 2574 3103 quid-

186 3142 383 3208 quam
425 3122 719 3208 publicae
761 3125 1223 3190 existimationi
1268 3122 1745 3199 committebat,
1789 3126 2132 3208 antequam
2171 3141 2293 3209 ego
2333 3120 2575 3209 signifi-

189 3248 461 3307 cassem,
511 3229 667 3315 quid
709 3229 876 3294 mihi
914 3229 1258 3296 videretur.
1320 3228 1558 3294 Leidae
1602 3226 1763 3294 olim
1800 3227 2082 3313 quotidie
2119 3247 2249 3293 una
2285 3248 2572 3308 eramus;

189 3340 410 3420 postea
458 3339 675 3401 tamen
721 3341 819 3401 ter
863 3336 1200 3422 quotannis
1215 3381 1234 3413 ,
1297 3334 1603 3400 feriarum
1648 3337 1965 3420 tempore,
2011 3353 2119 3398 me
2162 3334 2436 3400 invisere
2480 3354 2576 3400 so-

189 3438 383 3508 lebat.
477 3439 607 3507 Ubi
651 3439 814 3508 forte
857 3441 1314 3528 prohibebatur
1327 3486 1346 3517 ,
1396 3441 1739 3525 quominus
1775 3438 1897 3504 hoc
1940 3438 2175 3506 faceret
2188 3484 2207 3516 ,
2256 3438 2414 3504 dum
2464 3459 2578 3525 per

193 3551 394 3613 terras
425 3565 527 3638 ‘ac
585 3548 792 3613 maria
848 3545 1258 3612 currebamus
1276 3593 1293 3623 ,
1360 3543 1842 3610 consolabamur
1900 3564 2014 3610 nos
2064 3543 2577 3629 frequentissimo

195 3649 609 3739 epistolarum
655 3653 1056 3720 commercio.
1149 3649 1224 3715 In
1269 3649 1667 3716 sermonibus
1681 3697 1700 3728 ,
1752 3669 1909 3735 quos
1953 3669 2139 3735 saepe
2185 3650 2253 3715 in
2296 3648 2576 3715 multam

196 3762 447 3824 noctem
490 3757 1017 3842 protrahebamus
1031 3805 1050 3835 ,
1113 3754 1280 3821 nihil
1324 3776 1450 3822 non
1496 3754 1877 3840 disputando
1926 3753 2404 3842 attingebamus
2445 3754 2579 3842 plar-

197 3882 398 3949 neque
443 3868 580 3928 erat
623 3861 791 3928 illud
835 3863 1002 3949 quod
1039 3863 1373 3949 proverbio
1413 3861 1650 3926 dicitur
1685 3860 1764 3925 de
1801 3861 1979 3926 omni
2009 3880 2079 3925 re
2113 3860 2343 3925 scibili.
2405 3859 2580 3927 Hinc

199 3965 334 4035 fieri
380 3988 505 4034 non
548 3973 799 4054 poterat
813 4016 831 4045 ,
881 3970 1037 4055 quin
1079 3966 1309 4033 multis
1352 3969 1422 4031 in
1465 3966 1656 4031 rebus
1700 3966 1950 4032 diversa
1992 3965 2175 4031 nobis
2219 3961 2404 4051 saepe
2439 3986 2580 4052 pro·

200 4070 499 4138 bai-entur
543 4077 611 4138 et
654 4079 870 4141 tamen
904 4073 1300 4159 frequentem
1339 4071 1697 4138 dissensum
1733 4069 1985 4156 placido
2015 4072 2229 4136 animo
2264 4070 2577 4152 ferebam,

203 4197 350 4243 nam
410 4180 699 4264 primum
762 4180 1184 4266 suspiciebam
1246 4179 1495 4244 variam
1556 4178 1695 4242 eius
1753 4181 1820 4242 et
1875 4175 2148 4243 solidam
2189 4177 2543 4245 doctrinam
2559 4226 2578 4258 ,

207 4303 394 4369 quam
460 4286 856 4352 sustentabat
924 4285 1237 4352 excellens
1302 4283 1616 4350 memoria
1629 4330 1648 4360 ,
1721 4302 1847 4369 qua
1905 4284 2229 4368 imprimis
2287 4282 2577 4364 valebat,

208 4391 346 4453 tum
404 4408 483 4455 ex
546 4387 1053 4456 contentionibus
1112 4393 1344 4457 nostris
1360 4437 1378 4466 ,
1442 4391 1511 4455 in
1566 4390 1798 4475 quibus
1842 4387 2009 4455 mihi
2053 4392 2282 4457 acriter
2325 4388 2584 4476 obloqui
