2934 5050
1147 303 1538 351 rnltotooicA
1590 305 1661 351 ιτ
1707 306 1966 354 eninm.
2704 291 2740 352 7

320 469 415 540 ὥς
465 470 843 550 προαγωγὸν
879 469 1240 551 εἰσάγοντος
1288 474 1481 540 αὐτοῦ
1528 475 1640 551 τήν
1685 474 1832 541 θεόν.
1907 472 2084 543 Zoilo
2117 473 2243 543 isla
2288 473 2493 543 multo
2534 474 2744 562 magis

327 593 545 660 quam
593 574 871 643 eruditis
918 576 1180 644 Criticis
1230 576 1428 665 digna
1478 589 1655 648 sunt.

432 782 670 875 (Myse.
725 797 807 855 Ο.
858 791 946 854 88

616 892 932 973 βούλομαι
978 894 1090 972 ἤδη
1140 897 1368 961 νεῖσθαι
1415 897 1523 978 ἐφ’
1570 896 1838 978 ήμέτερ’,
1885 896 1951 964 οὖ
1991 897 2119 980 γὰρ
2158 896 2399 966 ὄπισθεν

619 993 780 1081 οὖρον
826 1001 926 1065 ἰὼν
969 1000 1338 1067 κατέλειπον
1383 1002 1486 1069 ἐπὶ
1536 1002 1902 1071 κτεάτεσσιν
1950 1003 2182 1082 ἐμοῖσιν
2203 1025 2220 1044 ·

616 1108 705 1185 pois
752 1105 972 1186 πατέρ’
1019 1106 1289 1173 ἀντίθεον
1336 1105 1648 1189 διζήμενος
1693 1110 1881 1183 αὑτὸς
1930 1106 2173 1188 ὄλωμαι
2196 1158 2214 1189 ,

615 1212 652 1288 ἥ
698 1211 765 1276 τί
808 1235 911 1289 μοι
960 1212 1031 1277 ἐκ
1074 1212 1366 1294 μεγαρων
1411 1216 1727 1293 κειμήλιον
1774 1215 1989 1280 ἐσθλὸν
2034 1211 2276 1291 ὄληται.

434 1314 732 1383 Scholion
787 1315 891 1406 (ad
942 1337 1035 1383 vs,
1094 1321 1179 1384 90
1222 1319 1407 1392 αὐτὸς
1472 1319 1768 1408 ὅλωμαι);
1833 1321 1969 1387 ἀντὶ
2017 1325 2125 1387 τοῦ
2170 1321 2300 1386 τὸν
2346 1318 2397 1398 β
2414 1320 2440 1385 Ι
2454 1342 2527 1385 ον
2573 1342 2723 1399 μου

323 1421 736 1504 ἀπολέσῃ.
804 1427 983 1489 τοῦτο
1043 1423 1108 1488 δὲ
1168 1425 1592 1504 αγνοήσαντες
1656 1425 2059 1509 προσένειμαν
2119 1434 2247 1499 τοῖς
2314 1424 2487 1506 ἑξῆς·
2551 1421 2589 1490 ὅ
2631 1426 2723 1494 έςι

324 1528 787 1609 σμικρολόγου,
833 1531 908 1602 ὥς
953 1529 1365 1613 Ἀριςοφοὶνής
1407 1533 1585 1615 φησί.

433 1633 719 1701 Pessime
768 1632 1048 1702 mnloata
1101 1634 1256 1702 haee
1296 1647 1448 1703 sunt
1498 1636 1610 1703 sed
1654 1635 1827 1703 hand
1875 1635 2227 1704 difficulter
2272 1637 2336 1703 in
2388 1636 2715 1721 integrum

328 1740 600 1806 restitui
644 1750 931 1827 possunt.
998 1739 1458 1810 Scribendnm:
1503 1743 1638 1809 ἀντὶ
1680 1747 1788 1810 τοῦ
1833 1742 1939 1809 τὸν
1975 1741 2111 1821 βίον
2157 1767 2276 1822 μου
2319 1741 2720 1817 ἀπολέσω,

329 1865 469 1911 non
516 1845 822 1927 ἀπολέσῃ,
880 1865 1032 1912 nam
1094 1847 1189 1914 sie
1240 1847 1703 1936 Aristophanes
1768 1848 1956 1914 verba
2015 1849 2204 1923 αὐτὸς
2250 1846 2489 1927 ὄλωμαι
2545 1849 2720 1915 acci·

330 1949 575 2039 pienda
621 1971 763 2018 esse
808 1951 1091 2020 docebat.
1191 1952 1372 2034 Quod
1434 1974 1636 2041 quum
1691 1952 2059 2041 probaveris
2109 1952 2450 2021 manifesto
2495 1972 2721 2021 conse-

328 2057 570 2146 quitur
614 2065 989 2144 sequentem
1039 2058 1430 2126 versiculum

657 2163 694 2239 ἥ
740 2164 807 2230 τί
848 2187 952 2244 μοι
1000 2165 1070 2230 έκ
1112 2164 1404 2248 μεγάρων
1449 2168 1763 2246 κειμήλιον
1800 2163 2012 2231 ἐσθλὸν
2057 2163 2277 2241 ὄληται
2297 2213 2314 2231 .

331 2268 511 2338 male
554 2268 885 2336 abundare
918 2277 981 2337 et
1024 2272 1320 2358 spurium
1371 2292 1532 2340 esse.
1608 2272 1672 2339 hl
1720 2273 1929 2359 ipsum
1975 2269 2430 2358 Aristophanes
2467 2267 2719 2334 dixerat

332 2375 445 2442 his
493 2375 739 2442 verbis:
788 2380 964 2442 τοῦτο
1024 2377 1086 2443 δὲ
1142 2377 1564 2456 αγνοήσαντές
1612 2402 1834 2452 τινες
1881 2375 2287 2460 προσένειμαν
2346 2374 2484 2442 τὸν
2541 2372 2722 2453 ἑξῆς,

333 2481 465 2548 nisi
521 2480 692 2569 quod
743 2501 858 2569 pro
906 2482 1307 2565 προσένειμαν
1356 2483 1591 2551 melius
1639 2484 1704 2549 in
1759 2482 1869 2550 tali
1921 2502 1990 2551 re
2035 2481 2413 2565 προσέθηκαν
2466 2478 2714 2547 dictum

330 2588 484 2654 erit.
581 2585 763 2668 Quod
811 2608 1013 2675 quum
1068 2590 1391 2656 nescirent
1440 2588 1773 2670 nonnulli,
1835 2588 2091 2675 inquit,
2140 2587 2528 2655 addiderunt
2574 2608 2717 2652 ver·

330 2713 479 2758 sum
538 2703 911 2780 sequentem.
1011 2692 1249 2761 Eodem
1309 2693 1497 2761 modo
1561 2693 1790 2784 Odyss.
1850 2704 1931 2761 Π.
1980 2698 2066 2761 99
2115 2701 2496 2760 annotatur:
2558 2683 2716 2772 3123,

332 2798 661 2876 νοήσαντές
700 2824 861 2873 τινες
897 2798 1270 2881 προσέθηκαν
1315 2800 1398 2866 τὸ
1450 2799 1645 2867 ιέλθοι
1690 2799 2010 2877 ἀλητεύων
2028 2800 2087 2868 .”
2140 2798 2246 2865 ubi
2286 2797 2497 2865 scribe
2539 2821 2715 2880 προσ-

333 2905 556 2981 ἔθηκαν
595 2905 761 2982 τὸν,
815 2925 1043 2993 nempe
1079 2905 1295 2989 ςίχον,
1331 2925 1498 2992 qnae
1539 2918 1845 2994 perpetua
1887 2915 1985 2973 est
2018 2905 2085 2972 in
2127 2903 2363 2971 talibus
2402 2903 2664 2991 ellipsis.

424 3112 655 3205 OdysS.
708 3123 788 3182 Ο.
840 3119 947 3182 72.

696 3217 826 3288 ἶσόν
870 3245 964 3288 τοι
1003 3221 1190 3289 κακόν
1236 3223 1362 3288 ἐσθ’
1408 3221 1473 3298 ὅς
1518 3225 1578 3289 τ’
1628 3224 1737 3289 οὐκ
1781 3221 2070 3289 ἐθέλοντα
2113 3220 2348 3289 νέεσθαι

697 3326 887 3407 ξεῖνον
927 3327 1236 3410 ἐποτρύνει
1282 3328 1390 3395 καὶ
1438 3321 1501 3404 ὃς
1552 3328 1883 3408 ἐσσύμενον
1929 3327 2286 3409 κατερύκει.

694 3436 819 3516 χρὴ
863 3432 1054 3510 ξεῖνον
1097 3432 1409 3517 παρεόντα
1453 3439 1667 3518 φιλεῖν
1711 3432 1996 3501 ἐθέλοντα
2040 3434 2102 3500 δὲ
2151 3432 2438 3512 πέμπειν.

422 3536 720 3606 Scholion
756 3538 838 3606 ad
876 3560 968 3607 vs,
1015 3546 1051 3606 7
1062 3545 1135 3606 4:
1182 3541 1243 3606 έν
1289 3549 1543 3614 πολλοῖς
1578 3542 1684 3607 οὐκ
1733 3538 1981 3623 ἐφέρετο
2005 3589 2020 3605 .
2071 3539 2175 3605 καὶ
2216 3536 2340 3609 ἕσιν
2385 3535 2709 3611 Ἡσιόδειος

333 3651 443 3719 τῆς
507 3642 798 3727 φράσεως
863 3648 894 3709 ὁ
954 3646 1284 3729 χαρακτήρ
1303 3694 1321 3711 .
1379 3648 1433 3712 εἴ
1481 3647 1545 3713 δὲ
1598 3645 1937 3728 δεχοίμεθα
1999 3644 2187 3712 αὐτὸν
2248 3644 2361 3727 πρὸ
2417 3648 2535 3711 τῶν
2599 3641 2711 3726 πρὸ

336 3749 554 3817 ἑαυτοῦ
602 3750 706 3818 δύο
755 3752 951 3832 elxam
995 3752 1236 3835 ὀφείλει
1281 3752 1661 3836 γράφεσθαι.

426 3854 724 3923 Scholion
771 3865 874 3923 est
932 3858 1276 3944 antiquum
1331 3866 1396 3924 et
1445 3859 1724 3944 optimae
1776 3866 1981 3922 notae.
2078 3855 2261 3922 Canti
2309 3862 2376 3921 et
2423 3852 2705 3920 circnm-

336 3965 531 4048 speeti
595 3963 823 4029 Critici
885 3971 983 4029 est
1043 3973 1109 4029 et
1173 3963 1551 4030 acutissime
1611 3962 1983 4029 iudicantis.
2102 3960 2173 4030 Si
2237 3956 2713 4046 transposueris

338 4085 590 4135 versum
658 4077 836 4135 stare
884 4069 1154 4155 poterit,
1217 4066 1327 4136 sed
1387 4068 1620 4134 melius
1666 4076 1762 4134 est
1832 4076 1902 4134 nt
1949 4067 2552 4149 παρεμβεβλήμὲνον
2597 4061 2708 4131 eli·

337 4174 606 4240 minare.
702 4172 916 4239 Etiam
970 4176 1034 4239 in
1082 4172 1422 4240 Codieihus
1470 4175 1581 4261 qui
1639 4172 1716 4240 ad
1767 4193 1881 4239 nos
1927 4179 2359 4260 pervenerunt
2421 4172 2485 4237 in
2538 4187 2703 4234 mar·

336 4278 484 4363 gine
540 4278 872 4367 adscripta
935 4279 1241 4366 leguntur
1304 4280 1543 4367 passim
1604 4299 1677 4345 ea
1740 4297 1904 4365 quae
1951 4276 2232 4365 aliquam
2285 4275 2701 4362 insigniorem

338 4385 695 4453 sententiae
743 4387 810 4452 in
858 4394 1163 4456 contextu
1211 4384 1458 4473 positae
1504 4382 1997 4452 similitudinem
2044 4402 2196 4471 prae
2243 4400 2315 4449 se
2361 4379 2603 4450 ierunt.
