2934 5050
271 285 359 348 26
1260 302 1659 349 ntscscutun

362 466 592 557 odyss,
644 480 725 537 Ο.
780 473 936 536 573.

629 581 746 641 τῶν
793 572 1039 657 ἔφαγόν
1081 578 1141 640 τ’
1186 573 1353 641 ἔπιόν
1396 601 1467 641 τε
1517 575 1618 642 καὶ
1670 575 1975 644 αἰδοίοισιν
2021 573 2237 642 ἔδωκα.

368 678 705 746 Scholion:
769 678 921 745 οὕτω
976 679 1116 754 τοὺς
1162 680 1374 755 ἱκέτας
1443 680 1696 760 ἔλεγον.
1759 682 1913 754 τινὲς
1977 682 2040 748 δὲ
2084 692 2198 759 τῆς
2251 679 2654 763 Ἀφροδίτης.

273 784 533 850 Excidit
580 787 1000 873 praepositio:
1059 787 1217 864 τινὲς
1265 788 1329 853 δὲ
1391 788 1492 852 ἐπὶ
1547 796 1659 864 τῆς
1708 788 2096 871 Ἀφροδίτης.
2195 785 2510 853 Usitatius
2558 783 2656 851 di-

273 890 471 957 xisset
521 891 817 978 quisquis
875 900 973 958 est
1035 892 1136 958 ἐπὶ
1196 899 1314 959 τῶν
1363 894 1751 977 ἀφροδισίων.
1847 890 2220 960 Offendebat
2285 891 2657 959 fastidiosas

271 995 629 1062 aulicorum
678 1016 870 1063 aures
925 999 1192 1085 antiqua
1252 1007 1318 1065 et
1378 1000 1752 1079 εύθυρρήμων
1809 999 2013 1064 oratio
2058 999 2364 1066 αἰδοίοισιν
2410 996 2654 1072 ἔδωκα,

274 1108 346 1167 ut
393 1100 561 1188 apud
607 1101 1018 1169 Sallustium:
1067 1105 1439 1190 quicumque
1475 1125 1701 1183 manu,
1751 1115 2001 1184 ventre,
2044 1125 2202 1193 pene
2252 1105 2406 1170 bona
2439 1102 2657 1189 patrio

273 1207 679 1275 laceraverat.
776 1209 999 1295 ltaque
1067 1210 1416 1275 commenti
1482 1218 1635 1275 suut
1689 1196 1948 1297 aliquid*
1981 1207 2431 1296 grammatici,
2496 1205 2655 1275 οὕτω

272 1315 412 1386 τοὺς
458 1312 748 1387 ἱκέτας
796 1312 1051 1394 ἔλεγον,
1120 1313 1287 1401 quod
1348 1335 1544 1403 quam
1594 1315 2022 1401 incongruum
2083 1317 2170 1382 sit
2227 1313 2427 1381 vides.
2525 1312 2658 1380 Alii

275 1427 547 1484 naturae
607 1438 922 1486 memores
987 1439 1123 1486 rem
1171 1440 1288 1486 suo
1353 1419 1658 1486 vocabulo
1719 1419 2239 1507 appellaverunt,
2304 1427 2379 1486 ut
2435 1418 2659 1486 Alexis

274 1523 446 1613 apud
499 1523 914 1591 Plutarchum
959 1525 1036 1591 de
1081 1525 1221 1590 aud.
1267 1533 1431 1612 poe'e.
1483 1544 1546 1611 p.
1596 1528 1668 1590 21
1732 1547 1787 1592 o.

499 1630 570 1696 τὸ
612 1639 773 1698 πιεῖν
797 1681 812 1707 ,
862 1631 933 1696 τὸ
978 1638 1220 1713 Φαγεῖν
1243 1680 1262 1710 ,
1310 1632 1382 1698 τὸ
1427 1639 1542 1707 τῆς
1589 1630 1956 1714 Ἀφροδίτης
2003 1629 2381 1711 τυγχάνειν,

499 1738 585 1802 τὰ
630 1736 681 1802 δ’
727 1734 908 1802 ἄλλα
953 1738 1296 1818 προσθήκας
1341 1734 1607 1804 ἅπαντα
1648 1737 1771 1818 χρὴ
1818 1744 2054 1803 καλεῖν.

367 1945 463 2012 Au
513 1944 744 2036 odyss,
798 1957 879 2015 Ο.
933 1951 1085 2014 452.

632 2051 799 2137 ὄφρα
842 2052 940 2138 ἴδῃ
984 2052 1215 2135 πατρὸς
1263 2052 1368 2120 καὶ
1417 2052 1676 2135 μητέρος
1725 2052 2030 2135 ὑψερεφὲς
2078 2051 2155 2119 δῶ
2177 2100 2196 2118 .

277 2155 605 2243 profertur
673 2159 1032 2245 scripturae
1102 2157 1536 2245 discrepantia
1605 2182 1703 2240 γρ.
1777 2157 1915 2243 ὄφρ’
1985 2157 2168 2241 εἵδῃς.
2285 2153 2663 2223 Dindorfius

281 2261 512 2328 »voluit
549 2263 780 2348 stapes·
851 2260 986 2328 Non
1033 2261 1293 2350 opinor,
1342 2262 1454 2331 sed
1492 2262 1655 2347 ὄφρα
1700 2264 1871 2347 ἴδῃς,
1922 2262 2091 2350 quod
2140 2261 2437 2349 vulgatae
2472 2282 2661 2350 prae·

278 2368 561 2435 tulerim.

367 2580 435 2646 ln
486 2578 743 2648 Schotio
788 2580 867 2646 ad
917 2578 1145 2669 Odyss.
1193 2591 1273 2648 Π.
1331 2586 1408 2647 15
1459 2580 1845 2668 praepositio
1894 2588 1959 2646 et
2007 2579 2169 2646 male
2217 2578 2504 2648 abundat
2553 2590 2659 2660 et,

279 2686 387 2751 ubi
439 2686 800 2752 necessaria
847 2694 981 2763 est,
1031 2687 1244 2773 periit.
1342 2686 1606 2752 Editur:
1671 2687 1776 2752 καὶ
1840 2689 1891 2753 οἱ
1940 2686 2112 2761 κύνες
2175 2689 2445 2754 σαίνουσι
2507 2687 2662 2770 πρὸς

276 2791 462 2858 αὐτὸν
525 2794 602 2864 ὦς
659 2790 735 2858 ἂν
793 2792 1057 2869 συνήθως
1119 2793 1365 2873 ὁρῶντες
1430 2789 1494 2858 οἵ
1538 2815 1610 2858 τε
1668 2800 1968 2873 μνηςῆρες
2030 2792 2399 2858 πλεύσαντα
2467 2793 2661 2859 αὐτὸν

274 2894 497 2962 οἴονται
545 2896 678 2978 περὶ
727 2899 868 2972 τοὺς
908 2898 1134 2980 οὶγροὺς
1175 2895 1354 2965 εἶναι.
1449 2898 1881 2966 Scribettdum
1928 2897 2231 2964 σαίνουσιν
2278 2895 2467 2963 αὐτόν
2511 2899 2660 2965 sine

279 3004 774 3089 praepositione,
841 3023 986 3069 nam
1055 3024 1248 3071 canes
1312 3014 1384 3072 ut
1448 3006 1739 3072 ὑλακτεῖν
1799 3027 1939 3070 τινα
1986 3005 2079 3068 sic
2126 3011 2190 3069 et
2235 3002 2466 3068 σαίνειν
2512 3003 2659 3070 τινα

278 3108 619 3185 dicuntur,
701 3118 774 3175 ut
835 3110 1049 3175 omnia
1114 3130 1277 3197 quae
1342 3109 1546 3177 cautla
1612 3110 1982 3177 adulantur.
2079 3106 2420 3195 Sophocles
2484 3108 2661 3197 apud

276 3213 509 3282 Athen.
570 3214 697 3281 vlt.
749 3235 809 3301 p.
864 3218 992 3280 277
1047 3214 1111 3280 B.

544 3323 569 3346 “
812 3320 990 3401 χορὸς
1032 3320 1085 3385 δ’
1128 3318 1405 3386 ἀναύδων
1452 3318 1678 3402 ἰχθύων
1724 3319 2018 3401 ἐπερρόθει

815 3424 1124 3499 σαίνοντες
1169 3426 1453 3506 οὐραίοισι
1499 3425 1610 3499 τὴν
1657 3425 2053 3504 κεκτημένην.

369 3529 601 3596 Contra
661 3529 848 3615 periit
913 3532 1299 3618 praepositio
1367 3532 1433 3597 in
1483 3551 1620 3618 sqq.
1690 3530 1796 3597 ubi
1853 3527 2392 3598 καταπλεύσαντα
2443 3527 2663 3617 legen-

278 3632 432 3701 dum
481 3655 599 3723 pro
644 3635 1033 3704 πλεύσαντα.

369 3842 567 3911 Solita
619 3845 829 3935 ellipsi
868 3846 1088 3915 editur
1129 3846 1207 3913 ad
1246 3845 1476 3936 Odyss.
1524 3856 1605 3914 Π.
1649 3853 1758 3914 57.
1809 3845 1901 3913 ὅτι
1941 3851 2042 3912 νῦν
2085 3847 2258 3928 ὀρθῶς
2304 3843 2545 3926 εἴρηται
2577 3885 2660 3897 -

279 3949 451 4015 κατα
495 3950 561 4016 δὲ
625 3955 734 4029 τὴν
780 3955 1018 4034 πρώτην
1065 3956 1187 4035 οὐχ
1226 3955 1444 4032 ὑγιῶς,
1522 3972 1635 4038 pro
1680 3954 1730 4018 oi
1776 3953 2080 4033 ἆςερίσκοι
2129 3946 2220 4015 ὅτι
2266 3951 2398 4016 κτὲ.
2495 3951 2664 4040 Sup-

279 4056 493 4142 pletur
537 4056 779 4143 ellipsis
826 4058 937 4125 sed
986 4079 1135 4125 cuni
1176 4060 1539 4146 scripturae
1579 4057 1738 4123 vitio
1785 4055 1864 4123 ad
1901 4054 2128 4144 odyss,
2172 4066 2238 4124 Ξ.
2299 4060 2460 4123 188:
2509 4059 2666 4128 ἄτε-

278 4160 476 4241 ρίσκος
546 4161 903 4242 πρόσκειται
973 4161 1122 4245 ἄχρι
1193 4165 1386 4245 ςίχων
1445 4170 1650 4245 τριῶν,
1741 4181 1887 4226 nam
1959 4161 2315 4247 requiritur
2387 4159 2666 4248 pluralis

280 4265 584 4346 ἀςερίσκοι
631 4269 1042 4352 πρόσκεινται.
1143 4268 1264 4351 Qui
1316 4267 1499 4335 nobis
1549 4277 1699 4334 nota
1747 4264 1901 4332 fecit
1948 4272 2011 4332 et
2060 4264 2373 4352 explicuit
2419 4269 2508 4335 τὰ
2552 4275 2666 4337 τοῦ

282 4371 652 4453 ’Apis-aimon
712 4384 947 4457 σημεῖα
1003 4374 1447 4451 Aristonicus,
1514 4392 1663 4440 eum
1729 4372 1941 4459 ipsum
2007 4371 2074 4437 iu
2124 4368 2243 4437 hac
2305 4391 2376 4438 re
2428 4379 2667 4444 testem
