2934 5050
978 328 1285 378 nucitum
1335 329 1410 377 nr
1455 328 1766 377 Lucinas.
2426 310 2548 375 281

292 499 394 563 54.
447 495 524 566 Ut
567 499 624 565 si
671 496 1041 586 progeniem
1092 498 1463 584 antiquam,
1522 515 1650 584 qua
1695 503 1796 564 est
1840 495 2145 564 Maximu’
2193 488 2509 577 Quintus,

441 622 565 691 qua
608 602 929 671 varicosu‘
974 611 1187 668 vatax.

208 701 273 769 In
316 709 755 783 annotatione,
804 708 988 793 quasi
1035 707 1101 771 in
1150 703 1575 793 explicatione
1613 704 1809 771 huius
1856 703 2199 792 fragmenti
2248 706 2407 772 nihii
2435 706 2557 774 du-

206 806 371 876 bium
432 812 550 890 sit,
611 812 980 899 disputatur
1025 810 1104 876 de
1167 812 1582 898 praenomine
1646 810 2014 891 »Quintus'’
2081 812 2428 899 postposito
2490 820 2557 878 et

206 911 278 978 de
334 918 586 984 nomine
643 927 874 996 volax,
941 916 1021 982 de
1081 918 1270 982 cuius
1328 923 1545 982 tamen
1612 924 1925 1002 potestate
1988 925 2057 982 et
2116 924 2335 1005 etymo
2395 915 2557 983 nihil

207 1015 490 1087 refertur.
587 1021 678 1087 De
725 1019 845 1086 boc
894 1019 1255 1105 fragmento
1300 1039 1466 1105 quae
1519 1018 1670 1086 olim
1720 1019 2044 1107 disputavi
2096 1021 2307 1108 (Coni.
2365 1021 2451 1091 11..
2492 1043 2556 1109 p.

207 1122 308 1208 89)
374 1122 646 1191 fortasse
711 1144 835 1190 non
906 1126 1103 1190 nimis
1165 1126 1503 1212 perspicua
1566 1134 1743 1193 sunt.
1857 1124 1983 1191 Res
2043 1126 2138 1191 sic
2201 1146 2270 1193 se
2340 1124 2553 1194 habet.

205 1224 374 1293 Nonii
436 1228 619 1296 locus
683 1229 788 1295 hic
835 1239 927 1296 est
984 1232 1122 1314 (25.
1185 1230 1321 1311 14);

287 1332 575 1399 »ernAx
622 1341 686 1400 et
728 1353 1090 1401 vnntcosus
1138 1333 1403 1420 pedibus
1451 1334 1721 1400 vitiosis„
1771 1333 1923 1400 Luc.
1974 1333 2078 1400 tib.
2131 1333 2434 1403 xxvnt:
2486 1345 2557 1402 ut

203 1436 252 1499 si
293 1439 661 1523 progeniem
707 1440 1081 1525 antiquam,
1131 1458 1257 1525 qua
1305 1446 1403 1506 est
1451 1439 1770 1505 Maximus
1816 1436 2097 1519 Quintus
2143 1458 2379 1518 vacax,
2427 1461 2554 1528 qua

203 1542 514 1608 varicosus
563 1545 820 1609 vatax”.
1510 1570 1515 1571 ⁷

276 1645 519 1713 Nonius
591 1647 971 1717 vocabulum
1041 1647 1298 1736 aliquod
1371 1648 1568 1735 legit,
1641 1647 1811 1735 quod
1874 1647 1954 1714 de
2013 1646 2285 1735 pedibus
2346 1658 2559 1736 posset

199 1750 514 1838 explicari.
593 1752 732 1819 Duo
780 1762 1046 1821 tantum„
1080 1763 1268 1832 sunt,
1316 1773 1590 1841 quorum
1636 1753 1802 1819 ratio
1835 1754 2036 1839 possit
2062 1752 2320 1819 haberi:
2368 1776 2561 1821 vanas

200 1864 257 1920 et
295 1858 520 1936 varix,
574 1855 742 1943 quod
789 1867 886 1924 est
937 1856 1127 1924 tuber
1174 1860 1236 1924 in
1288 1858 1612 1925 cruribus.
1685 1861 1734 1923 A
1784 1866 2015 1923 neutro
2059 1857 2365 1925 vocabuio
2406 1860 2556 1927 duci

201 1968 392 2046 potest
438 1971 670 2027 vult-ax
719 1970 784 2028 et
831 1972 1024 2028 volax
1044 2011 1065 2043 ,
1114 1970 1324 2050 potest
1365 1984 1590 2029 vorax.
1660 1962 1820 2029 Nam
1882 1982 2086 2028 vorax
2122 1982 2160 2028 a
2209 1965 2397 2030 varix
2450 1964 2558 2031 de-

201 2065 491 2133 scendere
557 2075 805 2153 potest,
869 2077 1274 2134 contractum
1326 2088 1400 2135 ex
1449 2067 1729 2133 varicax.
1824 2066 2006 2153 Legit
2066 2068 2270 2153 igitur
2314 2067 2559 2136 Nonius

200 2189 385 2237 verax
429 2181 494 2239 et
545 2171 1021 2238 restituendum
1067 2182 1203 2239 est:
1574 2169 1577 2172 ’

280 2275 531 2342 »νΑιιΑκ
580 2284 646 2343 et
691 2296 1012 2343 vnnicosus
1057 2276 1325 2363 pedibus
1370 2278 1692 2345 vitiosis”.

279 2381 473 2448 Porro
535 2383 729 2448 varix
796 2391 895 2449 est
955 2384 996 2449 i.
1062 2405 1122 2470 q.
1184 2371 1487 2461 veri-tecm·
1559 2402 1714 2468 ergo
1781 2403 1984 2449 vorax
2043 2406 2126 2442 :z
2168 2404 2556 2453 verrucosus.

201 2482 355 2572 Ergo
399 2486 471 2567 Q.
522 2486 847 2554 Maximus
896 2487 1105 2554 Varax
1154 2497 1254 2555 est
1302 2487 1512 2564 idem,
1575 2488 1687 2576 qui
1736 2484 1808 2568 Q.
1858 2487 2177 2558 Maximus
2241 2489 2561 2559 Verruco-

202 2608 299 2656 sus
342 2592 535 2678 vuigo
590 2590 853 2658 dicitur.
950 2593 1280 2659 Postrema
1330 2592 1519 2660 Nonii
1565 2591 1791 2660 verba:
1858 2613 2023 2681 »qua
2074 2595 2401 2662 varicosus
2447 2616 2562 2662 va-

203 2694 344 2760 tax'’
403 2697 574 2762 nihil
644 2697 908 2763 omnino
975 2698 1380 2784 significant;
1453 2717 1620 2784 »qua
1685 2697 2096 2786 varicosus’s,
2166 2707 2264 2765 est
2326 2699 2562 2787 aliquis

204 2802 497 2878 nvarax’‘,
568 2820 694 2867 non
761 2802 1064 2869 »vatax'’.
1160 2801 1448 2869 Produnt
1492 2801 1648 2868 baec
1690 2801 1895 2868 forma
1943 2802 2404 2887 glossatorem,
2447 2813 2559 2873 aut

202 2901 388 2988 ipsius
448 2906 646 2973 Nonii
712 2926 836 2973 non
899 2907 1132 2974 Luciiii
1199 2927 1490 2975 manum.
1586 2909 1716 2974 Aut
1776 2907 2022 2973 Nonius
2080 2918 2196 2974 aut
2238 2906 2563 2976 Jibrarius

200 3006 418 3096 aliquis
465 3011 552 3078 ad
600 3033 807 3078 vorax
853 3012 1231 3099 adscripsit:
1294 3014 1487 3099 »quia
1535 3012 1866 3078 varicosus
1914 3013 2179 3078 varax’'.
2272 3012 2559 3081 Glossam

200 3113 465 3202 irrepere
529 3117 853 3203 potuisse,
917 3137 1103 3183 nemo
1153 3136 1349 3184 sanus
1398 3116 1658 3202 negabit
1704 3126 1770 3183 et
1813 3116 2092 3183 ostendit
2141 3116 2348 3185 Guelf.
2378 3168 2396 3198 ,
2447 3120 2559 3205 qui

203 3215 373 3286 habet
418 3224 485 3287 in
537 3222 835 3306 margine
895 3221 1328 3309 adscriptum:
1394 3242 1470 3288 »a
1520 3241 1715 3288 ranae
1757 3221 2063 3288 vocabulo
2110 3222 2283 3309 quod
2331 3243 2564 3310 graece

201 3334 405 3393 votrax
451 3325 844 3413 [βάτραχος]
895 3326 1211 3394 dicitur”.
1308 3326 1583 3394 Omnino
1641 3336 1905 3414 apparet
1955 3329 2018 3393 in
2068 3326 2187 3393 hoc
2235 3327 2374 3395 loco
2420 3338 2566 3397 tur-

203 3424 405 3497 hatum
451 3451 599 3499 esse
648 3451 685 3497 a
733 3431 1037 3498 librariis.
1133 3433 1360 3519 Itaque
1407 3431 1515 3497 illa
1563 3451 1756 3498 sensu
1804 3450 1987 3498 cassa
2037 3451 2204 3518 »qua
2244 3435 2562 3501 varicosu’

202 3535 419 3601 vatax”
467 3536 858 3603 removenda
906 3544 1098 3615 sunt,
1164 3534 1709 3623 scribendumque
1758 3545 1966 3603 metro
2017 3535 2340 3603 trochaico
2386 3539 2561 3628 (nam

203 3640 371 3705 varix
414 3642 699 3728 priorem
745 3642 1081 3732 corripit):

284 3743 354 3810 tit
395 3747 450 3811 si
497 3748 873 3833 progeniem
926 3749 1259 3835 antiquam
1304 3755 1496 3834 quast
1544 3748 1871 3815 Maximus
1916 3745 2197 3828 Quintus
2242 3748 2472 3815 Varax.

208 3843 431 3916 Tantae
479 3850 670 3917 motis
717 3859 893 3929 erat,
941 3851 1140 3926 Fabio
1187 3872 1539 3937 cognomen
1582 3872 1808 3930 suum,
1856 3852 2232 3919 ioculariter
2255 3852 2563 3920 immuta-

208 3956 364 4031 tum,
408 3953 768 4023 vindicare.
831 3955 956 4023 Sed
1003 3976 1109 4023 res
1156 3956 1316 4022 mihi
1355 3958 1446 4023 ita
1491 3959 1825 4045 perspicua
1868 3956 2245 4035 videbatur,
2300 3965 2374 4023 ut
2412 3977 2563 4025 cum

207 4051 570 4124 Muellerum
637 4059 917 4128 viderem
978 4061 1045 4126 in
1111 4060 1373 4149 ineptiis
1434 4072 1984 4148 perseverantem,
2047 4081 2148 4129 me
2215 4081 2341 4128 non
2405 4063 2565 4131 satis

209 4157 367 4228 clare
411 4151 799 4232 sententiam
846 4167 1216 4253 exposuisse
1273 4173 1591 4254 putarem.
1685 4168 1846 4234 Eius
1892 4176 2107 4233 autem
2158 4168 2566 4235 ratiocinatio

211 4258 324 4331 huc
370 4267 570 4335 redit:
618 4270 768 4356 quia
815 4291 1018 4338 vacax
1073 4269 1242 4358 apud
1293 4271 1573 4338 Nonium
1617 4272 1840 4339 vitiose
1865 4271 2138 4357 legitur,
2181 4273 2433 4339 exstitit
2457 4293 2565 4339 no·

215 4365 346 4437 men
395 4382 604 4440 vatax.
706 4373 835 4442 Hoc
883 4376 1048 4444 male
1097 4374 1510 4452 conclusum.
1564 4377 1745 4463 quasi
1795 4395 1943 4446 vero
1986 4395 2340 4463 numquam
2382 4399 2414 4441 c
2449 4397 2568 4463 pro
