2934 5050
1239 309 1614 359 PLAroch.
2490 296 2613 361 381

219 490 461 547 rJAPA
510 478 789 557 βασιλέα
835 478 1228 557 ἀναβαίνειν.
1276 481 1444 565 quod
1492 486 1603 546 aut
1652 480 1728 544 de
1775 480 2008 567 legatis
2053 482 2132 545 ad
2172 481 2419 569 Regem
2458 486 2617 547 mis·

219 590 323 652 sis
368 589 627 672 ponitur
644 634 659 662 ,
709 590 823 650 aut
869 587 925 649 si
970 588 1114 670 quis
1160 587 1325 651 alius
1375 586 1681 670 privatim
1727 583 1925 671 Regis
1972 587 2383 653 conveniendi
2428 608 2616 653 causa

221 691 400 756 Susa
441 692 758 777 profectus
803 695 985 755 esset.
1080 688 1287 776 Cyrus
1333 696 1398 756 et
1444 689 1797 774 Xenophon
1855 691 2017 754 'em
2067 689 2345 766 βασιλέα
2390 691 2616 770 ἀνέβη·

219 820 373 861 σαν.
469 794 655 861 Nihil
720 794 1164 861 huiuscemodi
1221 798 1290 859 in
1352 795 1623 859 Amba-n·
1687 794 1955 882 legitur.
2044 794 2396 880 Xenophon
2415 843 2432 873 ,
2504 800 2617 882 qui

219 903 452 967 omnia
496 920 657 985 quae
690 901 757 963 in
797 900 1023 966 itinere
1060 900 1230 965 vidit
1245 947 1262 977 ,
1313 901 1510 965 etiam
1548 901 1930 975 minutiora,
1979 897 2325 987 diligenter
2361 922 2614 967 narrare

222 1004 398 1071 solet
413 1053 430 1083 ‚
488 1004 766 1089 profecto
811 1006 868 1068 si
912 1004 1180 1070 vidisset
1222 1007 1572 1082 memoriae
1615 1005 1684 1069 id
1730 1003 1990 1089 prodere
2035 1022 2160 1070 non
2207 1004 2609 1092 neglexisset.

323 1214 665 1278 Alcibiades
723 1233 872 1300 pag.
925 1211 1074 1279 124.
1123 1230 1179 1279 c.
1245 1215 1273 1279 5
1336 1214 1655 1293 ἐπίτροπος
1713 1214 1742 1278 5
1789 1212 1937 1291 ἐμὸς
2006 1213 2275 1291 βελτίων
2344 1213 2434 1281 ἐςὶ
2505 1214 2610 1278 καὶ

223 1318 572 1399 σοφώτερος
620 1319 654 1394 ἢ
712 1319 1071 1406 [Περικλῆς]
1119 1320 1147 1384 5
1195 1318 1320 1392 σός.
1413 1318 1632 1399 Quum
1693 1318 1881 1384 Plato
1943 1318 2219 1384 dedisset
2273 1318 2611 1400 σοφώτερος

224 1425 266 1499 ἢ
320 1425 348 1488 ὁ
394 1424 497 1494 σός
516 1471 534 1500 ,
604 1423 839 1490 sciolus
899 1423 1133 1509 aliquis
1190 1426 1421 1490 tutoris
1481 1443 1713 1488 nomen
1772 1425 1842 1487 in
1899 1426 2192 1510 margine
2254 1423 2608 1509 adscripsit.

221 1527 548 1594 Periclem
608 1529 802 1594 fuisse
862 1529 1215 1595 Alcibiadis
1273 1534 1557 1594 tutorem
1614 1528 1823 1593 tribus
1884 1527 2042 1595 locis
2084 1528 2347 1617 Dialogi
2390 1534 2612 1595 auctor

222 1635 365 1699 iam
410 1638 1035 1700 commemoraverat.
1083 1655 1231 1722 pag.
1285 1633 1437 1699 104.
1470 1652 1531 1699 Β.
1594 1631 1971 1710 ξυμπάντων
2019 1632 2081 1697 δὲ
2127 1633 2319 1715 μείζω
2365 1634 2473 1700 οἴει
2518 1658 2609 1700 σοι

219 1738 488 1816 δύναμιν
552 1737 859 1820 ὑπάρχειν
909 1738 1216 1819 Περικλέα
1260 1740 1364 1805 τὸν
1411 1740 1800 1812 Ξανθίππου,
1850 1735 1913 1803 ὃν
1959 1738 1988 1803 5
2033 1738 2242 1819 πατὴρ
2290 1740 2610 1821 ἐπίτροπον

222 1842 538 1908 κατέλιπε
582 1843 679 1909 σοί
721 1867 792 1908 τε
840 1844 944 1909 καὶ
991 1845 1077 1924 τῷ
1122 1845 1398 1925 ἀδελφῷ.
1440 1849 1507 1909 et
1550 1863 1697 1930 pag.
1751 1841 1901 1907 118.
1943 1860 2002 1907 Β.
2045 1844 2210 1917 πλὴν
2242 1881 2327 1892 -
2351 1849 2460 1910 τοῦ
2498 1850 2605 1913 ,σοῦ

221 1943 555 2028 ἐπιτρόπου
618 1948 974 2027 Περικλέους
1000 1998 1016 2023 ,
1083 1953 1147 2014 et
1206 1951 1474 2015 tertium
1532 1968 1682 2035 pag.
1732 1946 1883 2012 122.
1914 1965 1978 2012 A.
2046 1946 2317 2013 Videtur
2359 1948 2427 2012 id
2473 1968 2607 2014 esse

221 2056 385 2119 satis
405 2101 422 2130 ‚
470 2059 546 2118 ut
582 2074 750 2118 nunc
789 2055 1047 2139 quidem
1082 2052 1352 2120 Periclis
1386 2073 1619 2119 nomen
1642 2053 1859 2117 omitti
1881 2053 2163 2136 potuerit
2176 2098 2195 2130 ,
2237 2071 2361 2136 quo
2394 2054 2606 2139 magis

222 2164 527 2245 appareat
572 2160 884 2244 oppositio
927 2160 997 2222 in
1043 2158 1071 2222 5
1118 2157 1436 2239 ἐπίτροπος
1485 2158 1514 2223 5
1563 2155 1706 2235 ἐμὸς
1753 2156 2090 2239 σοφώτερος
2137 2156 2173 2232 ἢ
2219 2155 2249 2221 5
2295 2154 2421 2229 σός.

318 2369 617 2432 Alcibiad.
660 2390 807 2456 pag.
839 2367 990 2435 124.
1016 2387 1080 2446 1),
1127 2370 1242 2434 ubi
1278 2368 1525 2434 dixerat
1562 2365 1884 2433 Socrates:
1934 2367 2301 2445 ἐπιμελείας
2341 2366 2603 2447 δεόμεθα

221 2477 477 2553 μᾶλλον
519 2475 633 2555 μὲν
682 2473 916 2550 πάντες
956 2473 1247 2556 ἅνθρωποι
1292 2475 1458 2554 ατὰρ
1508 2471 1582 2556 νῴ
1630 2498 1711 2553 γε
1759 2474 1865 2541 καὶ
1914 2472 2100 2553 μάλα
2146 2471 2409 2558 σφόδρα.
2495 2472 2605 2540 Al-

222 2580 505 2645 cibiades
565 2584 848 2666 quaerit:
912 2582 979 2646 τί
1037 2579 1115 2647 ἂν
1173 2579 1271 2649 οὖν
1315 2588 1632 2661 ποιοῖμεν;
1704 2589 1854 2646 ΣΩ.
1902 2582 2009 2645 οὐκ
2053 2579 2424 2654 ἀποκνητέον
2471 2579 2603 2644 οὐδὲ

223 2684 644 2764 μαλθακιςέον
660 2734 677 2764 ,
728 2683 768 2753 ὦ
816 2688 1043 2765 ἑταῖρε.
1119 2685 1194 2751 111
1237 2687 1341 2752 his
1384 2688 1625 2753 vitium
1669 2687 1835 2751 inest
1879 2685 2138 2751 evidens
2189 2688 2254 2749 et
2300 2683 2605 2748 tralatici-

219 2811 342 2855 um
387 2793 456 2855 in
499 2789 703 2856 libris.
796 2791 961 2857 Vera
1008 2790 1199 2858 lectio
1244 2796 1340 2856 est
1383 2791 1450 2857 ‘tl
1496 2784 1593 2856 οὖν
1640 2795 1944 2867 ποιῶμενς
2006 2789 2076 2853 id
2120 2793 2215 2854 est
2258 2788 2326 2852 τί
2368 2782 2466 2852 οὖν
2512 2787 2610 2852 δεῖ

222 2898 395 2972 ἡμᾶς
442 2904 670 2973 ποιεῖν;
720 2896 890 2980 quod
933 2916 1136 2983 genus
1178 2894 1476 2980 loquendi
1522 2896 1761 2979 passim
1808 2895 1877 2958 in
1921 2893 2105 2959 libris
2146 2892 2604 2978 interpolatum

220 3000 522 3066 videmus
567 3005 632 3065 et
674 3020 912 3087 magna
955 3002 1056 3066 vis
1102 2999 1542 3085 exemplorum
1588 3000 1874 3085 expromi
1912 2996 2100 3063 facile
2140 2999 2360 3082 possit.
2425 2996 2604 3082 Opti-

221 3125 412 3170 mum
469 3104 645 3170 factu
703 3111 800 3171 est
860 3105 1138 3170 indicare
1195 3104 1366 3170 locos
1426 3101 1892 3188 complusculos
1905 3149 1924 3180 ,
1985 3102 2100 3166 ubi
2163 3101 2335 3166 idem
2383 3101 2602 3167 mendi

222 3228 430 3295 genus
476 3206 860 3275 Griticorum
907 3211 1112 3274 aciem
1155 3210 1346 3297 fugit.

315 3312 390 3376 In
435 3314 876 3398 Aristophanis
920 3315 1146 3378 Avibus
1189 3335 1285 3378 vs.
1338 3310 1490 3379 172.

629 3421 696 3484 τί
739 3417 818 3483 ἂν
862 3416 960 3486 οὖν
1009 3426 1322 3497 ποιοῖμεν;
1369 3419 1645 3484 οἰκίσατε
1691 3417 1845 3496 μίαν
1892 3417 2088 3482 πόλιν.

221 3521 629 3588 scribendum
693 3544 827 3590 esse
886 3523 952 3588 τί
1012 3519 1109 3590 οὖν
1168 3529 1474 3602 ποιῶμεν;
1540 3521 1864 3589 Dindorfio
1907 3522 2169 3608 probare
2212 3540 2337 3586 non
2382 3524 2599 3606 potui,

92 3710 98 3714 .
223 3630 337 3713 qui
398 3627 736 3715 vulgatam
799 3630 1065 3694 retinuit
1083 3675 1099 3705 ,
1166 3649 1559 3714 quamquam
1605 3628 1860 3693 additus
1905 3625 2287 3710 imperativus
2331 3625 2599 3691 οἰκίσατε

221 3754 363 3799 rem
408 3739 648 3798 certam
693 3734 1071 3818 praestabat.

325 3838 665 3921 Thmoph.
716 3836 822 3903 70.

633 3941 698 4006 vl
743 3938 842 4007 οὖν
889 3942 1010 4019 ἐγὼ
1058 3941 1202 4022 δρῶ;
1256 3980 1340 3990 --
1391 3942 1698 4024 περίμενε.

220 4070 318 4115 vs.
369 4046 522 4114 212.

637 4159 763 4226 πῶς
810 4151 910 4220 οὖν
958 4151 1223 4230 ποιήσιος
1273 4191 1356 4202 -
1405 4157 1616 4218 τοῦτον
1662 4149 1874 4218 κλάειν
1924 4151 2153 4218 κέλευε.

223 4281 320 4327 vs.
375 4257 527 4322 635.

643 4365 707 4430 rt
755 4361 848 4429 οὖν
899 4369 1084 4439 ποιῶς
1135 4400 1218 4411 -
1268 4364 1567 4427 ἀπόδυσον
1614 4361 1817 4425 αὐτόν.
