2934 5050
345 303 368 365 l
386 300 468 366 16
637 345 647 362 ,
1322 315 1723 364 insectanti

344 487 709 555 adolescens
747 485 1108 553 studiorum
1163 504 1358 552 causa
1407 484 1808 574 aliquamdiu
1848 483 2118 552 Athenis
2146 490 2438 550 moratus
2469 478 2690 568 optime

338 593 405 660 id
457 602 717 660 noverat
762 601 828 659 et
876 600 1366 658 monumentum
1403 592 1874 658 Anthemocriti
1914 609 2104 678 saepe
2142 587 2426 668 viderat,
2471 585 2544 653 de
2571 603 2691 671 quo

340 700 693 766 Pausanias
739 698 788 765 I.
843 703 950 765 56.
1002 703 1064 763 5.
1114 700 1266 763 ἰοῦσι
1314 697 1375 763 δὲ
1422 699 1523 763 ἐπ’
1572 699 1902 765 Ἐλευσῖνα
1938 693 2008 773 ἐξ
2045 697 2343 771 Ἀθηνῶν,
2389 690 2691 782 (exeunti-

338 803 460 871 bus
505 822 578 870 ea
628 814 845 890 porta,
896 822 1061 890 quae
1107 802 1259 868 olim
1307 803 1375 868 αἱ
1425 800 1713 885 Θριασιαι
1760 801 2000 879 πύλαι,
2046 797 2278 866 deinde
2323 799 2397 865 τὸ
2436 798 2697 865 Δίπυλον

340 908 803 998 appellabatur)
853 908 923 985 ἣν
965 909 1269 984 Ἀθηναῖοι
1314 915 1607 976 καλοῦσιν
1653 908 1781 975 ὁδὸν
1841 906 2046 990 ἱεράν,
2097 905 2556 987 Ἀνθεμοκρίτου
2597 924 2699 968 πε·

339 1017 586 1093 ποίηται
633 1023 887 1094 μνῆμα.
953 1014 1014 1088 ἐς
1076 1018 1287 1080 τοῦτον
1332 1015 1734 1098 Μεγαρεῦσίν
1779 1016 1903 1084 ἐστιν
1948 1013 2361 1079 ἀνοσιώτατον
2407 1011 2612 1093 ἔργον,
2654 998 2704 1071 οἳ

339 1123 572 1204 κήρυκα
611 1118 865 1185 ἐλθόντα
906 1122 984 1192 ὥς
1022 1121 1110 1198 μὴ
1150 1125 1259 1186 τοῦ
1299 1125 1515 1186 λοιποῦ
1555 1123 1666 1196 τὴν
1702 1120 1913 1203 χώραν
1946 1115 2384 1200 ἐπεργάζοιντο
2418 1114 2703 1182 κτείνουσι

338 1227 443 1293 τὸν
505 1225 999 1307 Ἀνθεμόκριτον,
1053 1224 1161 1289 ubi
1223 1224 1651 1311 supplendum
1706 1228 1816 1302 τὴν
1861 1226 2073 1307 χώραν
2124 1222 2260 1313 (τὴν
2306 1221 2498 1312 ἱερὸν)
2543 1221 2707 1300 ἔπερ·

338 1329 644 1413 γαζοιντο.
737 1327 919 1410 Quod
991 1328 1230 1396 Pericle
1295 1331 1437 1395 vivo
1501 1330 1745 1397 dicitur
1807 1329 2264 1410 ἀποτέμνεσθαι
2323 1328 2437 1402 τὴν
2479 1325 2710 1408 ὀργάδα

338 1438 665 1524 sequiores
730 1434 1029 1501 dicebant
1090 1437 1201 1510 rint
1260 1436 1469 1518 χώραν
1517 1439 1628 1513 τὴν
1673 1437 1838 1519 ἱερὰν
1898 1433 2369 1517 ἐπεργῶζεσθαι.
2470 1430 2707 1498 Addam

340 1542 440 1608 his
489 1542 696 1607 locum
746 1559 823 1606 ex
871 1540 1134 1627 epistola
1184 1540 1457 1628 Philippi
1509 1541 1677 1628 apud
1720 1538 2212 1607 Demosthenem
2265 1541 2479 1626 pise
2521 1544 2591 1603 ut
2637 1554 2711 1601 ex

337 1668 411 1715 eo
471 1644 775 1712 mendum
838 1646 1138 1711 eximam.
1231 1646 1577 1728 Μεγαρέων
1637 1653 1789 1726 γοῦν
1853 1643 2312 1727 Ἀνθεμόκριτον
2387 1642 2715 1709 ἀνελόντων

339 1754 423 1826 εἰς
486 1757 664 1817 τοῦτο
734 1752 1021 1828 ἐλήλυθεν
1081 1754 1111 1816 ό
1167 1752 1355 1829 δῆμος
1425 1749 1542 1822 ὅτε
1605 1753 1909 1833 μυςηρίων
1967 1750 2082 1831 μὲν
2150 1750 2373 1832 εἵργειν
2443 1748 2706 1822 αὐτοὺς,

339 1859 759 1937 ὑπομνήματα
808 1857 870 1922 δὲ
913 1865 1025 1932 τῆς
1062 1856 1309 1931 ἀδικίας
1344 1854 1572 1933 ἔςησαν
1615 1855 1945 1940 ἀνδριάντα
1990 1856 2102 1938 πρὸ
2147 1860 2266 1922 τῶν
2310 1858 2520 1919 πυλῶν
2540 1903 2560 1933 ,
2600 1850 2711 1917 uhi

338 1962 747 2030 scribendum
811 1963 1113 2043 μυςηρίων
1157 1963 1271 2041 μὲν
1318 1958 1592 2044 εἶργον
1637 1963 1900 2040 αὐτοὺς,
1962 1960 2394 2039 ὑπόμνημα
2460 1958 2523 2025 δέ
2580 1957 2710 2024 κτὲ.

339 2065 461 2148 Qui
524 2066 688 2133 hane
743 2067 1075 2154 epistolam
1126 2067 1463 2154 supposuit
1514 2087 1635 2134 non
1684 2076 1825 2134 erat
1875 2065 2181 2132 historiae
2229 2065 2481 2131 Atticae
2530 2062 2715 2130 valde

337 2173 604 2259 peritus.
700 2171 817 2238 Est
865 2171 1106 2259 aliquid
1156 2173 1324 2238 inter
1370 2172 1675 2253 μυςηρίων
1723 2172 1945 2254 εἵργειν
1985 2178 2052 2238 et
2107 2172 2382 2249 πόλεμον
2418 2168 2720 2236 ἄσπονδον

338 2286 402 2343 et
449 2277 782 2356 ἀκήρυκτον
829 2277 1122 2359 ἐκφέρειν.
1220 2279 1546 2364 Apponam
1599 2276 1876 2363 denique
1923 2277 2405 2344 annotationem
2473 2275 2720 2363 Harpo-

344 2382 651 2449 crationis
711 2403 774 2449 V.
841 2380 1332 2463 Ἀνθεμόκριτος;
1384 2388 1610 2456 Ἰσαῖος
1659 2383 1722 2447 ἐν
1767 2384 1852 2464 τῷ
1899 2382 2045 2466 πρὸς
2095 2381 2470 2450 Καλυδῶνα·

613 2487 688 2555 τό
730 2510 803 2554 τε
847 2488 1186 2568 βαλανεῖον
1226 2489 1296 2555 τὸ
1343 2491 1491 2573 παρ’
1532 2489 1996 2570 Ἀνθεμοκρίτου
2044 2487 2399 2570 ἀνδριάντα.

341 2592 582 2664 τουτέςι
622 2593 769 2676 πρὸς
807 2601 947 2668 ταῖς
989 2596 1309 2676 Θριασίαις
1356 2594 1590 2668 πύλαις
1612 2646 1626 2660 .
1675 2592 1844 2668 οὗτος
1884 2589 1953 2670 ἦν
1992 2595 2327 2672 Ἀθηναίων
2355 2592 2473 2673 μὲν
2508 2590 2718 2676 κήρυξ,

343 2700 457 2767 ὑπὸ
505 2698 849 2781 Μεγαρέων
911 2698 964 2764 δ’
1025 2700 1382 2782 οὶπεσφοὶγη
1446 2700 1850 2782 ἀπαγορεύων
1914 2702 2123 2773 αὐτοῖς
2186 2702 2299 2776 τὴν
2364 2697 2534 2781 ἱερὸν
2581 2706 2724 2765 ταῖν

342 2808 509 2873 θεαῖν
552 2803 793 2886 ὃργοὶδα
839 2805 928 2884 μὴ
975 2805 1424 2888 ἐπεργῶζεσθαι
1452 2857 1466 2883 ,
1524 2805 1632 2870 ubi
1672 2806 1927 2892 corrige
1971 2807 2084 2881 τὴν
2122 2806 2290 2888 ἱερὰν
2332 2811 2497 2870 τοῖν
2532 2805 2722 2872 θεοῖν

342 2910 603 2993 ὀργάδα.
698 2909 879 2991 Quod
940 2920 1155 2978 autem
1228 2920 1447 2976 narrat
1509 2910 1985 2977 Anthemocriti
2047 2918 2332 2978 statuam
2379 2909 2529 2992 πρὸς
2577 2916 2720 2982 ταῖς

347 3016 670 3099 Θριασίαις
716 3016 944 3090 πύλαις
995 3014 1232 3092 fuisse,
1300 3015 1640 3102 antiquum
1705 3015 1984 3103 aliquem
2036 3017 2416 3103 scriptorem
2467 3013 2723 3081 videtur

346 3131 629 3189 secutus,
723 3120 885 3187 Nam
948 3120 1098 3188 olim
1171 3129 1418 3187 mutato
1486 3121 1746 3186 nomine
1818 3122 1889 3187 τὸ
1936 3121 2213 3188 Δίπυλον
2256 3118 2716 3208 appellabatur.

350 3227 659 3294 Ducentis
681 3227 869 3293 annis
894 3246 952 3293 a.
992 3224 1140 3293 Chr.
1186 3247 1298 3293 rex
1333 3225 1587 3294 Attalus
1610 3227 2064 3301 καταπλεύσας
2101 3228 2186 3302 εἷς
2218 3229 2323 3294 τὸν
2346 3229 2613 3308 Πειραιοῖ
2635 3260 2717 3275 --

348 3330 672 3412 ἀνέβαινεν
719 3333 804 3403 εἷς
850 3328 993 3402 ἄςυ.
1021 3331 1266 3396 -ἔπεὶ
1315 3332 1366 3397 δ’
1416 3333 1604 3414 εἰσῄει
1661 3333 1877 3399 κατὰ
1920 3333 2008 3399 τὸ
2056 3333 2421 3400 Δίπυλον
2461 3330 2531 3409 ἐξ
2576 3332 2718 3397 ἑκα-

344 3436 513 3520 τέρου
574 3440 681 3503 τοῦ
750 3435 965 3519 μέρους
1012 3435 1370 3517 παρέστησαν
1428 3437 1548 3511 τὰς
1620 3438 1842 3516 ἱερείας
1910 3439 2017 3505 καὶ
2083 3439 2224 3512 τοὺς
2294 3439 2511 3520 ἱερεῖς,
2561 3445 2718 3505 teste

350 3542 611 3632 Polybio
674 3541 836 3609 XVI.
905 3544 1012 3608 25.
1071 3540 1153 3607 cl'.
1222 3541 1472 3607 Livium
1535 3542 1766 3609 XXXI.
1840 3549 1953 3621 14,
2031 3548 2142 3610 15.
2196 3540 2587 3609 Plutarchus
2644 3541 2717 3607 de

348 3648 540 3716 caede
607 3646 876 3715 Athenis
937 3666 975 3712 a
1025 3645 1198 3735 Sylla
1262 3648 1504 3714 victore
1569 3646 1772 3714 edita:
1836 3646 1983 3714 ἄνευ
2045 3648 2173 3729 γαρ
2234 3654 2353 3714 τῶν
2398 3646 2574 3714 κατὰ
2612 3649 2717 3724 τὴν

347 3754 551 3829 ἄλλην
598 3751 775 3819 πόλιν
823 3751 1247 3834 ἀναιρεθέντων
1291 3751 1320 3816 ὅ
1368 3751 1503 3833 περὶ
1551 3754 1661 3830 τὴν
1706 3755 1943 3835 ἀγορὰν
1988 3752 2172 3836 φόνος
2220 3751 2465 3836 ἐπέσχε
2511 3752 2716 3820 πάντα

349 3859 454 3927 τὸν
503 3860 668 3933 ἐντὸς
713 3861 820 3923 τοῦ
870 3857 1150 3924 Διπύλου
1190 3856 1603 3937 Κεραμεικόν.
1656 3858 1720 3924 in
1764 3859 1895 3924 vita
1938 3858 2151 3948 Syllae
2170 3878 2313 3946 cap.
2346 3863 2453 3925 14.
2506 3858 2717 3925 Livius

347 3963 575 4032 XXXI.
646 3967 755 4029 24.
824 3962 917 4029 Ab
978 3961 1205 4051 Dipylo
1261 3963 1555 4028 accessit.
1656 3964 1845 4030 Porta
1904 3984 1979 4031 ea
2042 3964 2215 4031 velut
2279 3964 2348 4030 in
2388 3983 2500 4031 ore
2549 3963 2717 4031 urbis

354 4071 560 4161 posita
618 4069 823 4136 maior
869 4068 1200 4155 aliquanto
1246 4069 1695 4155 patentiorque
1741 4089 1936 4156 quam
1984 4078 2313 4148 caeterae,
2361 4068 2529 4137 latae
2573 4076 2718 4136 sunt

349 4178 490 4245 viae
541 4186 610 4242 ut
656 4183 719 4242 et
769 4173 1064 4260 oppidani
1124 4173 1405 4259 dirigere
1467 4173 1672 4239 aciem
1722 4193 1756 4240 a
1815 4174 1948 4241 l'oro
1996 4173 2073 4241 ad
2126 4184 2374 4262 portani
2433 4186 2713 4264 possent:

352 4292 417 4352 et
477 4292 657 4350 extra
726 4280 910 4347 limes
974 4279 1146 4345 mille
1212 4278 1411 4345 ferme
1476 4298 1701 4366 passus
1761 4282 1824 4346 in
1878 4279 2260 4349 Academiae
2306 4281 2709 4372 gymnasium

346 4389 579 4456 l'erens.
629 4386 712 4455 cl'.
762 4384 899 4454 Cic.
947 4384 1025 4451 de
1071 4384 1336 4451 Finibus
1387 4405 1444 4451 v.
1505 4391 1563 4450 l.
