2934 5050
1000 331 1386 379 rnitotoctcA
1450 332 1522 378 ιτ
1567 331 1818 379 carries,
2469 319 2595 386 119

308 495 527 565 Facile
571 497 987 583 agnoscimus
1045 502 1315 566 Ἀττικὰ
1374 501 1655 580 ὀνόματα
1700 522 1778 569 ex
1828 501 2254 570 Dracontidae
2303 502 2591 592 psephis-

219 612 432 681 mate,
486 611 555 669 ul
620 604 684 669 in
735 602 869 669 his:
933 606 985 670 οἱ
1049 604 1111 669 δὲ
1150 605 1400 676 sanas-a>
1460 610 1573 684 τὴν
1615 612 1830 691 ψῆφον
1878 608 2005 674 άπὸ
2050 614 2157 675 τοῦ
2204 611 2423 690 βωμοῦ
2470 608 2589 692 φέ·

216 732 412 792 μντες
472 710 536 775 ἐν
604 708 736 798 [τῇ]
805 707 983 775 πόλει
1043 710 1319 791 κρίνοιεν,
1382 711 1493 777 uhi
1569 712 2033 800 expungendus
2093 724 2192 781 est
2251 713 2587 782 articulus,

218 814 640 883 Athenienses
697 815 761 879 ἐν
822 814 999 881 πόλει
1047 813 1383 896 dicebant,
1437 825 1509 883 ut
1568 819 1633 884 ἐν
1690 817 1856 888 οἶς-ει.
1952 819 2167 886 Etiam
2214 822 2325 897 τὴν
2376 824 2587 902 ψῆφον

217 921 339 988 ἀπὸ
381 925 494 987 τοῦ
540 920 761 1001 βωμοῦ
807 920 1092 1003 φέροντες
1139 923 1350 989 Attica
1412 922 1606 990 verba
1652 934 1807 990 sunt
1852 931 1918 991 et
1963 945 2102 992 mos
2148 926 2457 1013 antiquus
2521 925 2586 992 in

220 1045 286 1094 re
330 1027 517 1113 gravi
568 1034 634 1093 et
680 1025 868 1114 plena
912 1024 1285 1111 religioniS‚
1353 1035 1424 1094 ut
1468 1028 1639 1116 apud
1689 1029 2178 1098 Demosthenem
2229 1031 2304 1097 de
2353 1031 2591 1098 Corona

221 1152 277 1219 p.
329 1137 452 1198 271
528 1132 636 1197 καὶ
697 1135 910 1197 ταῦτα
969 1133 1005 1208 ἦ
1068 1128 1138 1208 ἐξ
1197 1134 1432 1214 Ἀρείου
1492 1135 1705 1214 πάγου
1765 1135 1962 1214 βουλὴ
2024 1136 2150 1203 άπὸ
2211 1142 2319 1203 τοῦ
2364 1138 2585 1217 βωμοῦ

220 1237 485 1320 φέρουσα
543 1239 659 1314 τὴν
712 1242 926 1320 ψῆφον
986 1233 1285 1318 ἔπραξεν,
1352 1248 1415 1304 et
1462 1241 1606 1321 πρὸς
1652 1241 2079 1325 Μακάρτατον
2129 1264 2189 1329 p.
2236 1246 2430 1310 1054.
2479 1242 2584 1309 καὶ

222 1344 267 1409 ol
309 1343 620 1426 φράτερες
663 1380 748 1392 -
780 1339 1091 1423 λαβόντες
1134 1346 1245 1419 τὴν
1281 1350 1496 1427 ψῆφον
1542 1347 1852 1426 καομένων
1898 1354 2017 1415 τῶν
2056 1350 2277 1430 ἱερείων
2317 1349 2446 1414 άπὸ
2473 1351 2582 1414 τοῦ

222 1450 425 1528 βωμοῦ
470 1451 765 1533 φέροντες
811 1454 920 1515 τοῦ
969 1450 1115 1522 Διὸς
1159 1454 1267 1516 τοῦ
1313 1451 1610 1534 φρατρίου
1651 1492 1735 1505 -
1775 1453 2169 1536 ἐψηφίσαντο
2213 1455 2301 1520 τὰ
2345 1455 2583 1521 δίκαια.

226 1554 391 1622 Hanc
436 1574 594 1622 vero
640 1553 1015 1639 religionem
1062 1555 1301 1621 exemit
1340 1555 1605 1642 Hagnon
1644 1564 1710 1624 et
1754 1557 1903 1624 tulit
1942 1567 2012 1624 ut
2049 1579 2244 1625 causa
2285 1567 2589 1645 ageretur

224 1660 277 1725 lv
317 1663 611 1732 δικαςαῒς
655 1660 884 1740 χιλίοις
929 1659 1037 1725 καὶ
1083 1662 1504 1736 πεντακοσίοις
1568 1670 1631 1729 et
1678 1672 1849 1731 esset
1899 1663 2210 1730 iudicium
2260 1665 2395 1731 sive
2442 1678 2587 1731 κλο-

223 1774 332 1843 πῆς
380 1766 489 1834 καὶ
532 1764 727 1846 δώρων
772 1765 908 1830 sive
952 1764 1210 1831 άδικίου.
1308 1766 1478 1833 Haec
1525 1769 1741 1835 omnia
1790 1779 1944 1836 suut
1991 1770 2261 1836 Ἀττικὰ
2305 1769 2585 1850 ὀνόματα

221 1890 293 1937 ex
336 1874 474 1960 ipso
520 1870 854 1956 Hagnonis
903 1868 1337 1957 psephismate
1375 1870 1719 1960 descripta.
1817 1872 2181 1941 Andocides
2222 1876 2355 1955 περὶ
2396 1899 2592 1955 μυςη-

222 1979 341 2058 ρίων
401 1998 464 2066 p.
542 1980 652 2051 10,
723 1980 832 2042 20.
899 1971 1061 2042 οὗτοι
1121 1976 1175 2042 δ’
1237 1971 1319 2042 αὖ
1388 1972 1544 2052 ἦσαν
1606 1976 1813 2044 ὀπόσοι
1884 1989 2187 2057 κλοπῆς
2255 1980 2589 2063 ἢδώρων

220 2080 489 2164 ὄφλοιεν·
540 2081 793 2154 τούτους
840 2076 957 2145 ἔδει
1002 2080 1107 2145 καὶ
1148 2081 1373 2155 αὐτοὺς
1409 2081 1515 2148 καὶ
1554 2084 1695 2157 τοὺς
1737 2084 1810 2148 ἐκ
1845 2082 2073 2151 τούτων
2108 2085 2371 2165 άτίμους
2411 2082 2586 2154 εἶναι.

223 2187 678 2276 Aristophanes
727 2189 790 2251 in
843 2182 1128 2250 Nubibus
1174 2205 1265 2251 vs.
1317 2190 1438 2254 591

482 2296 555 2374 ἢν
601 2291 855 2358 Κλέωνα
899 2290 1004 2356 τὸν
1047 2289 1233 2373 λάρον
1278 2292 1527 2373 δώρων
1574 2293 1816 2366 ἑλόντες
1862 2295 1965 2361 καὶ
2015 2304 2314 2373 κλοπῆς

481 2396 627 2466 εἶτα
670 2396 997 2478 φιμώσητε
1042 2398 1260 2463 τούτου
1302 2398 1354 2461 ’ν
1398 2400 1486 2478 τῷ
1532 2396 1698 2479 ξύλῳ
1741 2398 1848 2465 τὸν
1895 2400 2164 2481 αὐχένα.

226 2503 381 2592 quod
426 2514 650 2573 autem
710 2498 959 2568 addidit
1022 2499 1146 2569 εἴτε
1206 2501 1440 2570 ἀδικίου
1502 2510 1566 2569 et
1627 2522 1730 2570 res
1784 2511 1846 2571 et
1899 2523 2127 2573 nomen
2178 2506 2585 2574 rarissimum

226 2621 330 2676 est.
422 2609 928 2696 Harpocration,
990 2609 1370 2674 ’Λδικίουε
1440 2604 1555 2675 οἷον
1622 2610 2037 2689 άδικῆματος.
2108 2607 2197 2679 ἔτι
2268 2611 2333 2676 δὲ
2392 2610 2586 2689 ὄνομα

227 2713 407 2792 δίκης.
457 2713 831 2782 άποτίνυται
879 2712 941 2779 δὲ
986 2717 1165 2779 τοῦτο
1206 2714 1444 2779 άπλοῦν
1490 2714 1599 2779 ἐὰν
1643 2717 1754 2795 πρὸ
1795 2724 1906 2792 τῆς
1954 2715 2172 2791 ἐνάτης
2212 2718 2583 2796 πρυτανείας

224 2822 501 2905 ἀποδοθῇ·
552 2822 605 2886 εἰ
656 2819 718 2885 δὲ
760 2821 849 2898 μη
889 2818 1140 2884 διπλοῦν
1184 2817 1721 2897 καταβάλλεται,
1772 2820 1880 2886 uhi
1919 2818 2331 2886 scribendum
2374 2820 2587 2887 άποτί-

227 2947 380 2992 νεται
421 2946 539 3014 pro
579 2924 827 3010 poetico
864 2922 1254 2991 ἁποτίνυται.
1327 2923 1568 2991 Nomen
1610 2925 1877 3002 ἀδικίου,
1933 2933 2191 2990 notante
2232 2924 2588 3003 Dindorfio‚

228 3048 338 3098 non
385 3031 630 3118 legitur
670 3028 842 3117 apud
884 3028 1186 3097 Oratores
1224 3031 1335 3115 qui
1375 3039 1750 3116 supersunt.
1824 3031 1893 3096 ln
1941 3049 2069 3095 uno
2107 3030 2242 3095 loco
2282 3028 2589 3095 Dinarchi

230 3138 382 3203 κατὰ
419 3134 787 3209 Φιλοκλέους
827 3155 891 3221 p.
928 3140 1095 3212 108,
1121 3141 1208 3202 50
1234 3137 1529 3222 suspicor
1567 3135 1633 3202 id
1672 3137 1735 3201 in
1784 3134 2014 3201 mendo
2052 3134 2270 3201 latere.
2320 3134 2583 3201 Editur:

231 3240 325 3306 ἐάν
364 3266 455 3315 τις
501 3241 774 3308 ἐναντίον
820 3243 938 3305 τῶν
985 3247 1247 3306 πολιτῶν
1285 3241 1677 3320 ὅμολογύσας
1719 3265 1780 3307 τι
1827 3242 2091 3325 παραβῇ
2129 3245 2342 3307 τοῦτον
2376 3238 2584 3320 ἔνοχον

233 3341 367 3412 εἴναι
410 3347 651 3415 κελεύει
699 3346 755 3433 (δ
800 3344 1003 3434 νόμος)
1041 3346 1128 3426 τῷ
1175 3346 1447 3424 άδικεῖν,
1496 3345 1607 3413 sed
1656 3346 1865 3428 ἔνοχος
1903 3349 1988 3428 τῷ
2031 3347 2262 3413 άδικεῒν
2299 3365 2423 3411 non
2459 3364 2586 3411 uno

236 3453 469 3520 nomine
514 3449 871 3519 absurdum
909 3458 1007 3516 est
1046 3458 1111 3515 et
1148 3452 1444 3538 suspicor
1479 3450 1686 3534 ἔνοχος
1733 3456 1817 3536 τῷ
1858 3453 2144 3533 άδικίῳ
2192 3451 2341 3517 olim
2385 3448 2584 3516 fuisse

238 3556 527 3643 scriptum
550 3607 567 3634 ‚
631 3554 695 3622 id
759 3563 860 3622 est
918 3555 1151 3622 άδικίου
1212 3557 1477 3622 crimine
1535 3559 1730 3623 teneri
1750 3607 1768 3637 ‚
1821 3566 1893 3624 ut
1940 3558 2146 3640 ἔνοχος
2203 3564 2330 3628 τοῖς
2369 3556 2582 3635 ψευδο·

238 3665 556 3745 μαρτυρίοις
587 3668 653 3728 et
699 3662 845 3726 sim.
940 3658 1065 3741 Qui
1104 3667 1322 3727 autem
1361 3660 1519 3748 quid
1553 3662 1640 3728 sit
1678 3663 1906 3731 άδίκιον
1946 3660 2342 3749 perscrutari
2369 3658 2581 3726 volent

240 3769 630 3836 meminerint
674 3766 799 3833 εἴτε
836 3771 1069 3839 κλοπῆς
1104 3765 1209 3832 καὶ
1248 3766 1437 3846 δώρων
1478 3766 1603 3833 εἴτε
1641 3768 1872 3834 άδικιόυ
1912 3787 2038 3832 non
2077 3787 2216 3833 esse
2254 3765 2582 3833 Plutarchi

243 3870 442 3950 verba,
488 3872 599 3940 sed
661 3871 812 3937 olim
863 3872 924 3936 ἐν
975 3873 1059 3953 τῷ
1107 3877 1213 3937 τοῦ
1267 3872 1580 3951 Ἅγνωνος
1642 3874 2017 3955 ψηφίσματι
2065 3870 2264 3938 fuisse
2313 3871 2577 3958 scripta.

244 3971 608 4046 Vocabulum
657 3978 1000 4061 antiquum
1047 3985 1111 4043 et
1156 3976 1569 4044 rarissimum
1618 3987 1973 4044 AAIKIOT
2014 3997 2094 4043 ne
2131 3976 2299 4063 apud
2339 3976 2586 4042 Plutar-

246 4074 412 4146 chum
439 4082 699 4169 quidem
737 4083 877 4147 sine
914 4079 1054 4148 labe
1092 4083 1322 4149 evasit:
1375 4081 1652 4149 inlibris
1688 4083 1986 4150 omnibus
2024 4093 2121 4149 est
2146 4084 2379 4159 ἀδίκου,
2415 4081 2586 4168 quod

245 4178 407 4252 docte
428 4186 723 4255 Reiskius
746 4185 1131 4253 emendavit.
1181 4186 1254 4251 In
1283 4187 1610 4254 Plutarchi
1651 4190 1939 4255 oratione
1976 4208 2049 4254 eo
2091 4189 2296 4272 magis
2334 4187 2587 4269 διαφαί-

248 4309 394 4356 νεται
430 4294 511 4359 τὰ
534 4292 802 4360 Ἀττικὰ
836 4292 1113 4371 ὀνόματα
1139 4293 1323 4379 quasi
1355 4312 1685 4378 gemmae,
1731 4294 1880 4379 quia
1922 4294 2059 4380 ipse
2105 4291 2489 4358 Plutarchus
2524 4293 2588 4357 in

251 4393 418 4463 rebus
440 4399 667 4467 Atticis
690 4417 817 4465 non
848 4398 1125 4469 άττικιςί
1160 4397 1479 4484 loquitur,
1503 4398 1615 4464 sed
1641 4397 2003 4484 aequalium
2039 4395 2295 4464 dicendi
2321 4416 2606 4464 consue-q
