2934 5050
1137 315 1196 360 ιη
1253 316 1648 363 ηειιουοιιυιι.
2448 295 2574 356 325

233 478 304 545 ad
348 481 648 549 Arsinoen
693 471 982 567 jubentis
1025 483 1113 555 εἰς
1172 480 1368 564 ἕτερον
1426 491 1779 562 μεταςῆναι
1837 479 2138 560 δωμάτιον
2185 480 2291 546 καὶ
2339 484 2579 560 σχολὴν

233 586 378 668 αὐτῇ
422 594 798 669 παρασχεῖν.
891 585 1056 651 Tum
1103 584 1434 655 adduntur
1489 588 1628 654 illa:
1676 588 2040 671 ἐρυθριᾶν
2086 585 2252 667 γὰρ,
2297 583 2460 668 ἔφη,
2505 584 2579 650 τὸ

232 686 518 769 μειράκιον
562 690 704 773 ἄρτι
750 696 870 755 τῶν
916 692 1280 774 Ἀφροδίτης
1325 693 1685 771 μυούμενον.
1779 690 2062 759 Verbum
2111 690 2236 773 ἔφη
2284 688 2577 756 additum

223 792 459 859 indicat
505 812 630 860 non
680 793 799 860 boc
852 798 1166 881 scriptum
1217 796 1411 865 luisse
1475 796 1628 863 olim
1690 794 1800 863 sed
1863 797 2205 881 ἐρυθριᾷ.
2300 792 2576 860 Eaedem

229 898 699 968 terminationes
759 899 1063 966 confusae
1122 912 1272 968 sunt
1319 903 1485 969 infra
1538 924 1598 989 p.
1627 905 1775 968 579.
1835 905 1905 967 lt
1960 900 2106 981 πρὸς
2151 898 2580 981 θεραπειαν

225 1001 423 1079 ὄντας,
468 1023 618 1070 nam
682 1006 828 1086 πρὸς
890 1007 1285 1092 θεραπείᾳ
1341 1007 1583 1073 Graece
1643 1004 1913 1073 dicitur·
1948 1025 2097 1072 cum
2161 1004 2357 1071 tertio
2400 1023 2577 1070 casu.

227 1104 348 1171 Non
411 1109 618 1195 magis
679 1108 840 1175 mihi
920 1110 1273 1197 persuadeo
1336 1113 1677 1199 scripsisse
1753 1109 2161 1177 Charitonem
2227 1129 2286 1196 p.
2336 1113 2445 1174 67.
2501 1112 2578 1174 17

225 1211 562 1292 ’προστάξας
634 1213 700 1279 δὲ
770 1218 1045 1281 Φωκοῖν
1108 1216 1194 1283 τὰ
1255 1217 1370 1296 μὲν
1432 1215 1613 1283 ἄλλα
1681 1221 1957 1297 Φανερῶς
2022 1216 2403 1294 διηγεῖσθαι,
2468 1211 2580 1279 sed

228 1323 431 1400 Φωκᾷ
475 1336 706 1384 verum
774 1328 892 1384 est.
987 1318 1262 1386 Gravius
1320 1331 1538 1388 autem
1590 1320 1820 1386 vitium
1875 1319 2229 1386 Herodotus
2274 1317 2389 1384 alit
2439 1317 2580 1384 vn.

230 1424 302 1485 16
343 1422 627 1506 κατάπερ
672 1423 783 1499 την
827 1421 1072 1490 πάντων
1113 1425 1601 1507 χρησιμωτάτην
1638 1426 1992 1506 ἀνθρώποισι
2033 1424 2362 1491 θάλασσαν
2401 1424 2582 1491 πνεύ-

225 1526 394 1603 ματα
434 1533 648 1613 Φασι
707 1526 950 1607 ἀνέμων
1006 1528 1406 1607 ἐμπίπτοντα
1457 1533 1524 1598 οὖ
1585 1533 1969 1612 περιορᾶν
2028 1528 2185 1614 Φάσι
2229 1538 2308 1613 τῇ·
2356 1528 2581 1604 ἑωυτῆς

223 1632 505 1712 χρᾶσθαι.
603 1630 812 1700 Verba
875 1632 1033 1700 baec
1093 1644 1250 1702 sunt
1309 1635 1653 1714 Artabani,
1717 1636 1832 1722 qui
1880 1634 2147 1702 Darium
2195 1632 2466 1700 iratrem
2514 1632 2583 1699 in

221 1734 613 1822 expeditione
649 1735 960 1804 adversus
998 1737 1275 1827 Scythas
1311 1741 1661 1808 comitatus
1707 1739 1921 1807 fuerat
1962 1758 2170 1827 neque
2206 1736 2443 1806 relatas
2478 1756 2584 1805 res

219 1840 403 1908 relert
447 1840 566 1909 sed
611 1860 889 1929 quarum
938 1840 1091 1910 olim
1139 1844 1435 1913 oculatus
1485 1846 1669 1912 testis
1724 1843 1964 1913 suerat:
2015 1846 2233 1931 itaque
2277 1840 2585 1910 credibile

224 1945 418 2013 estid
481 1946 655 2034 quod
722 1956 823 2014 est
885 1945 1042 2030 φύσι
1106 1946 1335 2016 secisse
1395 1958 1466 2016 ut
1534 1950 1741 2018 alieno
1803 1949 1941 2016 loco
1985 1948 2335 2016 adderetur
2377 1952 2581 2031 φασι,

135 2116 142 2121 .
225 2068 340 2137 qno
370 2060 698 2140 expuncto
727 2052 940 2118 omnia
975 2061 1149 2120 recte
1178 2074 1319 2121 sese
1356 2053 1683 2123 habebunt
1713 2055 1768 2121 si
1802 2055 2213 2141 rescripseris
2234 2058 2583 2136 περιορᾷ.

301 2156 517 2224 ninus
569 2156 731 2224 bene
791 2155 1105 2224 scribitur
1167 2178 1229 2246 p.
1273 2163 1430 2227 239.
1497 2165 1583 2227 49
1647 2159 1907 2245 ἀδελφῷ
1967 2160 2052 2242 τῷ
2106 2160 2236 2243 ἐμῷ
2283 2157 2584 2238 Θεαγένει

223 2263 496 2345 τούτῳ,
557 2279 706 2327 nam
772 2263 1100 2328 sincerum
1166 2271 1267 2329 est
1324 2266 1619 2348 τουτῳί
1675 2275 1742 2332 et
1801 2286 1865 2352 p.
1920 2269 2074 2332 257.
2123 2271 2163 2330 5
2209 2263 2584 2346 Χαρικλείας

85 2422 88 2443 ,
220 2365 520 2442 ταύτης
565 2363 747 2431 ἕνεκα
794 2385 909 2452 pro
955 2369 1311 2445 ταυτησί
1355 2376 1420 2435 et
1469 2388 1530 2455 p.
1577 2373 1728 2437 523.
1780 2374 1864 2437 25
1914 2370 2254 2454 Χαρικλείᾳ
2313 2367 2583 2451 ταύτῃ

221 2488 327 2556 pro
368 2472 701 2553 ταυτῃί,
748 2472 940 2539 sicuti
991 2482 1165 2541 recte
1214 2492 1274 2560 p.
1302 2476 1455 2541 524.
1504 2479 1584 2542 15
1626 2474 1964 2559 Καλασιριν
2008 2474 2275 2553 τουτονί,
2322 2493 2387 2562 p.
2426 2477 2583 2540 524.

223 2578 300 2641 28
341 2576 712 2644 Ναυσικλέα
757 2579 1023 2656 τουτονί,
1074 2597 1134 2664 p.
1178 2584 1328 2645 524.
1371 2585 1458 2647 40
1498 2582 1608 2659 ἐμὲ
1643 2584 1922 2662 τουτονί,
1972 2602 2032 2669 p.
2060 2586 2218 2648 524.
2261 2585 2344 2647 47
2395 2582 2584 2659 θυγα-

221 2679 357 2762 τέρα
418 2682 677 2757 ταυτηνὶ
741 2691 807 2748 et
854 2702 916 2769 p.
966 2687 1118 2750 528.
1171 2689 1255 2751 55
1319 2691 1431 2759 τῆς
1492 2689 1701 2764 κώμης
1761 2695 1872 2762 τῆς
1936 2687 2241 2770 ἡμετέρας
2294 2686 2582 2762 ταυτησί.

221 2782 424 2852 linus
471 2794 644 2853 reete
683 2806 747 2873 p.
776 2790 931 2855 525.
976 2790 1062 2853 62
1104 2790 1341 2854 τουτουὶ
1386 2790 1976 2869 Ναυσικλέους,
2026 2791 2133 2858 ubi
2178 2808 2408 2857 nomen
2443 2809 2584 2877 pro-

225 2891 428 2975 prium
475 2890 976 2977 expungendum
1024 2902 1143 2959 est.
1241 2892 1424 2980 Apud
1465 2903 1754 2963 oratores
1803 2894 1988 2963 bodie
2028 2913 2281 2982 quoque
2321 2895 2582 2982 plurimi

223 2991 336 3061 loci
372 3003 761 3082 supersunt,
803 2995 1038 3081 quibus
1078 2996 1234 3063 illud
1275 2999 1474 3065 οὑτοσὶ
1515 3002 1737 3087 reponi
1776 2999 1982 3067 debet.
2062 3000 2171 3067 Vel
2211 3000 2340 3067 sola
2377 3002 2586 3067 oratio

222 3096 519 3166 adversus
556 3099 866 3166 Neaeram
904 3098 1024 3166 boc
1063 3112 1422 3169 monstrare
1455 3107 1723 3190 poterit,
1766 3106 1833 3172 in
1872 3125 1999 3192 qua
2033 3124 2183 3173 cum
2216 3104 2587 3192 frequenter

221 3199 452 3288 tegitur
493 3205 770 3286 Νεαίρας
816 3206 1120 3286 ταυτησί,
1165 3206 1443 3290 Νέαιραν
1485 3210 1777 3288 ταυτηνί,
1825 3211 2153 3294 Στέφανον
2197 3211 2427 3277 τουτονὶ
2446 3261 2466 3288 ,
2516 3212 2583 3277 in

224 3303 320 3372 bis
352 3307 612 3394 quidem
652 3309 912 3376 casibus
951 3329 1075 3376 non
1125 3322 1423 3392 erratur,
1473 3314 1583 3380 sed
1632 3317 1669 3401 §
1702 3319 1780 3380 14
1823 3315 2049 3382 vitiose
2087 3316 2304 3384 editur
2345 3317 2586 3399 Νέαιρα

222 3408 370 3487 αὕτη
429 3421 498 3480 et
558 3411 871 3497 Στεφάνῳ
930 3415 1123 3498 τούτῳ
1181 3436 1296 3503 pro
1355 3418 1545 3494 αὑτηί
1597 3428 1663 3486 et
1722 3421 1958 3502 τουτῳί.
2053 3419 2228 3488 Idem
2279 3421 2585 3488 mendum

221 3519 489 3584 recurrit
552 3520 771 3604 517,
835 3523 954 3597 20,
1021 3525 1142 3598 22,
1205 3525 1331 3600 24,
1398 3527 1525 3603 27,
1592 3529 1711 3602 45,
1762 3531 1888 3603 44,
1942 3530 2066 3602 45,
2115 3531 2243 3604 55,
2288 3531 2412 3604 63,
2458 3530 2585 3603 64,

227 3622 338 3695 72,
387 3627 512 3689 118
573 3629 641 3689 et
703 3625 850 3691 119.
949 3623 1249 3711 Reliquos
1303 3636 1632 3694 oratorum
1696 3628 1866 3695 locos
1927 3627 2054 3696 alia
2099 3631 2430 3698 occasione
2478 3649 2586 3697 re-

223 3725 483 3792 censebo
523 3736 591 3792 et
638 3726 830 3795 simul
880 3726 1088 3797 dicam
1138 3728 1217 3796 de
1265 3732 1638 3800 nominibus
1685 3735 1962 3822 propriis
2010 3742 2154 3820 post
2199 3735 2395 3803 οὑτοσὶ
2444 3755 2584 3803 cre·

223 3823 334 3894 bro
376 3832 793 3918 interpolatis.

308 3932 496 4001 Solita
545 3938 1075 4004 terminationum
1125 3942 1546 4008 commutatio
1594 3940 1740 4007 fecit
1798 3950 1868 4008 ut
1914 3943 2375 4010 obscuraretur
2411 3944 2584 4032 quod

223 4032 586 4106 Heliodorus
624 4043 886 4128 scripsit
927 4062 989 4127 p.
1020 4047 1172 4108 241.
1198 4048 1314 4122 22,
1349 4045 1456 4111 ubi
1494 4046 1802 4134 Thyamis
1844 4057 2149 4115 narratur
2184 4048 2583 4117 Charicleam

226 4138 488 4210 invisere
534 4143 813 4232 noluisse
857 4146 994 4213 οὐδὲ
1038 4149 1178 4227 ὀροῖν
1220 4150 1307 4214 τὰ
1354 4152 1566 4216 πολλοὶ
1616 4152 1962 4232 διεγνώκει,
2010 4160 2118 4220 τοῦ
2158 4157 2247 4233 μη
2290 4157 2399 4232 τὴν
2442 4153 2587 4222 θέαν

225 4243 584 4327 ὑπέκκαυμα
643 4251 971 4330 γίγνεσθαι
1029 4257 1135 4319 τοῦ
1202 4254 1559 4333 ἐγκειμένου
1619 4257 1801 4324 πόθου
1856 4258 1961 4323 καὶ
2019 4259 2260 4341 πρᾶξαί
2302 4285 2363 4325 τι
2410 4262 2587 4340 παρὰ

233 4347 312 4412 τὸ
353 4350 611 4428 δόξαντα
669 4357 777 4424 καὶ
844 4359 1301 4439 προδηλωθέντα
1347 4365 2040 4443 καταναγκασθεί
2057 4390 2112 4441 η.
2206 4364 2341 4430 Non
2394 4361 2587 4428 babet

1059 4546 1082 4580 Ι
