2934 5050
1074 313 1160 358 An
1209 312 1739 360 mesanam.
2518 294 2601 362 67

321 478 613 566 Sequitur
659 482 750 557 μη
796 482 1189 562 ἀποσχέσθαι
1237 481 1389 557 μηδὲ
1437 491 1667 551 TOTC
1722 493 2125 550 OIKEIOTC
2172 487 2362 549 αὐτοῦ
2419 483 2602 551 λοιδο·

237 594 518 666 ρΕΙΟΘαι
569 587 674 651 καὶ
721 594 956 655 πλεῑςα
1003 587 1139 666 περὶ
1202 593 1317 651 τῶν
1362 590 1564 669 φίλων
1611 592 1719 656 καὶ
1766 592 1992 656 οἰκείων
2037 589 2208 656 κακὰ
2253 589 2448 655 εἰπεῖν
2493 589 2600 656 καὶ

237 690 358 771 περὶ
411 697 529 756 τῶν
593 692 1119 767 τετελευτηκότων
1182 700 1383 767 κακῶς
1441 694 1704 780 Abyssa]
1788 694 2244 762 Scribendum:
2308 697 2398 774 μὴ
2449 697 2599 762 ἀπο·

232 796 480 876 σχέσθαι
507 799 662 875 μηδὲ
688 807 868 864 ΤΟΥ
910 807 1143 885 To‘rc
1179 799 1426 871 οἰκείους
1461 802 1654 867 αὑτοῦ
1695 803 2109 884 λοιδορΗΕΑΙ.
2157 802 2600 883 Necessarium

233 922 353 968 esse
393 913 572 969 ΤΟΤ
617 904 867 969 Editori
923 904 1110 991 plane
1155 907 1493 983 assentior,
1556 908 1667 973 sed
1725 910 1982 994 perinde
2035 909 2461 974 necessarium
2504 912 2602 973 est

229 1009 607 1089 λοιδορΗΟΛΙ
631 1060 647 1083 ,
693 1031 819 1096 quo
863 1016 1113 1096 recepto
1156 1010 1297 1083 τοὺς
1345 1012 1591 1085 οἰκείους
1630 1033 1852 1078 sanum
1904 1035 2037 1079 esse
2073 1017 2350 1098 apparet.
2414 1011 2601 1077 Nihil

227 1113 477 1182 interest
519 1117 688 1181 inter
729 1116 1073 1198 λοιδορῆσαί
1117 1139 1259 1181 τινα
1306 1122 1371 1183 et
1416 1110 1621 1190 κακῶς
1670 1120 1885 1183 εἰπεῖν.
1953 1118 2408 1204 Aristophanes
2445 1123 2597 1182 noto

225 1215 385 1287 loco:

486 1326 826 1409 λοιδορῆσαι
873 1329 1013 1400 τοὺς
1063 1328 1346 1409 πονηροὺς
1392 1327 1560 1394 οὐδέν
1605 1329 1694 1396 ἔτ’
1740 1328 2096 1409 ἐπίφθονον.

221 1438 283 1496 et
319 1431 664 1500 Philemon
709 1436 776 1500 in
822 1434 1053 1520 lepidis
1083 1434 1415 1501 versiculis
1461 1435 1629 1521 apud
1673 1432 2022 1502 Stobaeum
2065 1434 2285 1500 morie.
2337 1432 2442 1500 19.
2462 1432 2547 1499 2.

710 1538 866 1616 ἥδιον
910 1541 1072 1606 οὐδὲν
1118 1540 1249 1606 οὐδὲ
1293 1543 1730 1621 μουσικώτερον

710 1645 802 1715 ἔτ’
852 1648 886 1723 ἢ
934 1644 1226 1711 δύνασθαι
1272 1646 1714 1728 λοιδορούμενον
1759 1645 1995 1728 φέρειν.

710 1752 739 1817 ὃ
786 1750 1055 1831 λοιδορῶν
1103 1753 1228 1831 γὰρ
1278 1752 1348 1829 ἣν
1393 1753 1421 1819 ὅ
1476 1752 1913 1832 λοιδορούμενος

691 1858 796 1935 μὴ
845 1867 1246 1937 προσποιῆται
1294 1860 1653 1940 λοιδορεῖται
1690 1859 1991 1939 λοιδορῶν.

87 1970 92 1975 ’
216 1960 602 2040 λοιδορεῖσθαί
661 1985 775 2026 τινι
836 1968 1054 2030 contra
1114 1968 1210 2029 est
1267 1965 1601 2029 maledictis
1656 1971 1882 2029 certare
1898 2011 1915 2041 ,
1981 1963 2264 2027 conviciis
2324 1963 2593 2026 convicia

215 2086 486 2149 reponere
501 2115 518 2145 ,
590 2069 921 2151 obiurqoere.
1027 2069 1144 2137 Est
1211 2072 1409 2135 etiam
1491 2070 1910 2155 Theophrasti
1977 2072 2183 2135 aetate
2249 2067 2592 2133 discrimen

213 2171 372 2239 inter
407 2180 618 2247 κακῶς
656 2176 855 2240 εἰπεῖν
878 2224 893 2252 ,
935 2175 1108 2240 κακὰ
1147 2175 1338 2241 εἰπεῖν
1361 2226 1375 2249 ,
1414 2176 1627 2241 πολλὰ
1668 2175 1771 2239 καὶ
1812 2173 1979 2240 κακά
2020 2180 2132 2239 aut
2169 2175 2337 2238 κακὰ
2375 2172 2591 2239 πολλὰ

213 2277 394 2343 εἰπεῖν
460 2287 677 2346 ΤΙΝΑ
738 2287 805 2347 et
864 2289 1058 2347 ΠΕΡΙ
1114 2290 1404 2347 TINoc.
1491 2283 1910 2347 Accusativus
1960 2284 2220 2366 ponitur
2273 2281 2389 2346 ubi
2448 2281 2593 2365 quis

199 2385 507 2466 praesenti
564 2389 992 2465 conviciatur,
1055 2388 1194 2468 περί
1250 2410 1404 2460 τινος
1465 2394 1683 2453 contra
1739 2388 1909 2452 κακοὶ
1972 2386 2078 2454 vel
2129 2392 2334 2459 καλῶς
2380 2384 2588 2465 λέγειν

211 2488 283 2556 de
323 2493 663 2559 absentibus
706 2493 943 2560 dicitur
988 2498 1102 2559 aut
1146 2494 1223 2560 de
1258 2495 1386 2558 vita
1412 2494 1684 2579 functis.
1756 2491 1863 2559 Sic
1909 2492 2380 2580 Theophrastus
2426 2491 2591 2559 dixit

210 2598 336 2678 περὶ
397 2606 521 2665 τῶν
579 2600 780 2681 φίλων
826 2600 932 2664 καὶ
992 2600 1221 2665 οἰκείων
1267 2600 1439 2666 κακοὶ
1501 2601 1693 2665 εἰπεῖν
1757 2605 1822 2665 et
1869 2600 2001 2679 περ)
2056 2606 2173 2663 τῶν
2219 2613 2585 2674 τετελευτη-

210 2701 388 2769 κότων
435 2711 639 2779 κακῶς
692 2705 902 2785 λέγειν
920 2755 936 2782 ,
999 2707 1114 2772 ubi
1159 2707 1614 2792 Aristophanes
1659 2711 1723 2772 et
1769 2708 2153 2792 antiquiores
2198 2707 2401 2770 Attici
2446 2702 2587 2775 τοὺς

206 2811 423 2888 Φίλους
461 2815 679 2878 πολλοὶ
718 2812 822 2878 καὶ
856 2813 1027 2878 κακοὶ
1067 2813 1262 2877 εἰπεῖν
1303 2819 1368 2879 et
1400 2813 1540 2886 τοὺς
1573 2812 2101 2888 τετελευτηκότας
2141 2812 2343 2883 κακῶς
2379 2808 2589 2888 λέγειν

205 2922 561 2985 constanter
603 2919 808 2985 dicere
851 2918 1157 2986 solebant.

284 3125 358 3194 In
418 3136 709 3196 extrema
766 3134 945 3215 parte
1012 3132 1240 3215 capitis
1299 3150 1413 3215 pro
1483 3132 1511 3195 ὀ
1564 3138 1674 3205 τῆς
1740 3128 2212 3199 ΔΙδΑσκΑλίας
2273 3101 2581 3209 ἑρεθῖσμός

200 3236 378 3301 unice
433 3256 665 3301 verum
727 3256 860 3302 esse
920 3235 1192 3301 arbitror
1253 3236 1321 3301 id
1383 3237 1552 3321 quod
1610 3235 2036 3322 Hottingerus
2096 3236 2332 3318 reperit
2394 3234 2421 3299 ὁ
2470 3240 2580 3308 τῆς

201 3340 632 3414 ΔΊὍΚΟλίας
678 3340 1004 3422 ἐρεθισμός.
1078 3339 1261 3406 Unde
1324 3345 1499 3406 enim
1559 3340 1815 3406 aliunde
1862 3345 1958 3404 est
2002 3339 2114 3404 ille
2159 3339 2582 3405 maledicendi

197 3448 481 3527 pruritus
524 3467 719 3532 quam
765 3468 844 3512 ex
888 3448 1090 3512 animi
1129 3450 1498 3513 morositate
1542 3453 1607 3511 et
1651 3444 2038 3511 truculentia
2051 3491 2069 3523 ,
2120 3465 2315 3530 quam
2352 3441 2580 3512 Graeci

196 3545 520 3618 δυσκολίαν
562 3549 923 3639 appellant?

279 3757 440 3848 Gap.
489 3762 729 3828 XXIX.
778 3765 1237 3843 Φιλοπονηρίας.

279 3866 309 3931 ὁ
357 3867 422 3933 δὲ
470 3869 873 3951 φιλοπόνηρός
939 3872 1030 3939 ἔςι
1088 3869 1319 3934 τοιόσδε
1373 3893 1469 3940 τις
1533 3863 1650 3941 οἶος
1708 3867 2117 3948 ἐντυγχάνειν
2174 3875 2300 3938 τοῖς
2362 3864 2571 3953 [ἥττη-

195 3971 388 4047 aium
439 3977 577 4061 καὶ]
622 3977 942 4054 δημοσίους
989 3980 1240 4053 ἀγῶνας
1287 3974 1687 4058 ὧφληκόσιν.]
1757 3973 2145 4059 Interpolata
2188 3978 2337 4039 sunt
2379 3971 2575 4037 verba

195 4076 552 4157 ἧττημένοις
620 4081 746 4147 καί.
852 4079 1152 4149 Graeculi
1220 4084 1395 4147 enim
1467 4081 1649 4146 verbi
1724 4078 2160 4161 ὀφλισκάνειν,
2239 4078 2570 4161 ὀφλήσειν,

193 4182 446 4262 ὀφλεῖν,
503 4186 852 4268 ὠφληκέναι
896 4190 1209 4254 rationem
1253 4192 1319 4252 et
1362 4208 1557 4251 usum
1602 4186 1787 4271 plane
1834 4188 2195 4251 amiserant.
2277 4182 2351 4249 In
2395 4203 2574 4270 prae-

194 4293 353 4356 senti
398 4295 793 4379 usurpabant
835 4294 1041 4360 forma
1083 4291 1259 4374 ὄφλω
1276 4342 1293 4368 ,
1339 4291 1585 4373 ὄφλεις,
1633 4291 1815 4374 ὅφλει
1834 4339 1850 4366 ,
1899 4296 1965 4356 et
2008 4291 2216 4358 sicubi
2261 4290 2570 4356 aoristum

196 4395 410 4476 ὀφλεῖν
471 4407 540 4463 et
587 4401 793 4480 ὀφλών
847 4401 1154 4468 vidissent
1205 4400 1440 4465 vitioso
1503 4405 1766 4464 accentu
1821 4395 2036 4479 ὅφλειν
2098 4402 2163 4463 et
2222 4395 2433 4476 ὅφλων
2496 4393 2572 4457 de
