2934 5050
336 275 421 338 76
1266 288 1345 335 an
1390 287 1793 336 muctmou.

334 457 451 526 ὅτι.
545 455 783 546 Copula
844 455 1138 524 vocabuli
1197 456 1644 545 praecedentis
1703 454 2157 523 terminatione
2216 450 2518 539 absorpta
2576 467 2732 516 esse

335 565 615 633 videtur.

424 670 668 738 Ibidem
720 672 784 737 in
834 679 1128 738 extremo
1173 671 1423 759 capite:
1475 669 1684 743 δείσας
1733 671 1878 735 κατ’
1926 666 2250 746 ἔνθύμιισίν
2293 689 2431 732 τινα
2475 659 2572 729 ὅτι
2622 664 2734 728 οὐ·

334 779 455 853 δείς
515 803 609 845 πω
668 786 787 844 τῶν
852 778 965 860 πρὸ
1030 778 1249 843 ἑαυτοῦ
1315 778 1613 856 ἀγγέλων
1661 775 1855 841 πάλιν
1900 774 2167 857 ἄφίκετο
2215 772 2322 838 καὶ
2370 793 2734 852 παραποιη-

333 884 599 963 σοὶμενος
659 885 993 967 σφραγῖδα
1012 932 1030 961 ,
1092 882 1200 960 ἵν’,
1264 883 1336 959 ἣν
1391 884 1628 965 ψευσθῇ
1677 889 1788 956 τῆς
1858 878 2034 958 δόξης
2089 878 2180 967 [ἢ]
2236 879 2339 945 καὶ
2388 876 2617 950 ἐκεῖνός
2667 899 2732 941 τι

331 989 756 1073 μεταγράψαι
804 990 1058 1074 αἰτήσῃ,
1116 990 1208 1069 μή
1255 991 1523 1072 ἐπιγνῷ,
1572 988 1709 1054 λύει
1757 990 1878 1062 τὰς
1925 987 2261 1063 ἐπιτολὰς,
2309 986 2373 1050 ἐν
2420 978 2523 1057 αἷς
2567 984 2735 1048 ὑπο-

336 1101 557 1175 νοήσας
616 1121 677 1164 τι
725 1101 959 1163 τοιοῦτο
1006 1096 1508 1178 τροσεπεςοὶλθαι
1565 1097 1698 1160 καὶ
1747 1095 1934 1161 αὑτὸν
1978 1090 2152 1174 ηὗρεν
2198 1089 2734 1174 ἐγγεγραμμένον

335 1205 609 1272 κτείνειν.
698 1201 980 1269 Deleudo
1041 1211 1102 1268 et
1167 1202 1647 1288 transponendo
1709 1199 2072 1266 Badhamus
2133 1197 2594 1265 violentissime
2663 1204 2737 1261 et

337 1319 596 1398 praeter
640 1327 897 1374 omnem
952 1306 1467 1395 probabilitatem
1517 1308 1672 1374 baec
1721 1308 1913 1374 verba
1963 1308 2058 1372 sic
2108 1305 2395 1392 refingit:
2444 1311 2732 1386 σφραγῖ-

336 1417 417 1482 δα
436 1464 455 1493 ,
521 1414 591 1490 ἣν
651 1415 887 1496 ψευσδῦ
944 1422 1057 1489 τῆς
1107 1413 1281 1493 δόξης
1331 1415 1670 1491 ὑπονοήσας
1714 1413 1983 1479 τοιοῦτόν
2030 1437 2092 1478 τι
2139 1412 2639 1492 τροσεπεςοὶλθαι
2693 1412 2731 1487 ἢ

338 1523 615 1594 κακεῖνος
675 1544 736 1586 τι
798 1520 1222 1602 μεταγράψαι
1269 1520 1524 1603 αἰτήσῃ,
1584 1522 1719 1586 λύει
1764 1520 1885 1592 τὰς
1934 1519 2232 1592 ἐπιτολὰς
2278 1520 2339 1583 ἐν
2384 1514 2486 1591 αἶς
2536 1516 2736 1582 αὑτὸν

340 1622 503 1709 εὗρεν
548 1626 1069 1708 ἐγγεγραμμένον
1114 1624 1389 1692 κτείνειν.
1457 1626 1650 1690 Prius
1695 1635 1872 1691 certe
1911 1643 2104 1712 quam
2150 1622 2519 1690 huiusmodi
2565 1620 2732 1709 quid

343 1741 661 1807 tentaret,
712 1729 1108 1817 probandum
1158 1732 1218 1797 ei
1265 1731 1510 1810 luerat,
1560 1732 1841 1817 ineptam
1882 1751 2022 1796 esse
2066 1732 2453 1817 scripturam
2501 1728 2729 1814 vulga·

344 1847 498 1905 tam.
594 1836 664 1903 ld
725 1856 874 1904 vero
930 1840 1307 1925 neutiquam
1373 1838 1714 1925 perspicio.
1778 1835 2020 1902 »Homo
2076 1837 2184 1903 ille
2240 1835 2524 1922 Argilius
2569 1855 2729 1901 cum

346 1945 510 2034 ·(sic
577 1946 751 2011 enim
818 1946 1055 2030 partim
1121 1956 1297 2011 recte
1357 1945 1488 2010 iam
1548 1942 1699 2009 olim
1763 1944 1970 2008 locum
2022 1943 2382 2032 verterunt)
2432 1940 2727 2027 sigillum

347 2050 743 2116 »Pausaniae
787 2048 1002 2135 sigillo
1040 2050 1253 2116 simile
1300 2049 1560 2116 lecisset
1604 2085 1696 2099 —-
1743 2058 1846 2125 ut,
1897 2050 1952 2115 si
1992 2050 2292 2137 opinione
2330 2068 2445 2115 sua
2488 2048 2728 2135 decep·

348 2163 495 2220 »tus
540 2153 800 2232 fuisset,
843 2164 958 2220 aut
1004 2155 1200 2221 etiam
1251 2157 1306 2221 si
1356 2154 1511 2242 qnid
1557 2155 1663 2223 ille
1702 2166 1957 2222 mutare
1995 2154 2298 2223 voluisset
2333 2176 2457 2221 non
2498 2176 2728 2241 agnos-

347 2269 560 2327 ·ceret
617 2297 709 2311 —-
768 2259 1073 2347 epistolae
1119 2259 1373 2328 vincula
1422 2260 1682 2327 laxavit.
1715 2262 1836 2340 ‚In
1886 2281 2013 2348 qua
2063 2263 2431 2348 suspicatus
2477 2258 2726 2347 aliquid

349 2364 757 2431 »huiusmodi
836 2374 1165 2452 praeterea
1247 2364 1622 2432 mandatum
1701 2387 1875 2446 esse,
1946 2388 2014 2434 se
2087 2388 2340 2455 quoque
2402 2370 2725 2455 scriptum

349 2470 696 2559 »caedique
742 2470 1137 2539 destinatum
1189 2470 1507 2539 invenit.''

441 2575 823 2643 Ultimorum
875 2588 1093 2645 autem
1136 2577 1478 2645 verborum
1522 2579 1794 2646 interior
1828 2582 2145 2648 sententia
2188 2580 2342 2648 baec
2378 2590 2506 2648 est:
2560 2597 2728 2668 quae

344 2682 612 2769 epistola
674 2694 898 2771 aperta
959 2685 1391 2772 suspicionem
1453 2687 1630 2762 eins,
1682 2687 1922 2773 aliquid
1976 2686 2341 2754 huiusmodi
2390 2696 2728 2774 praeterea

349 2786 723 2855 mandatum
769 2809 944 2868 esse,
991 2791 1432 2857 confirmavit:
1483 2810 1667 2856 suam
1717 2794 1889 2859 enim
1943 2813 2162 2861 necem
2213 2796 2279 2859 in
2326 2812 2399 2861 ea
2445 2796 2730 2880 impera-

345 2900 477 2959 tam
526 2897 833 2981 repperit.
931 2895 1168 2962 Vocula
1216 2896 1361 2973 καί,
1413 2895 1535 2960 nisi
1576 2895 1794 2977 fallor,
1848 2901 2063 2966 minus
2100 2900 2176 2967 ad
2219 2899 2406 2966 αὐτόν
2444 2899 2730 2986 pertinet

347 3019 539 3085 quam
611 3001 690 3066 ad
755 3004 1118 3069 universam
1185 3001 1574 3068 sententiam
1642 3001 1958 3090 habetque
2006 3005 2139 3072 sere
2183 3025 2323 3072 eam
2371 3007 2545 3082 vim,
2593 3023 2728 3091 qua

345 3106 586 3189 gaudet
634 3109 697 3172 in
752 3118 896 3173 nota
944 3106 1256 3174 formula:
1303 3110 1381 3180 ὥς
1432 3104 1498 3171 δὲ
1542 3112 1758 3173 ταῦτα
1802 3108 1999 3186 ἔδοξεν
2047 3113 2217 3193 αὐτῷ
2264 3110 2396 3177 καὶ
2445 3111 2729 3187 ἐποίησεν

347 3210 557 3286 οὕτως.
622 3215 892 3279 Prorsus
940 3222 1157 3279 autem
1211 3231 1332 3277 non
1383 3211 1723 3300 intellego,
1769 3234 1891 3281 cur
1939 3215 2246 3283 vocabula
2294 3217 2728 3293 ὑπονοήσας-

347 3316 847 3398 mom-&mmm
910 3323 1128 3407 aptius
1186 3329 1512 3409 ponantur
1564 3330 1707 3406 post
1754 3329 1866 3397 τῆς
1914 3320 2144 3400 δόξης.·
2178 3323 2347 3410 quod
2394 3321 2551 3410 quid
2600 3321 2727 3387 sibi

347 3422 502 3488 velit
558 3423 720 3489 satis
773 3443 1093 3513 superque
1149 3427 1479 3494 declarant
1527 3426 1859 3512 superiora
1910 3426 2053 3494 illa:
2107 3425 2197 3494 ὅτι
2246 3427 2728 3498 οὐδεὶς-»τέλη

346 3529 647 3610 ἄφίκετο,
707 3549 900 3614 quam
968 3531 1075 3598 ubi
1142 3533 1447 3619 leguntur
1511 3535 1573 3598 in
1622 3531 1981 3612 codicibus,
2041 3555 2249 3621 neque
2310 3535 2520 3619 magis
2565 3530 2724 3620 quid

349 3634 561 3699 vitiosi
611 3633 698 3700 sit
748 3636 810 3699 in
862 3636 1074 3704 verbis
1118 3637 1217 3705 ἵνα
1264 3642 1353 3718 μὴ
1402 3641 1673 3723 ἐπιγνῷ,
1722 3661 1887 3726 quae
1939 3636 2305 3706 Babbamus
2354 3659 2479 3705 una
2528 3641 2726 3705 litura

348 3737 601 3804 delevit.
697 3738 839 3807 Sola
888 3742 1125 3810 verba:
1179 3745 1250 3823 ἣν
1304 3748 1543 3829 desua-05
1588 3754 1701 3822 τῆς
1750 3746 1926 3824 δόξης
1975 3747 2011 3822 ἢ
2057 3746 2189 3812 καὶ
2237 3745 2462 3821 ἐκεῖνός
2507 3770 2567 3813 τι
2613 3771 2726 3825 με·

347 3848 683 3928 σαγροὶψαι
745 3852 970 3933 αἰτήσῄ
1028 3849 1351 3916 levissime
1406 3876 1511 3921 me
1557 3854 1772 3921 iudice
1819 3852 2166 3940 depravata
2214 3861 2389 3918 sunt.
2487 3851 2727 3938 Nempe

349 3952 564 4020 simile
627 3953 816 4020 homo
871 3956 994 4020 sibi
1051 3968 1356 4042 procurat
1416 3960 1736 4046 sigillum,
1787 3967 1858 4024 ut
1901 3979 1975 4024 eo
2025 3966 2275 4037 utatur,
2322 3959 2374 4023 si
2424 3957 2726 4023 dominus

350 4080 419 4126 se
473 4059 772 4146 opinione
830 4059 1060 4127 falsum
1120 4059 1341 4129 literas
1390 4067 1783 4152 poposcerit:
1843 4067 2118 4142 etenim,
2177 4062 2557 4131 confirmata
2614 4083 2724 4129 su·

351 4164 676 4250 spicione,
742 4165 1002 4252 opinor,
1053 4167 1248 4234 etiam
1321 4173 1606 4255 poscenti
1666 4170 1887 4238 literas
1947 4191 2070 4236 non
2127 4177 2269 4236 erat
2316 4167 2723 4248 reddituruS,

350 4268 461 4336 sed
509 4268 768 4357 ephoris
819 4269 1224 4338 indicaturus
1276 4274 1629 4344 Pausaniae
1672 4277 2121 4365 proditionem.
2204 4274 2359 4342 Inde
2405 4276 2613 4363 igitur
2656 4274 2728 4342 li-

351 4383 505 4462 quet¹
546 4374 992 4466 Thucydidem
1026 4378 1309 4447 scribere
1332 4379 1661 4451 debuisse:
1710 4384 1780 4460 ἣν
1825 4387 2065 4471 ψευσθῇ
2103 4385 2215 4458 τῆς
2253 4381 2432 4460 δόξης
2468 4384 2722 4454 κάκεῖ·
