2934 5050
1084 309 1165 356 m
1205 308 1610 357 wocronin.
2462 290 2548 354 ’19

166 477 266 550 τὴν
331 477 557 558 ἀρετὴν
617 476 965 544 ἀποδώσων.
1062 477 1283 545 Nonne
1349 476 1739 565 requiritur:
1804 478 1972 551 εἰδὼς
2038 479 2161 559 οὐχ
2223 481 2309 552 ὥς
2362 478 2550 562 χάριν

166 582 302 648 ἀλλ’
348 584 443 657 ὥς
489 585 812 667 ὀφείλημα
869 587 980 660 τὴν
1044 586 1269 667 ἀρετὴν
1314 583 1687 651 α’ποδώσωνί
1763 580 1872 649 Sic
1922 582 2153 650 melius
2199 586 2398 651 etiam
2450 587 2545 651 iu-

167 687 534 774 teltegetur,
568 708 695 776 quo
737 699 920 775 pacto
960 692 1240 777 scriptor
1281 689 1548 757 verbum
1591 687 1980 767 ἀποδιδόναι,
2016 689 2184 776 quod
2215 692 2546 779 proprium

168 803 254 861 est
302 794 381 860 dc
417 796 631 882 qratia
669 795 1014 882 debitisque
1051 796 1426 874 reddendis,
1495 815 1645 861 cum
1685 794 2096 861 substantino
2135 798 2325 879 αἱρετή
2367 798 2547 884 iungi

169 902 455 987 potuerit.
550 899 679 967 Ne‘c
732 912 945 966 tamen
997 901 1162 968 male
1209 900 1414 969 deleta
1472 901 1568 967 his
1606 901 2072 989 praepositione
2118 901 2544 969 scriberetur:

170 1007 317 1079 εἷδὺς
358 1008 427 1072 οὐ
454 1005 574 1087 χά
589 1031 731 1089 ριν,
768 1008 921 1072 ἀλλ’
958 1008 1395 1091 ὀφείλημα
1434 1010 1549 1085 την
1590 1010 1810 1090 αἱρετὴν
1844 1008 2207 1081 ἀποδώσων,
2242 1017 2305 1074 et
2333 1010 2549 1075 nescio

170 1130 237 1176 an
283 1111 437 1178 haec
482 1113 571 1176 sit
616 1114 752 1198 ipsa
796 1112 1083 1179 historici
1131 1130 1391 1191 manus,
1430 1134 1623 1200 quam
1669 1116 1802 1180 sive
1845 1113 2331 1199 interpretando
2377 1113 2550 1190 sive,

173 1227 227 1282 ut
272 1229 537 1304 captum
588 1237 780 1283 suum
833 1229 1292 1305 superantem,
1346 1218 1422 1286 de
1484 1219 1808 1286 industria
1858 1218 2201 1304 ntagisteiii
2251 1217 2548 1285 oblitera-

172 1323 306 1389 riut.
397 1323 586 1406 Quod
639 1322 825 1389 hodie
874 1322 1153 1410 legitur,
1212 1326 1315 1390 vix
1363 1324 1679 1392 Graecum
1728 1344 1869 1392 esse
1913 1326 2236 1392 existimo.

252 1429 401 1517 Gap.
454 1435 536 1496 41
595 1438 764 1496 extr.
815 1436 1151 1513 πανταχοῦ
1192 1430 1256 1496 δὲ
1305 1440 1583 1509 μνημεῖα
1629 1437 1895 1498 κακῶν
1932 1455 2006 1496 τε
2042 1432 2333 1510 κάγαθῶν
2378 1432 2553 1498 ἀΐδια

173 1535 773 1616 ξυγκατοικίσαντες.
848 1536 1229 1602 Scholiasta:
1283 1537 1516 1625 κακῶν]
1571 1539 1718 1619 πρὸς
1765 1538 1909 1609 τοὺς
1957 1536 2354 1617 πάσχοντας.
2411 1538 2550 1603 Pta-

169 1643 284 1707 cuit
329 1661 401 1709 ea
454 1643 918 1728 interpretatio
967 1641 1099 1708 fere
1147 1644 1705 1729 criticis-praeter
1757 1642 2155 1722 Lehnerum,
2219 1643 2331 1729 qui
2396 1662 2545 1729 quo-

170 1747 423 1815 rundam
487 1747 809 1814 librorum
867 1747 1206 1816 lectionem
1269 1755 1478 1814 καλῶν
1539 1746 1876 1835 ampiexus
1938 1756 2036 1814 est
2099 1748 2162 1813 in
2212 1757 2338 1814 act.
2389 1746 2546 1834 phil.

171 1851 393 1922 Monac.
462 1854 562 1921 ΙΙΙ
619 1875 678 1943 p.
724 1859 831 1922 34.
928 1853 1131 1935 Quem
1174 1854 1469 1921 Gotlerus
1512 1856 1578 1920 in
1622 1853 1722 1921 ed.
1763 1873 1881 1921 sua
1920 1853 2161 1941 carpit,
2210 1851 2380 1939 quod
2423 1872 2546 1918 non

177 1958 382 2028 viderit
416 1968 631 2028 κακῶν
666 1959 891 2027 referri
931 1959 1011 2026 ad
1049 1961 1383 2046 superiora
1429 1960 1569 2028 itta:
1620 1958 1763 2027 οὔτε
1793 1960 1883 2041 τῷ
1923 1960 2201 2040 πολεμίῳ
2236 1957 2551 2025 ἐπελθόντι

173 2065 592 2145 ἆγανόκτησιν
629 2065 765 2149 ἔχει
805 2068 914 2150 ὑφ’
939 2064 1069 2132 οἵων
1108 2067 1475 2133 κακοπαθεῖ.
1528 2068 1830 2133 Attamen
1870 2063 2116 2130 fallitur
2142 2064 2277 2149 ipse
2304 2064 2550 2150 vitupe-

178 2181 359 2247 rator3
409 2192 566 2240 nam
614 2171 773 2239 iiiuc
825 2170 1050 2238 referri
1109 2192 1231 2236 nou
1277 2192 1460 2258 posse
1489 2170 1737 2259 liquido
1793 2178 2059 2257 apparet
2111 2189 2259 2235 cum
2302 2189 2381 2235 ex
2428 2189 2548 2236 usu

180 2277 330 2344 verbi
365 2277 866 2361 ξυγκατοικίζειν
905 2286 1043 2343 tum
1080 2297 1117 2344 e
1143 2276 1386 2344 verbis:
1439 2279 1619 2344 α’λλα
1643 2281 1858 2345 πᾶσαν
1883 2314 1970 2327 --
1994 2276 2313 2355 γενέσθαι,
2352 2276 2552 2362 siqui·

182 2381 300 2451 dem
341 2385 428 2450 ihi
470 2385 554 2451 de
605 2384 900 2450 hostibus
937 2383 1097 2450 bello
1130 2384 1340 2471 petitis
1376 2403 1499 2449 non
1543 2386 1623 2448 de
1657 2381 2166 2470 aqqredientibus
2191 2401 2404 2448 sermo
2429 2390 2550 2448 est.

255 2491 395 2579 Gap.
443 2495 556 2559 49.
609 2489 717 2556 καὶ
766 2490 841 2556 ἐν
878 2491 957 2556 οὔ
1006 2492 1218 2573 πολλῷ
1256 2488 1473 2573 χρόνῳ.
1529 2486 1940 2578 Thucydides
1974 2487 2331 2555 Atticorum
2379 2505 2556 2555 more

186 2596 356 2664 sciet:
407 2601 547 2665 οὐκ
590 2597 662 2662 ἐν
697 2599 933 2679 πολλῷ.
1010 2597 1060 2663 Ε
1102 2596 1265 2662 libro
1299 2596 1409 2663 vu
1454 2596 1666 2662 notavi
1710 2595 1865 2662 haec
1905 2594 2223 2680 exemptm
2280 2592 2438 2678 Cap.
2467 2598 2553 2661 56

188 2704 297 2769 οὐκ
339 2706 414 2770 ἐν
460 2704 721 2786 πολλῷ,
768 2704 917 2789 Cap.
965 2707 1051 2769 70
1095 2704 1163 2768 οὐ
1210 2703 1287 2769 δι’
1333 2703 1586 2781 ὀλίγον,
1636 2703 1788 2788 Cap.
1839 2705 1924 2767 79
1973 2701 2109 2767 οὔκ
2156 2701 2270 2766 ἐπ’
2308 2700 2553 2779 ὀλίγων.

189 2805 400 2876 Contra
464 2809 526 2876 11
594 2813 682 2874 56
752 2819 925 2875 recte
988 2808 1227 2894 legitur
1285 2808 1370 2887 ἐξ
1435 2812 1516 2875 οὐ
1562 2805 2035 2890 προσηκόντων,
2097 2807 2247 2892 quia
2300 2807 2431 2873 οὐκ
2476 2807 2557 2872 ἐκ

191 2914 581 2994 προσηκόντων
633 2911 795 2980 foret
841 2911 1216 2997 κακόφωνον.

260 3019 411 3107 Gap.
461 3026 543 3087 61
589 3040 652 3085 v,
705 3020 812 3085 fin.
847 3020 1308 3103 ξυμφοραῖς
1357 3027 1545 3093 ταῖς
1585 3019 1987 3098 ,asyle-ate,-
2026 3017 2253 3083 ἐθέλειν
2288 3018 2559 3100 ὖφίςασ-

193 3124 291 3190 θαι.
382 3127 581 3194 Recte
622 3125 767 3192 libri
807 3124 1159 3192 deteriores
1200 3123 1435 3192 habeut
1475 3125 1976 3203 Accusativum,
2044 3123 2139 3190 vel
2191 3124 2334 3190 sine
2379 3123 2562 3190 tibris

197 3232 675 3299 restituendum.
727 3232 995 3298 Dativus
1041 3231 1212 3296 enim
1257 3229 1374 3297 hoc
1426 3229 1599 3297 verbi
1642 3251 1833 3298 sensu
1876 3231 2167 3297 soloecus
2206 3240 2326 3297 est.
2376 3229 2560 3296 Nulla

198 3343 280 3400 cet
310 3348 523 3406 autem
560 3338 628 3403 in
674 3338 848 3404 hisce
882 3335 1177 3403 minutiis
1216 3337 1512 3402 codicum
1555 3338 1946 3415 auctoritas,
1987 3336 2307 3423 siquidem
2337 3346 2557 3403 utrum

202 3461 237 3501 a
274 3460 344 3507 an
390 3444 828 3528 att-scriptum
878 3445 964 3507 sit
1015 3444 1093 3506 in-
1130 3441 1312 3507 tihris
1362 3444 1650 3528 antiquis
1695 3441 1924 3530 dispici
1977 3443 2082 3508 vix
2131 3452 2354 3529 potest.

278 3545 423 3634 Gap.
475 3556 590 3617 62.
657 3552 692 3625 ἢ
741 3550 808 3615 οὐ
844 3548 1057 3625 κηπίον
1105 3548 1209 3613 καὶ
1259 3549 1774 3627 ἐγκαλλώπισμα
1820 3549 2113 3616 πλούτου.
2168 3549 2267 3616 Cf.
2310 3548 2564 3614 Dexter!

207 3648 406 3737 fragm.
458 3677 516 3743 p.
573 3660 719 3722 183.
778 3661 881 3720 11:
937 3654 1043 3720 καὶ
1092 3650 1208 3721 ὅσα
1250 3656 1523 3721 πλούτου
1559 3656 2161 3733 ἐγκαλλωπίσματα
2185 3662 2251 3720 et
2278 3652 2564 3720 uinum-fi

208 3758 488 3840 praefatio
534 3761 615 3829 ad
670 3761 831 3828 uisi.
882 3761 1109 3827 Graec.
1162 3762 1316 3825 inin.
1370 3759 1491 3826 vol.
1542 3761 1565 3826 Ι
1619 3782 1679 3847 p.
1730 3759 2014 3826 XXXIX.

228 3869 237 3878 '
284 3863 425 3952 θὴρ.
466 3873 551 3936 65
594 3888 691 3955 pr.
735 3867 841 3933 fin.
900 3867 1005 3932 καὶ
1044 3868 1110 3934 οὖ
1153 3866 1435 3949 πρότερον
1484 3867 1761 3933 ἐνέδοσαν
1800 3867 1835 3943 ἢ
1886 3864 2118 3932 αὑτοὶ
2169 3865 2244 3930 ἐν
2294 3865 2568 3947 σφίσιν

211 3972 358 4037 κατὰ
386 3975 502 4048 τας
542 3976 707 4048 ἰδίας
740 3974 1040 4058 διαφορὰς
1074 3972 1501 4054 περιπεσόντες
1537 3972 1933 4055 ἐσφάλησαν.
1987 3971 2344 4038 pronomen
2384 3972 2564 4052 σφίσι

215 4093 311 4159 pro
349 4080 558 4160 σφίσιν
604 4083 813 4154 αὐτοῖς
864 4080 1113 4146 nuttum
1152 4088 1375 4146 tuetur
1419 4079 1786 4165 exemptum
1829 4095 2054 4146 eorum
2097 4095 2260 4162 quae
2303 4075 2384 4143 ad
2433 4076 2495 4141 h.
2526 4077 2566 4141 Ι.

216 4180 442 4268 cottegit
490 4186 864 4273 Krugerus,
918 4207 1033 4253 nec
1084 4185 1241 4251 mihi
1290 4184 1554 4271 quidem
1604 4182 2020 4252 satisfaciunt
2070 4202 2233 4268 quas
2279 4181 2358 4248 ad
2409 4180 2473 4248 h.
2527 4181 2568 4247 Ι.

220 4288 458 4369 protulit
502 4294 933 4360 coniecturas.

298 4391 628 4466 &essenus
694 4399 909 4465 nescio
974 4418 1101 4485 qua
1164 4397 1570 4463 diversarum
1634 4401 2117 4462 structurarum
2196 4390 2571 4459 confusione
