2934 5050
69 8 2867 80 -““--“-“’--“-.“-“

1036 347 1429 393 communita
1494 347 1727 394 LA‘rfflA.
2442 326 2568 386 427

69 513 381 621 ,ffloepbc
426 516 933 592 ἀγνοοῦντας
980 514 1165 588 τοὺς
1213 516 1635 596 Κυμαίους
1687 514 1974 602 (stupore
2021 511 2298 577 famosos
2339 516 2412 575 ut
2437 506 2558 574 Ab·

105 663 112 672 ·
202 616 454 704 deritas)
517 617 979 696 ὀγκώμενος
1039 618 1273 696 μάλα
1330 619 1602 702 τραχὺ
1649 620 1780 685 καὶ
1831 611 2558 691 καταπληκτικόν,

199 721 381 803 ἄχρι
423 722 514 797 δή
551 745 672 794 τις
714 715 960 789 αὐτὸν
998 720 1223 799 ξένος
1263 725 1403 789 καὶ
1444 723 1741 790 λέοντα
1780 723 1957 788 ἰδὼν
1995 721 2129 787 καὶ
2167 720 2335 786 ὄνον
2378 732 2561 785 πολ·

198 823 428 898 λάκις
493 823 803 905 ἤλεγξε
864 829 1123 892 παίων
1182 837 1355 901 τοῖς
1417 827 1719 905 ξύλοις.
1811 824 1909 893 Cl'.
1959 824 2333 910 Pseudolog.
2385 844 2445 889 c.
2494 826 2559 887 3.

200 928 308 995 Hic
365 929 625 997 demum
681 930 933 1015 singula
982 934 1225 1018 optime
1271 934 1681 999 conveniunt.
1754 932 1872 997 Isti
1919 931 2031 1017 qui
2078 933 2272 996 etiam
2325 928 2563 995 leviora

199 1042 448 1120 peccata
496 1036 699 1102 verbis
747 1034 1041 1104 Herculis
1085 1038 1388 1103 invadunt
1434 1049 1499 1105 et
1538 1038 1615 1103 de
1652 1038 1879 1102 virtute
1918 1035 2108 1101 loculi
2144 1033 2390 1099 clunem
2430 1032 2560 1118 aqi-

201 1149 355 1214 mne,
419 1149 643 1226 turpes
693 1144 1046 1207 introrsum
1097 1143 1262 1207 asini
1311 1141 1418 1208 sed
1469 1143 1753 1229 speciosa
1807 1141 1966 1228 pelle
2013 1140 2263 1206 leonina
2312 1138 2563 1213 decori,

199 1243 614 1330 simpliciores
684 1244 945 1331 quidem
1022 1246 1510 1334 hebetioresque
1584 1247 1874 1314 homines
1940 1245 2125 1311 facile
2184 1243 2560 1329 decipiunt,

201 1347 300 1413 sed
357 1351 532 1416 viros
599 1352 923 1417 acutiores
969 1354 1277 1438 narisque
1323 1360 1700 1430 emunctae,
1763 1350 1974 1439 qualis
2020 1349 2307 1415 Lucilius
2352 1357 2451 1413 est
2497 1353 2563 1412 et

201 1450 528 1531 HoratiuS,
597 1464 926 1541 nequeunt
975 1454 1223 1524 fallere:
1281 1455 1344 1522 bi
1396 1464 1458 1521 et
1508 1458 1722 1522 asinos
1773 1463 2009 1523 norunt
2057 1464 2120 1520 et
2170 1454 2420 1530 leoneS,
2469 1460 2563 1517 at-

197 1577 313 1644 que
369 1558 512 1626 illos
577 1558 760 1626 facile
809 1559 1092 1627 detectos
1138 1560 1418 1628 fustibus
1464 1560 1714 1638 dolant,
1763 1562 1805 1627 i.
1854 1580 1910 1627 e.
1960 1560 2179 1626 satiris
2226 1560 2363 1625 suis
2409 1576 2563 1624 exa-

201 1662 394 1747 gitant
436 1671 504 1731 et
553 1663 925 1731 traducunt.
2236 1685 2241 1690 ·

1059 1771 1194 1838 Sat.
1244 1769 1340 1847 11,
1391 1771 1492 1847 11,
1543 1776 1693 1838 125.

552 1871 699 1939 Post
749 1872 867 1939 hoc
918 1873 1109 1956 ludus
1154 1882 1294 1941 erat
1340 1874 1526 1960 culpa
1573 1882 1795 1963 potare
1833 1874 2158 1961 mayistra.

281 1975 452 2044 Inter
510 1978 923 2044 coniecturas
992 1981 1057 2045 in
1126 1980 1298 2047 bunc
1363 1979 1574 2045 locum
1651 1979 1928 2066 prolatas
1999 1979 2178 2066 (nam
2239 1974 2568 2062 vulgatam

205 2078 432 2147 frustra
478 2079 738 2147 defendi
788 2082 1161 2169 planissime
1209 2086 1530 2151 assentior
1577 2083 2043 2170 Peerlkampio)
2093 2080 2252 2147 mibi
2302 2079 2566 2167 quidem

205 2181 375 2271 longe
417 2186 704 2253 maxime
740 2186 987 2253 arridet
1029 2188 1498 2255 Kircbneriana
1530 2187 1826 2274 pulso—
1851 2188 2193 2276 maqistro,
2245 2187 2368 2251 nisi
2396 2183 2566 2272 quod

207 2287 313 2356 hoc
354 2292 537 2376 gravi
589 2290 838 2358 laborat
885 2293 1322 2372 incommodo,
1372 2292 1542 2381 quod
1588 2294 1675 2359 ita
1726 2291 1922 2359 Ofella
1970 2291 2213 2358 (licitur
2260 2292 2443 2378 prius
2488 2288 2569 2356 de

209 2412 367 2462 more
422 2396 490 2461 in
551 2396 866 2462 conviviis
923 2399 1058 2462 suis
1118 2399 1535 2465 constituisse
1597 2397 1855 2464 bibendi
1905 2399 2290 2483 magistrum
2338 2393 2571 2463 deinde

208 2518 344 2568 vero
385 2501 733 2587 abrogasse
759 2551 778 2581 ,
828 2521 993 2589 quae
1030 2522 1184 2570 sane
1230 2522 1438 2590 neque
1483 2503 1731 2570 Horatii
1770 2521 1976 2591 neque
2014 2502 2357 2571 Kirchneri
2386 2520 2570 2569 mens

207 2603 351 2686 tuit,
399 2610 504 2675 cui
560 2608 751 2673 unice
797 2610 1127 2675 convenit:

554 2721 700 2798 post
741 2711 857 2778 boc
906 2710 1097 2779 ludus
1137 2721 1280 2780 erat
1324 2712 1502 2779 nullo
1549 2721 1769 2800 potare
1815 2713 2156 2800 Μαρίωνα,

213 2822 276 2879 ut
319 2813 454 2883 fieri
500 2815 746 2882 solebat
796 2817 859 2882 in
908 2816 1058 2882 villa
1102 2818 1304 2905 ipsius
1359 2819 1640 2896 Horatii,
1691 2816 1801 2883 ubi

1168 2931 1359 3008 prout
1405 2923 1641 3009 cuique
1686 2920 1881 2988 libido
1927 2927 2027 2986 est

559 3022 845 3091 siccabat
895 3025 1262 3110 inaequales
1308 3028 1542 3094 calices
1586 3025 1853 3093 conviva
1901 3024 2149 3091 solutus

557 3128 809 3216 legibus
859 3131 1106 3196 insanis
1150 3139 1302 3198 cett.

214 3250 388 3316 quem
433 3234 649 3301 locum
700 3236 826 3301 iam
876 3234 1095 3300 attulit
1140 3236 1459 3303 Bentleius
1494 3258 1691 3323 paene
1736 3242 1911 3302 reete
1951 3236 2128 3316 (nam
2156 3219 2450 3320 ineptum
2470 3239 2570 3300 est

216 3355 399 3420 genus
445 3338 861 3427 femininum)
912 3339 1288 3407 coniiciens:
1340 3340 2002 3427 nulla—maqistra,
2049 3345 2393 3423 antequam
2433 3356 2572 3403 mu-

216 3442 460 3510 tationis
522 3441 755 3511 lenitas
812 3461 962 3509 eum
1012 3442 1385 3523 induceret,
1434 3453 1508 3511 ut
1557 3444 1846 3530 neglecto
1893 3461 2087 3509 sanae
2134 3443 2370 3509 mentis
2416 3462 2571 3507 con-

219 3543 380 3626 silio,
440 3547 935 3633 ingeniosiorem
999 3547 1273 3615 sortasse
1331 3550 1442 3616 sed
1492 3550 1757 3616 minime
1806 3545 2194 3635 probabilem
2240 3548 2570 3613 coniectu-

222 3664 344 3714 ram
393 3660 743 3736 promeret:
793 3654 1427 3740 copa—-mayistra,
1474 3663 1702 3720 eontra
1747 3672 1941 3739 quam
1982 3650 2128 3716 vide
2167 3670 2331 3737 quae
2374 3652 2569 3718 veris·

220 3750 364 3821 sime
409 3753 700 3842 disputat
744 3756 1264 3844 PeerlkampiuS,
1310 3759 1424 3845 qui
1464 3767 1681 3825 tamen
1726 3760 1861 3846 ipse
1901 3754 2072 3823 baud
2110 3774 2266 3822 saue
2306 3755 2570 3823 meliora

223 3860 615 3945 excogitavit.

1334 4043 1443 4110 lv,

1105 4224 1197 4289 An
1257 4222 1667 4290 Pnorsariun.

313 4380 498 4451 Lubet
559 4385 687 4452 iam
753 4394 1001 4453 tentare
1056 4406 1293 4473 paucos
1339 4386 1648 4475 quosdam
1699 4386 1870 4452 locos
1919 4384 2334 4455 librariorum
2381 4383 2570 4471 culpa
