2934 5050
1214 311 1557 361 nonnch.
2462 297 2592 362 399

300 480 566 546 Formae
630 485 926 567 antiquae
985 489 1050 548 et
1098 485 1374 549 sincerae
1389 530 1408 558 ,
1469 486 1538 546 in
1583 483 1817 567 quibus
1867 492 1912 546 C
1960 483 2195 548 elisum
2241 489 2373 561 est,
2424 485 2593 570 apud

185 582 566 651 Homerum
629 587 891 672 quidem
951 593 1017 654 et
1074 587 1381 655 librorum
1444 586 1789 654 meliorum
1836 606 2141 653 consensu
2186 592 2254 654 et
2296 592 2593 656 veterum

188 686 799 757 Grammaticorum
843 694 1232 759 testimoniis
1276 699 1412 759 tam
1456 691 1729 758 firmiter
1772 697 1924 757 sunt
1968 692 2292 759 stabilitae
2311 739 2329 770 ‚
2390 699 2470 759 ut
2511 697 2595 760 iis

189 793 525 860 librorum
568 796 958 864 deteriorum
991 801 1341 884 scripturae
1356 843 1376 876 ‚
1423 818 1587 883 quae
1624 796 1893 863 subinde
1931 803 2236 883 apparent
2250 845 2269 877 ,
2314 798 2556 865 τελέσει
2573 846 2592 877 ,

188 898 564 980 τελέσωσι,
613 901 875 982 κορέσεις
890 953 909 984 ,
958 903 1213 986 κορέσει,
1258 901 1530 985 έρύσουσι
1573 901 1743 968 nihil
1784 922 2007 969 nocere
2049 905 2312 988 possint.
2362 903 2596 969 Ἐντα-

190 1003 410 1071 mium
453 1007 623 1092 quod
668 1007 878 1074 solum
922 1015 1057 1076 erat
1098 1008 1419 1093 reliquum
1452 1029 1623 1073 nunc
1662 1012 1729 1073 et
1767 1009 1986 1094 ipsum
2025 1006 2434 1075 eliminatum
2473 1015 2592 1075 eat.

191 1110 338 1179 Sed
400 1112 828 1201 quasssjsordes
887 1136 967 1181 ex
1024 1113 1309 1182 Homero
1369 1113 1593 1179 sedulo
1646 1133 1865 1179 omnes
1911 1112 2222 1192 eluimus,
2271 1134 2381 1181 eae
2427 1116 2597 1201 apud

196 1217 374 1284 alios
417 1220 826 1305 pertinaciter
876 1220 1137 1286 haerent
1180 1220 1344 1286 vitio
1387 1215 1853 1285 Graeculorum
1899 1221 2193 1305 antiquas
2236 1220 2473 1286 formas
2518 1241 2597 1286 ex

195 1325 500 1390 inscitia
527 1324 1072 1411 interpolantium.
1160 1323 1288 1405 Qui
1358 1322 1645 1389 Homero
1720 1324 2143 1390 obtrudebant
2201 1324 2470 1407 xopae'cetc
2532 1331 2599 1391 et

196 1427 455 1509 κορέεει
470 1475 489 1507 ,
537 1430 739 1495 iidem
784 1430 1031 1496 duobus
1073 1429 1232 1495 locis
1274 1427 1680 1494 Herodotum
1725 1427 1845 1494 hac
1887 1428 2145 1495 macula
2182 1432 2603 1516 inquinarunt

198 1544 261 1599 1.
288 1533 443 1600 212.
495 1528 532 1609 ἦ
574 1532 694 1614 μέν
737 1557 808 1599 σε
854 1535 977 1613 ἐγὼ
1022 1535 1127 1600 καὶ
1175 1532 1459 1608 doraum
1506 1531 1684 1601 έόντοι
1731 1531 2003 1612 αἵματος
2048 1533 2310 1615 neptem,
2356 1541 2423 1602 et
2459 1556 2597 1622 cap.

200 1637 370 1704 214.
418 1640 488 1705 σὲ
533 1637 587 1703 δ’
636 1640 797 1718 ἐγώ,
847 1644 1133 1722 κατάπερ
1178 1641 1530 1716 ἠπείλησα,
1584 1635 1855 1717 αἵματος
1895 1637 2149 1720 κορέεω.
2210 1640 2327 1705 Nil
2358 1639 2595 1705 dissen-

197 1746 390 1810 tiunt
433 1743 584 1810 libri
600 1793 618 1823 ‚
666 1745 777 1811 sed
802 1746 1098 1832 futurum
1142 1743 1371 1826 κορέσω
1417 1745 1763 1811 barbarum
1808 1749 1904 1809 est
1945 1749 2011 1809 et
2045 1746 2384 1831 utrobique
2420 1745 2597 1825 κορέω

201 1850 665 1936 reponendum.
737 1850 1057 1916 Futurum
1117 1850 1492 1929 συγκαλέειν
1551 1851 1757 1916 evasit
1810 1866 1903 1914 m.
1955 1847 2063 1915 74.
2109 1849 2221 1915 sed
2266 1854 2484 1916 tamen
2528 1852 2599 1916 in

203 1956 385 2022 bono
427 1954 592 2022 libro
638 1955 1066 2034 cuyxoealcm
1110 1961 1390 2041 apparet.

309 2059 486 2140 Quae
545 2060 764 2125 futura
824 2060 993 2146 apud
1054 2059 1457 2127 Herodotum
1517 2080 1595 2125 ex
1635 2096 1720 2108 —
1745 2056 1877 2124 οὶσω
1920 2062 2059 2124 orta
2102 2064 2253 2125 sunt
2296 2065 2603 2146 perpetuo

211 2171 541 2232 contracta
597 2165 850 2231 videbis
908 2185 953 2231 1.
1003 2162 1112 2232 9¹7.
1174 2167 1282 2231 οὐκ
1344 2164 1466 2247 ἔφη
1533 2163 1753 2229 δικΑΝ
1801 2161 1925 2228 ἔτι·
1973 2166 2039 2230 οὗ
2087 2163 2215 2244 γάρ
2259 2166 2311 2231 οἱ
2358 2180 2598 2231 λυσιτε-

210 2270 383 2338 λέειν
429 2308 514 2320 --
540 2270 616 2337 δι’
671 2270 896 2353 ἡμέρης
952 2270 1237 2354 δικάζειν.
1299 2290 1344 2336 1.
1391 2269 1546 2337 199.
1594 2270 1968 2354 ἀποδοκιμᾷ.
2013 2286 2152 2336 vm.
2203 2269 2310 2335 68.
2357 2271 2599 2336 διασκε-

213 2377 373 2460 δᾷς,
433 2381 501 2442 et
543 2378 783 2462 passim
829 2378 1014 2461 έλᾷς,
1074 2378 1353 2460 ἀπελᾷς,
1399 2378 1583 2454 ἐλᾶν,
1632 2376 1783 2441 ἐλῶν
1827 2380 1894 2443 et
1937 2378 2083 2441 sim.
2141 2374 2312 2442 Hinc
2357 2380 2605 2462 optime

214 2482 591 2551 emendavit
647 2481 968 2549 Iacobsius
1029 2481 1384 2549 Eusebium
1439 2480 1731 2549 Ionicum
1782 2483 2155 2568 scriptorem
2199 2482 2367 2568 apud
2412 2480 2594 2550 Stob.

211 2587 442 2654 florib.
495 2586 602 2653 46.
654 2587 762 2654 41.
806 2589 930 2669 χρὺ
976 2586 1195 2654 εἰδέναι
1241 2586 1457 2653 πάντα
1502 2585 1606 2651 τὸν
1649 2587 1968 2666 μέλλοντα
2013 2586 2318 2667 ἀνθρώπου
2360 2610 2600 2651 κατιε-

216 2693 401 2758 ainau
418 2741 438 2768 ‚
483 2695 833 2761 coniecerat
877 2693 1110 2781 aliquis
1155 2691 1627 2773 καταδικάζειν,
1674 2713 1814 2759 rem
1856 2711 1976 2757 acu
2020 2693 2242 2777 tetigit
2279 2690 2604 2757 Iacobsius

213 2798 571 2865 umnam&
615 2819 939 2885 reponens.

313 2900 550 2971 Contra
607 2904 779 2990 apud
832 2905 1167 2990 scriptores
1210 2904 1459 2969 Atticos
1503 2903 1741 2986 passim
1786 2902 2035 2969 videbis
2076 2901 2313 2967 formas
2359 2903 2605 2986 aequin-⁷

217 3030 326 3076 res
369 3008 604 3074 τελέσω
628 3058 646 3087 ,
696 3009 1074 3087 διατελέσαι,
1123 3007 1403 3083 καλέσω,
1451 3005 1776 3085 ἐγκαλέσαι
1803 3055 1819 3082 ,
1868 3005 2272 3086 συγκοιλέσω,
2317 3006 2426 3072 vel
2462 3006 2607 3072 bar-

218 3117 408 3180 baras
443 3119 521 3179 ut
557 3114 905 3192 κομΙσουσιν
922 3164 939 3191 ,
988 3115 1370 3199 aequissimo
1413 3114 1628 3177 animo
1667 3111 1746 3176 ab
1784 3110 2155 3177 Editoribus
2194 3111 2373 3188 ferri,
2421 3113 2604 3196 quasi

219 3219 393 3285 nihil
452 3222 710 3287 omnino
763 3219 1180 3286 dubitationis
1222 3216 1547 3283 haberent.
1611 3215 1688 3280 In
1731 3219 1937 3301 poetis
1980 3218 2216 3283 Atticis
2261 3217 2446 3284 credo
2486 3216 2606 3281 hu-

221 3325 577 3390 iuscemodi
620 3326 998 3391 mendorum
1044 3325 1324 3410 vestigia
1358 3324 1493 3387 iam
1528 3342 1845 3407 nusquam
1884 3342 2206 3409 superesse
2222 3369 2244 3400 ,
2289 3320 2398 3388 sed
2435 3321 2605 3406 apud

225 3430 522 3496 Oratores
583 3430 794 3496 multa
852 3434 1191 3516 supersunt
1250 3431 1316 3492 et
1383 3424 1552 3511 apud
1595 3424 1936 3492 Platonem
1982 3432 2047 3492 et
2090 3432 2386 3493 caeteros.
2458 3424 2609 3492 Sae-

220 3538 373 3622 pius
418 3536 780 3603 observabis
828 3539 1138 3624 genuinas
1174 3534 1412 3599 formas
1446 3533 1718 3596 intactas
1751 3531 2013 3597 evadere
2053 3532 2442 3617 ubicumque
2479 3551 2607 3598 non

225 3644 527 3707 continno
573 3647 871 3726 appareat
894 3641 1119 3727 fusuri
1162 3638 1468 3723 temporis
1528 3637 1854 3701 notionem
1914 3638 1997 3702 iis
2041 3639 2246 3703 inesse
2262 3684 2281 3713 ,
2343 3637 2452 3703 sed
2492 3638 2608 3702 ubi

223 3748 523 3813 futurum
568 3767 701 3812 esse
747 3744 1049 3813 Graeculi
1093 3746 1376 3811 sentiunt
1421 3744 1642 3806 statim
1691 3742 1914 3807 formis
1956 3744 2233 3827 antiquis
2275 3741 2423 3807 illas
2462 3744 2611 3808 sub-

226 3854 511 3917 stituunt
526 3897 545 3929 ‚
592 3851 824 3936 quibus
867 3854 994 3937 ipsi
1040 3856 1104 3916 et
1148 3847 1440 3936 aequales
1503 3867 1721 3912 omnes
1765 3852 2070 3931 perpetuo
2128 3849 2231 3912 uti
2297 3846 2605 3912 solebant.

225 3954 446 4021 Multa
527 3958 779 4041 saepius
845 3956 1039 4020 huius
1103 3957 1198 4020 rei
1266 3950 1559 4036 exempla
1643 3956 1707 4015 et
1790 3951 2171 4018 documenta
2240 3952 2483 4037 protuli
2539 3954 2609 4017 in

241 4061 386 4125 γαν.
456 4061 641 4125 lectt.
720 4081 872 4147 pag.
925 4059 1079 4125 242.
1150 4064 1216 4124 et
1274 4060 1344 4123 in
1387 4058 1540 4121 Nov.
1603 4055 1792 4119 Lente.
1854 4076 2002 4144 pag.
2068 4056 2155 4120 63
2223 4063 2288 4122 et
2347 4055 2478 4120 438
2541 4064 2609 4123 et

226 4165 419 4250 plura
482 4164 817 4249 aliquando
873 4168 1246 4249 praesertim
1323 4184 1401 4228 ex
1445 4159 1871 4225 Demosthene
1915 4166 1980 4226 et
2022 4161 2290 4228 Platone
2334 4162 2613 4247 proferre

227 4271 299 4333 in
345 4270 561 4334 animo
597 4275 712 4335 est.

324 4372 544 4437 Unum
594 4374 843 4438 addam.
915 4372 1026 4438 Sol
1069 4376 1271 4439 iratus
1316 4371 1542 4457 Odyss.
1590 4380 1684 4436 M.
1740 4369 1890 4436 383.
1940 4373 2031 4437 ita
2074 4375 2394 4438 minatur:
