2934 5050
317 282 447 350 340
986 301 1072 347 An
1119 298 1578 347 Anrnonoeum
1622 299 2010 346 PALA'rixAM.

404 470 625 557 Epigr.
677 467 841 546 162,
897 468 957 534 1.

498 575 610 648 Εἰς
656 574 852 640 Ῥόδον
898 574 949 637 εἰ
997 573 1340 638 πλεύσει
1387 598 1483 647 τις
1531 573 1921 651 Ὀλυμπικὸν
1969 569 2163 646 ἦλθεν
2208 574 2428 653 ἐρωτῶν

586 679 691 746 τὸν
727 677 984 756 μάντιν,
1034 681 1139 743 καὶ
1184 686 1307 751 πῶς
1358 678 1817 744 πλεύσεται
1866 677 2231 759 ἀσφαλέως.

316 786 442 851 Pro
502 786 929 852 semibarbaro
988 784 1231 849 Futuro
1283 785 1540 848 πλεύσει
1559 831 1578 859 ,
1632 786 1930 868 quamvis
1997 804 2072 848 eo
2138 805 2292 847 usus
2352 787 2437 848 sit
2480 783 2719 850 Lucil-

312 890 441 955 lius
484 890 650 957 infra
693 888 827 957 245
843 938 861 968 ‚
917 887 956 953 5
977 937 995 968 ‚
1041 892 1295 975 requiro
1339 891 1825 954 subiunctivum
1871 888 2310 955 dubitativum
2355 890 2621 968 πλεύσῃ.

402 996 625 1082 Epigr.
651 995 782 1060 164
812 1042 827 1058 .

581 1095 839 1165 Εἶπεν
885 1099 1257 1175 ἐληλυθέναι
1304 1101 1373 1164 τὸ
1420 1096 1851 1176 πεπρωμένον,
1902 1096 2090 1169 αὐτὸς
2137 1098 2356 1162 ἑαυτοῦ

666 1205 777 1277 τὴν
822 1205 1064 1283 γένεο-ιν
1113 1203 1354 1275 διαθεὶς
1403 1200 1602 1274 Αὖλος
1654 1207 1681 1266 ὁ
1731 1203 2087 1282 άςρολόγος.

404 1309 540 1374 [mo
585 1306 847 1389 εὗρεν,
897 1312 1192 1394 comperit.

404 1414 625 1501 Epigr.
679 1412 843 1492 169,
895 1413 936 1479 5
983 1436 1074 1500 sq.

586 1523 789 1585 Τοῦτο
818 1520 1261 1599 «Φιλαργυρίας
1309 1522 1502 1593 δεινῆς
1549 1516 1586 1581 ὅ
1598 1542 1755 1599 ρος.

314 1623 457 1689 Hoc
501 1644 702 1702 ⁸sensu
717 1672 735 1703 ,
800 1631 877 1690 ut
922 1627 1009 1690 sit
1050 1647 1333 1689 tammum
1376 1626 1607 1688 odmen
1623 1672 1639 1701 ,
1680 1645 1995 1710 nusquam
2042 1625 2411 1690 adhibitum
2453 1629 2703 1710 repperi

313 1725 521 1809 ὅρος,
571 1750 755 1815 saepe
800 1731 1062 1809 πέρας.

397 1834 618 1922 Epigr.
671 1831 819 1900 171.

589 1941 876 2014 Θνήσκων
923 1940 1339 2020 Ἑρμοκράτης
1388 1941 1416 2003 ὖ
1460 1938 1843 2022 Φιλάργυρος
1888 1943 1947 2005 ἐν
1994 1940 2328 2017 διαθήκαις

681 2045 864 2109 αὑτὸν
910 2051 1028 2109 τῶν
1072 2046 1231 2110 ἰδίων
1275 2043 1522 2127 ἔγραφε
1570 2044 1951 2125 κληρονόμον.

585 2148 875 2232 ψηφίζων
921 2150 973 2213 δ’
1019 2150 1383 2215 ἀνέκειτο
1429 2151 1615 2218 πόσον
1662 2150 1834 2216 δώσει
1880 2149 2218 2229 διεγερθεὶς

676 2257 894 2333 ἰητροῖς
938 2253 1240 2330 μισθοῦ
1286 2256 1391 2320 καὶ
1435 2257 1501 2321 τί
1546 2263 1784 2321 νοσῶν
1825 2255 2195 2338 δαπανᾷ·

583 2365 661 2434 ὡς
713 2359 769 2425 δ’
820 2356 953 2439 εὗρε
999 2359 1192 2423 πλείω
1242 2361 1619 2440 δραχμὴν
1660 2360 1891 2439 μίαν,
1944 2360 2011 2435 ἢν
2056 2359 2335 2443 διασωθῇ

677 2473 1058 2543 ,,Λυσιτελεῖ
1100 2461 1428 2539 θνήσκειν”
1475 2462 1610 2531 εἶπε
1658 2464 1764 2529 καὶ
1812 2462 2107 2540 ἐξετάθη.

315 2573 672 2638 Obscurum
728 2577 805 2636 ut
862 2590 1029 2634 nunc
1074 2571 1372 2634 scribitur
1388 2617 1404 2646 ,
1454 2573 1873 2657 epigramma.
1939 2569 2065 2635 Sed
2109 2572 2230 2636 hoc
2273 2571 2517 2648 voluit,
2562 2575 2689 2635 nisi

317 2677 504 2743 fallor
517 2725 535 2755 ,
607 2675 923 2741 Lucillius
989 2693 1254 2739 avarum
1268 2721 1286 2751 ‚
1358 2692 1561 2757 quum
1620 2694 1687 2738 se
1746 2694 1939 2738 suum
1998 2677 2302 2742 scriberet
2360 2677 2687 2752 heredem,

315 2783 691 2848 subduxisse
735 2782 1010 2845 rationes
1024 2826 1042 2856 ,
1088 2778 1371 2864 plurisne
1410 2783 1773 2844 constatura
1815 2787 1979 2845 esset
2012 2781 2412 2846 medicorum
2448 2801 2691 2846 merces

315 2909 396 2954 an
441 2886 784 2973 sepultura.
856 2883 1063 2964 Quare
1105 2884 1511 2950 scribendum
1556 2886 1869 2967 suspicor:

486 2989 773 3073 ψηφίζων
821 2989 872 3054 δ’
915 2987 1027 3069 ἄρ’
1072 2986 1336 3053 ἔκειτο
1382 2986 1568 3054 πόσον
1615 2988 1786 3052 δώσει
1834 2987 2171 3069 διεγερθεὶς

497 3098 719 3177 ἰητροῖς
766 3092 1059 3172 μισθὸν
1108 3094 1282 3179 (cum
1326 3091 1700 3180 scaligero),
1749 3093 1855 3158 καὶ
1904 3095 1968 3158 τί
2012 3096 2203 3174 σορῷ
2250 3095 2530 3175 δαπανᾷ.

399 3199 496 3269 Cf.
544 3206 742 3289 epigr.
796 3200 960 3265 170:

587 3305 855 3385 Δακρύει
907 3303 1127 3369 Φείδων
1174 3304 1202 3367 ὃ
1245 3303 1626 3384 φιλάργυρος
1673 3306 1791 3384 οὐχ
1836 3300 1927 3368 ὅτι
1976 3302 2263 3381 θνήσκει,

672 3412 823 3476 ἀλλ’
870 3407 961 3473 ὅτι
1009 3409 1194 3472 πέντε
1239 3415 1400 3484 μνῶν
1446 3410 1578 3499 τὴν
1621 3413 1838 3489 σορὸν
1886 3409 2158 3489 ἐπρίατο.

312 3517 494 3598 Quod
538 3518 790 3601 reposui
836 3514 889 3579 δ’
934 3512 1029 3593 ἄρ’
1072 3511 1297 3590 ἔκειτο,
1335 3514 1608 3578 verbum
1644 3515 2002 3578 ἀνακεῖσθαι
2041 3519 2388 3597 usurpatur
2424 3514 2689 3598 quidem

313 3623 578 3688 subinde
642 3622 938 3706 quamvis
998 3639 1123 3683 non
1186 3622 1426 3703 optime
1486 3620 1563 3683 de
1624 3621 2006 3683 accumbendo
2026 3666 2042 3695 ,
2106 3638 2231 3682 non
2277 3639 2465 3696 vero,
2515 3619 2687 3704 quod

308 3729 505 3792 sciam
530 3774 547 3804 ,
601 3727 678 3791 de
722 3726 1005 3789 cubando.

394 3830 615 3919 Epigr.
668 3828 822 3896 185.

575 3937 885 4010 Ἐλλήνων
932 3935 1237 4000 άπέλυε
1284 3933 1465 4000 πόλιν
1511 3936 1694 4014 ποτὲ,
1744 3933 2020 4000 δεσπότα
2068 3942 2350 4015 Καῖσαρ,

668 4037 966 4107 εἰσελθὼν
1014 4038 1165 4124 ᾆσαι
1212 4039 1541 4105 Ναύπλιον
1585 4040 1952 4122 Ἡγέλοχος.

575 4146 903 4218 Ναύπλιος
954 4148 1352 4222 Ἑλλήνεσσιν
1397 4146 1495 4210 αἐὶ
1539 4145 1766 4210 κακόν·
1816 4147 1851 4222 ἢ
1899 4145 2080 4225 μέγα
2127 4150 2301 4222 κῦμα

667 4251 895 4336 (νηυσὶν
942 4249 1392 4335 ἐπεμβάλλων)
1440 4250 1474 4325 ἢ
1522 4248 1853 4331 κιθαρῳδὸν
1898 4249 2083 4331 ἔχων.

391 4352 575 4419 Nihil
636 4373 891 4429 eorum,
954 4374 1113 4436 quae
1173 4376 1284 4437 pro
1344 4355 1581 4421 ἀπέλυε
1646 4359 1924 4421 coniecta
1985 4362 2132 4419 sunt
2185 4354 2449 4441 (άπόλυε
2494 4354 2643 4441 (sic)
2672 4404 2689 4429 ,
