2934 5050
1042 308 1427 357 pnicoeocma
1479 311 1550 357 εἰ·
1596 310 1852 359 cni-rica.
2548 294 2632 356 25

606 475 906 562 hpreO',
951 470 1016 554 ὃς
1063 478 1126 545 δὲ
1170 478 1436 560 δόμοισιν
1480 480 1546 546 ἕν
1590 482 1860 563 ἀφνειῶν
1899 478 2151 565 τρέφετ’
2197 480 2440 565 ἀνδρῶν.

339 580 671 669 Pei-lepida
718 592 819 650 est
868 583 1127 670 linguae
1172 585 1409 672 Epicae
1448 587 1738 672 gravitas
1789 594 1854 654 et
1901 606 2132 674 pompa
2180 587 2246 653 in
2294 594 2476 655 tanta
2523 605 2625 651 ar-

251 688 539 771 gumenti
588 690 926 756 tenuitate.
1018 689 1227 772 Quam
1291 710 1396 759 me
1449 690 1770 759 delectant
1834 692 1957 772 μύε
2011 693 2161 760 δοιώ.
2259 693 2396 777 Quo
2457 698 2628 759 esset

250 793 450 858 oratio
497 792 769 882 lepidior
813 794 1008 862 credo
1060 796 1362 865 Babrium
1405 799 1744 887 scripsisse
1790 801 1934 880 μετ’
1977 800 2319 877 ἄλλήλοιιν.
2416 796 2543 866 Sed
2589 816 2625 864 e

246 895 627 967 diverticulo
674 902 740 968 in
787 902 985 970 viam.

330 1109 562 1201 odyss.
613 1122 695 1179 Ο.
745 1117 809 1180 7.

465 1218 859 1299 Τηλέμαχον
904 1216 959 1281 δ’
1003 1218 1126 1302 οὐχ
1174 1214 1356 1291 ὕπνος
1402 1217 1517 1302 ἔχε
1565 1219 1841 1299 γλυκύς,
1888 1222 2037 1287 ἄλλ’
2085 1219 2166 1286 ἐν)
2212 1221 2377 1303 θυμῷ

462 1323 665 1391 νύκτα
708 1321 787 1389 δι’
823 1323 1170 1405 ἀμβροσίην
1215 1324 1636 1404 μελεδήματα
1683 1327 1915 1407 πατρὸς
1963 1325 2217 1408 ἔγειρεν.

328 1426 633 1495 Scholion
681 1427 762 1495 ad
817 1450 907 1495 vs·
956 1434 998 1495 8
1043 1428 1381 1511 ἕγειρενε
1431 1431 1688 1513 ἥθροιζεν
1732 1427 1905 1507 οὗτος
1951 1431 2058 1498 καὶ
2098 1439 2394 1511 συνῆγεν·
2445 1433 2480 1510 ἣ
2528 1430 2616 1496 τὰ

238 1534 658 1614 μελεδήματα
704 1535 924 1601 ἐκεῖνον
967 1534 1205 1611 διανίςη
1254 1536 1360 1603 καὶ
1410 1539 1728 1619 διήγειρεν.

329 1638 649 1727 Perpetua
684 1648 782 1706 est
830 1641 894 1706 in
946 1637 1134 1706 libris
1171 1639 1462 1709 conlusio
1512 1642 1855 1710 verborum
1905 1641 2172 1724 ἄγείρειν
2218 1649 2284 1708 et
2327 1641 2619 1722 ἐγείρειν,

240 1745 390 1832 quia
436 1769 535 1826 αγ
581 1755 646 1813 et
693 1771 772 1827 εγ
817 1745 1200 1814 scribuntur
1247 1767 1417 1814 nexu
1466 1756 1597 1815 tam
1647 1747 1846 1814 simili
1895 1755 1966 1814 ut
2009 1748 2135 1813 nisi
2183 1746 2294 1813 diu
2340 1754 2406 1813 et
2455 1745 2617 1813 mul-

239 1857 381 1916 tum
444 1852 538 1917 sis
583 1851 980 1918 exercitatus
1025 1851 1229 1920 oculis
1279 1860 1499 1919 utrum
1565 1854 1882 1940 scriptum
1937 1853 2023 1918 sit
2070 1851 2441 1919 discernere
2490 1871 2616 1918 non

240 1956 463 2043 possis,
538 1957 749 2023 Etiam
792 1956 910 2023 hoc
959 1956 1095 2024 loco
1128 1957 1565 2045 dittographia
1605 1979 1681 2025 ex
1732 1957 1987 2024 Scholia
2033 1958 2336 2043 arguitur
2373 1956 2618 2039 ἄγειρεν

239 2068 301 2127 et
348 2060 605 2144 ἔγειρεν.
701 2061 797 2129 Ad
845 2061 1125 2145 ἄγειρεν,
1178 2062 1458 2131 refertur
1506 2062 1758 2146 ἤθροιζεν
1799 2072 1863 2131 et
1909 2073 2212 2144 συνῆγεν,
2263 2061 2340 2129 ad
2390 2062 2617 2144 ἔγειρεν

240 2175 465 2234 contra
515 2166 753 2246 διανίςῆ
810 2177 874 2235 et
923 2169 1239 2250 διήγειρεν.
1334 2168 1490 2235 Utra
1539 2170 1626 2236 sit
1683 2172 1891 2257 potior
1952 2172 2276 2257 scriptura
2344 2188 2465 2234 non
2520 2174 2620 2234 est

238 2270 594 2350 dubitatio,
640 2275 763 2354 οὐχ
808 2271 989 2348 ὕοι-νος
1036 2272 1150 2357 ἔχε
1198 2275 1357 2341 satis
1403 2275 1817 2344 commendat
1862 2274 2193 2362 vulgatum
2245 2272 2496 2354 ἔγειρεν.

326 2375 570 2444 Eadem
634 2386 732 2444 est
778 2379 1142 2466 scripturae
1205 2380 1486 2446 varietas
1553 2381 1615 2444 in
1684 2379 1866 2447 Iliad.
1930 2390 2002 2446 ‹1›.
2055 2384 2209 2446 287.
2273 2377 2509 2459 ταχέες
2561 2378 2614 2444 δ’

241 2483 467 2561 ἱππῆες
509 2482 782 2567 ἔγερθεν.
820 2484 930 2551 ubi
972 2483 1225 2552 Scholia
1273 2484 1511 2553 Veneta
1551 2483 1928 2567 ἄγερθενε
1981 2482 2167 2560 οὕτως
2209 2485 2614 2567 ’Λρίςαρχος.

240 2587 421 2657 ἄλλοι
485 2590 550 2656 δὲ
597 2589 687 2670 ἔγ
706 2592 869 2672 ερθε
888 2614 942 2658 ν.
1016 2591 1247 2657 Contra
1292 2599 1412 2658 est.
1476 2590 1736 2674 ἄγερθεν
1783 2600 1848 2658 et
1893 2589 2134 2674 ἔγερθεν
2180 2589 2392 2656 locum
2442 2591 2614 2657 inter

241 2715 306 2762 ue
346 2703 605 2763 mutare
653 2695 904 2763 debent.
1000 2695 1204 2777 Quam
1272 2716 1461 2783 saepe
1509 2697 1575 2763 in
1639 2697 1846 2764 soluta
1896 2696 2196 2763 oratione
2228 2697 2497 2778 ἀγείρειν
2545 2696 2612 2762 in

240 2800 491 2884 ἐγείρειν
537 2801 768 2868 abierit
819 2802 1062 2890 (rarius
1109 2804 1362 2888 contra)
1417 2801 1783 2889 propediem
1833 2805 1900 2867 in
1950 2801 2213 2869 Libanio
2259 2800 2614 2868 ostendam.

243 2905 516 2973 Prorsus
578 2905 798 2973 eadem
866 2907 1031 2973 ratio
1086 2914 1186 2973 est
1245 2909 1307 2973 in
1374 2930 1470 2989 αχ
1534 2917 1598 2973 et
1661 2932 1767 2991 εχ.
1867 2907 2246 2994 Scriptus-ae
2308 2906 2612 2973 Codicum

242 3011 502 3097 planum
552 3032 678 3078 non
728 3010 975 3079 iaciunt
1020 3011 1217 3096 ἄχθος
1264 3033 1347 3079 an
1408 3012 1590 3096 ἔχθος
1639 3012 1978 3099 legendum
2031 3012 2150 3091 sit,
2201 3010 2480 3093 ἄχθομαι
2529 3029 2614 3076 an

237 3115 526 3198 ἓχθομαι.
622 3117 787 3185 Hinc
849 3118 914 3183 in
980 3117 1235 3185 Scholio
1298 3117 1377 3184 ad
1441 3116 1670 3205 odyss,
1735 3127 1812 3184 Ο.
1874 3121 2004 3184 236
2074 3116 2237 3184 male
2302 3114 2614 3182 scribitur

240 3225 407 3300 μετὰ
466 3225 537 3291 τὸ
592 3224 1035 3305 ἐνεχθῆναι
1099 3224 1217 3298 τὰς
1284 3223 1436 3303 βοῦς
1505 3243 1620 3310 pro
1682 3222 2074 3303 ἀναχθῆναι,
2140 3230 2205 3289 et
2260 3221 2519 3309 saepius
2562 3222 2613 3287 οἱ

242 3329 406 3412 ςίχοι
465 3330 877 3412 μετήχθησοιν
937 3349 1050 3416 pro
1103 3328 1616 3409 μετηνέχθησᾶν,
1679 3326 1849 3414 quod
1912 3326 2065 3395 huic
2127 3325 2317 3395 affine
2378 3328 2611 3392 vitium

244 3444 357 3501 est.
407 3434 659 3501 Passim
700 3435 987 3502 occurrit
1019 3434 1527 3514 μετενήνεγμένοι
1552 3483 1569 3512 ,
1609 3433 1675 3499 in
1722 3434 1961 3499 aoristo
1987 3431 2091 3500 hic
2127 3432 2259 3500 illic
2284 3439 2611 3520 peccatur.

331 3539 491 3606 Tam
536 3538 696 3606 nihil
739 3541 801 3608 in
846 3541 1081 3608 talibus
1127 3540 1378 3608 scribae
1409 3540 1697 3626 cogitant
1734 3546 1804 3606 ut
1839 3538 1918 3605 ad
1959 3538 2339 3622 νεφελήρέτα
2379 3536 2608 3628 Odyss.

246 3654 320 3712 A.
368 3649 451 3713 65
500 3656 851 3715 annotetur
896 3647 956 3714 ἐν
1001 3649 1087 3730 τῷ
1133 3646 1264 3731 ἄέρι
1310 3647 1776 3729 ἐγείρονται
1819 3648 1887 3713 αἱ
1936 3646 2218 3730 νεφέλαι.

331 3856 422 3925 Ad
471 3856 701 3948 odyss.
752 3868 833 3925 Ο.
887 3863 968 3925 19
1016 3855 1382 3925 Dindorfius
1426 3856 1557 3923 duo
1594 3856 1861 3943 antiqua
1909 3855 2160 3923 Scholia
2209 3853 2468 3921 retulit:

330 3965 574 4033 Ἀθετεῒ
611 3963 1020 4047 'Apis-omium
1084 3963 1186 4030 ἐπὶ
1235 3964 1647 4046 σμικρολογία
1692 3968 2011 4038 παντελῶς
2032 4012 2048 4030 .
2104 3958 2503 4042 ὃρθοτονητέον
2549 3956 2610 4022 δὲ

247 4069 350 4144 τῆν
392 4076 519 4136 σεῦ
565 4071 674 4137 καὶ
719 4073 832 4148 τῆν
875 4072 955 4136 ἐκ
1001 4069 1088 4151 τῷ
1132 4070 1387 4150 δόμων
1429 4069 1808 4136 συναπτέον.

248 4183 310 4238 et
354 4174 658 4244 alterum:

322 4282 510 4348 Ἔνιοι
544 4283 689 4357 τοὺς
736 4289 896 4364 τρεῖς
953 4277 1277 4346 νοθεύουσιν
1323 4274 1414 4345 ὅτι
1477 4277 1670 4358 μηδὲν
1730 4278 1958 4346 τούτων
2021 4277 2365 4346 ἐπανελθὼν
2410 4281 2604 4341 ποιεῖ·

253 4382 298 4449 εἰ
341 4387 426 4465 μῆ
467 4389 752 4473 περισσὸν
800 4382 869 4461 ἦν
910 4384 981 4451 τὸ
1028 4392 1410 4464 καινοτομεῖν
1458 4381 1697 4461 ἥκοντος
1743 4388 1851 4450 τοῦ
1899 4382 2150 4464 πατρός.
