2934 5050
982 313 1287 359 nucinum
1338 314 1411 359 ιτ
1459 314 1767 362 tunulum.
2429 302 2555 365 257

210 479 412 548 Sermo
452 492 548 550 est
593 481 672 550 de
709 484 1012 550 armario.
1088 483 1223 551 Cic.
1263 483 1513 551 cluent.
1553 487 1678 562 64,
1724 488 1886 553 179:
1929 489 2236 554 »armarii
2276 486 2549 556 fundum

206 588 538 656 exsecuit?
632 587 985 657 ·Soldum”
1031 591 1116 657 M.
1164 590 1381 657 nescio
1430 609 1556 678 qua
1606 591 1953 660 sententia.

285 697 401 774 22,
451 698 535 762 58
581 696 672 762 ita
719 694 889 783 apud
937 696 1020 762 Μ.
1068 696 1342 784 legitur:

449 801 728 883 Quodsin
781 801 911 870 ulla
960 810 1166 890 potest
1218 801 1453 869 mulier
1501 810 1633 869 tam
1683 821 1952 891 corpore
1998 801 2165 870 duro

449 907 646 986 Esse,
694 921 910 976 tamen
959 916 1183 976 tenero
1233 917 1453 976 manat
1501 909 1650 996 quoi
1702 909 1887 975 sucu’
1940 909 2214 989 lacerto,

450 1012 527 1080 Ei
576 1033 810 1080 manus
858 1013 1139 1081 ubertim
1191 1014 1459 1082 lactanti
1511 1015 1576 1080 in
1619 1016 1874 1082 sumine
1909 1014 2101 1083 sidat.

279 1118 486 1199 olam,
555 1120 803 1206 inquit,
859 1120 1373 1188 emendationem
1440 1121 1560 1203 loci
1627 1141 1665 1188 a
1728 1121 2052 1208 plerisque
2128 1131 2194 1191 et
2263 1123 2345 1191 ab
2415 1126 2556 1213 ipso

201 1225 633 1293 ·1.act1mauno
686 1225 778 1315 [et
824 1225 905 1292 ab
950 1225 1087 1313 ipso
1131 1225 1436 1294 Muellero
1475 1225 1699 1294 Jabn’s
1739 1226 1964 1295 Jahrb.
2019 1232 2227 1309 1867,
2275 1250 2336 1318 p.
2388 1231 2548 1322 493]

200 1329 461 1398 nfrustra
536 1332 870 1419 temptati,
943 1333 1300 1399 mutatione
1371 1332 1476 1399 vix
1554 1332 1681 1400 ulla
1748 1332 1913 1400 facta
1985 1332 2390 1421 perfecimus.
2463 1377 2554 1389 —

199 1437 623 1505 »demonstrat
669 1436 957 1504 Lucilius
1005 1436 1379 1516 manifesto,
1428 1438 1650 1526 quales
1700 1438 1765 1505 in
1814 1438 2162 1507 concubitu
2212 1462 2283 1509 se
2328 1463 2556 1530 gerere

199 1542 495 1611 -debeant
558 1545 976 1624 meretrices,
1043 1542 1122 1612 de
1188 1564 1312 1631 qna
1376 1565 1447 1612 re
1519 1543 1745 1611 multis
1793 1543 2062 1612 Ovidius
2111 1548 2176 1613 in
2227 1547 2351 1615 fine
2397 1548 2561 1616 artis

198 1652 593 1718 »amatoriae
645 1648 806 1717 dicit
850 1650 1057 1736 igitur
1101 1649 1347 1737 puellas
1394 1669 1534 1725 eas,
1575 1670 1742 1737 quae
1784 1670 1932 1716 cum
1980 1671 2102 1717 non
2151 1655 2324 1741 ipsae
2362 1655 2560 1722 senti·

196 1764 330 1822 »ant
396 1755 640 1842 gaudia
706 1757 977 1823 Veneris
1035 1775 1197 1842 opus
1260 1765 1436 1822 motu
1503 1755 1810 1822 adiuvare
1877 1776 2001 1823 non
2051 1759 2336 1845 possint,
2383 1769 2560 1827 certe

196 1861 448 1929 »debere
490 1862 720 1929 babitu
762 1862 1049 1949 corporis
1088 1861 1411 1950 placere.''
1479 1861 1704 1948 Itaque
1744 1863 2118 1949 comprimit
2158 1863 2314 1932 baec
2357 1885 2557 1933 mere·

193 1968 306 2035 trix
370 1978 645 2058 pectu8‚
706 1987 1097 2043 mammam,
1163 1977 1232 2034 ut
1285 1986 1519 2034 manus
1565 1976 1824 2054 tegatur
1869 1968 2086 2055 (sidat)
2134 1967 2400 2036 lactanti
2449 1990 2563 2038 su·

194 2074 392 2141 mine?
443 2076 530 2142 Et
579 2072 686 2139 bic
725 2073 985 2139 habitus
1024 2081 1162 2153 est,
1205 2075 1315 2160 qui
1357 2072 1609 2160 placere
1649 2072 1896 2161 possit?
1943 2073 2172 2140 Hicine
2211 2082 2310 2140 est
2346 2096 2565 2142 sensus

190 2182 526 2248 cummunis
592 2179 733 2257 ille,
798 2199 991 2266 quem
1058 2179 1255 2245 iactat
1326 2179 1408 2245 Μ.
1479 2178 1557 2246 ad
1622 2199 1679 2245 v.
1726 2177 1834 2245 θλ
1886 2177 2055 2260 Quid
2103 2201 2287 2247 sucus
2333 2180 2562 2250 lacerto

191 2287 481 2354 manans?
553 2286 671 2353 Hic
717 2285 1138 2352 mollissimus
1185 2283 1491 2373 scopulus
1538 2283 1798 2351 infamis
1843 2291 1944 2350 est
1994 2284 2346 2353 multorum
2397 2307 2560 2354 nau-

189 2393 442 2481 fragiis,
517 2412 685 2480 quae
741 2411 916 2458 nnnc
964 2411 1092 2457 uno
1139 2399 1328 2458 aucta
1382 2398 1560 2457 sunt.
1659 2389 1726 2457 Si
1777 2390 1923 2476 quis
1970 2388 2120 2457 velit
2170 2391 2561 2479 periclitari,

190 2500 337 2567 sciat
386 2500 592 2567 libros
640 2496 878 2565 babere
921 2498 978 2564 si
1022 2498 1204 2566 nulla
1250 2535 1339 2551 —-
1386 2505 1752 2584 maneatque
1799 2516 1986 2563 sucus
2030 2537 2119 2551 -
2156 2506 2217 2568 et
2255 2517 2344 2566 m.
2384 2498 2564 2566 uberi

192 2605 228 2670 l.
269 2645 356 2658 —
407 2605 722 2674 Ceterum
772 2604 855 2671 cl.
907 2604 1095 2672 Coni.
1143 2603 1193 2670 1.
1249 2607 1358 2671 23.

269 2712 668 2800 Fragmento
718 2711 1035 2797 proximo:
1089 2709 1512 2796 »adsequitur
1558 2728 1766 2797 neque
1803 2709 2217 2796 opinantem,
2260 2709 2322 2775 in
2366 2717 2564 2796 caput

196 2819 425 2887 -insilit
471 2821 688 2907 ipsum
722 2815 1298 2883 conmanducatur
1323 2824 1531 2881 totum
1558 2814 1918 2902 complexu'
1943 2816 2358 2901 comestque”
2385 2815 2560 2881 nulla

192 2944 372 2991 causa
439 2932 545 2992 est
593 2942 792 3011 quare
841 2942 918 2989 ex
965 2923 1132 2991 coni.
1181 2920 1508 2988 scribatur
1553 2920 1926 3006 compleoeu',
1979 2939 2126 2986 cum
2177 2916 2326 2984 libri
2374 2917 2562 2985 Nonii

195 3049 251 3114 p.
313 3036 389 3098 81
463 3029 797 3115 complexa
858 3027 1031 3103 dent,
1077 3035 1144 3094 et
1191 3026 1553 3094 subiectum
1602 3027 1843 3113 optime
1891 3024 2205 3091 Manduca
2252 3032 2368 3090 aut
2413 3025 2557 3090 sim.

185 3135 328 3222 qnid
400 3156 548 3203 esse
617 3135 841 3222 possit.
937 3131 1202 3199 Inficeta
1277 3140 1375 3198 est
1438 3132 1782 3219 explicatio
1843 3131 1955 3210 M„
2017 3131 2128 3218 qui
2194 3129 2273 3197 de
2355 3131 2566 3197 amico

187 3244 458 3310 amicum
565 3240 1030 3328 amplectente,
1115 3247 1179 3305 et
1262 3236 1635 3304 »blanditiis
1720 3255 1920 3324 paene
2012 3236 2367 3303 enecante”
2454 3236 2562 3323 agi

189 3351 426 3415 statuit.

271 3452 342 3523 V.
390 3459 457 3520 6.
509 3452 643 3519 Hoc
694 3449 902 3518 nobile
951 3447 1385 3534 fragmentum
1438 3447 1647 3536 (·Quo
1694 3468 1797 3516 me
1846 3447 2114 3515 babeam
2168 3446 2401 3533 pacto”
2443 3444 2560 3531 -)

195 3557 265 3624 n.
310 3559 542 3627 scribit
594 3565 665 3623 ut
711 3566 901 3624 antea
949 3557 1028 3622 ab
1073 3575 1149 3623 eo
1193 3554 1621 3621 constitutum
1672 3563 1836 3621 erat.
1937 3555 2026 3621 Re
2078 3554 2316 3619 iterum
2358 3550 2566 3617 consi-

196 3660 406 3731 derata
458 3683 585 3730 non
637 3663 893 3741 inveni,
945 3681 1065 3729 cur
1109 3681 1147 3727 3
1194 3661 1516 3728 sententia
1567 3660 1741 3725 Coni.
1791 3661 1841 3727 1.
1893 3664 1999 3727 25.
2046 3657 2369 3744 proposita
2398 3676 2571 3723 rece-

197 3766 471 3837 <lendum
535 3789 679 3836 esse
727 3769 1048 3836 videatur.
1146 3767 1256 3833 Vs.
1307 3772 1375 3833 6.
1425 3765 1599 3853 apud
1646 3767 1727 3832 Μ.
1782 3786 1940 3832 usus
1984 3771 2105 3832 τῶν
2151 3762 2573 3842 &meamea-con

195 3874 468 3942 nolueris
510 3884 573 3941 et
621 3875 910 3943 debueris
947 3873 1194 3941 dicitur
1229 3892 1303 3939 ex
1351 3871 1661 3958 Scaliger-i
1707 3872 2064 3936 mutatione
2104 3867 2351 3952 τεχνίον
2391 3867 2573 3934 Eiso-

200 3983 492 4059 cratium,
555 3989 629 4048 ut
671 4005 734 4048 τ.
783 3981 871 4046 sit
920 3998 1189 4067 parvum
1242 3978 1402 4044 artis
1448 3977 1811 4064 specimen.
1863 3995 2130 4062 parvum
2182 3972 2577 4061 artificium;

199 4094 259 4154 at
313 4090 411 4155 sic
460 4088 705 4171 τεχνίον
751 4104 1105 4172 numquam
1158 4091 1544 4171 usurpatum
1595 4081 1673 4148 de
1727 4081 1982 4148 rhetore
2029 4081 2276 4147 dictum
2327 4104 2390 4146 τ.
2450 4080 2576 4165 sig·

201 4193 494 4261 nificat-et
541 4213 805 4282 parvam
858 4192 1022 4259 artis
1066 4190 1423 4257 rhetoricae
1472 4188 1958 4275 expositionem.
2037 4186 2250 4254 Libri:
2287 4194 2578 4252 atexnon.

204 4297 295 4364 Ad
357 4298 928 4378 assimilationem,
970 4316 1135 4385 quae
1172 4305 1271 4363 est
1312 4298 1376 4361 in
1423 4292 1730 4361 vocabulo
1771 4292 2109 4384 hybridico
2135 4312 2582 4372 αντη-μειρα-

208 4407 414 4481 κιῶδες
462 4406 544 4473 ci.
594 4405 804 4474 Plaut.
854 4401 1032 4472 Pers,
1088 4408 1241 4471 450.
1293 4422 1431 4467 sum
1477 4420 1721 4468 manus.
2236 4500 2297 4554 Π
