2934 5050
330 291 462 351 450
1162 299 1557 347 communen
1624 301 1862 348 ιιτιιιυι.

417 468 593 536 Libri
642 468 734 535 111
779 465 942 552 eleg.
997 466 1152 547 XV,
1200 474 1285 536 35
1334 488 1472 554 sqq.

599 573 866 659 Aspice,
914 572 1010 637 uti
1059 572 1238 639 caelo
1287 571 1475 639 modo
1521 571 1615 639 sol
1663 571 1855 637 modo
1899 570 2054 637 luna
2100 568 2450 645 ministret,

598 680 692 745 sic
739 678 936 743 etiam
992 677 1174 744 nobis
1221 675 1609 764 una-puella
1660 684 1981 765 parumst.
2033 721 2051 736 .

603 782 821 850 Altera
869 800 972 847 me
1017 782 1272 869 cupidis
1318 791 1535 848 teneat
1582 780 1917 867 faveatque
1965 778 2264 856 lacertiS,

603 887 802 955 altera
853 888 908 952 si
957 887 1212 973 quando
1261 908 1385 953 non
1433 888 1590 952 sinit
1638 906 1779 951 esse
1824 884 2037 950 locum
2066 932 2085 962 ,

599 1000 715 1058 aul
760 992 816 1056 si
864 988 1026 1057 forle
1076 993 1241 1058 irata
1288 1015 1423 1058 meo
1469 994 1557 1057 sit
1605 988 1774 1055 facta
1828 990 2152 1064 ministro,

605 1104 676 1160 ut
721 1097 886 1161 sciat
931 1116 1072 1163 esse
1118 1097 1347 1175 aliam,
1396 1115 1562 1183 quae
1610 1094 1759 1161 velit
1808 1115 1947 1160 esse
1995 1113 2158 1159 mea.

422 1203 664 1269 Locum
729 1198 1200 1266 conclamatum
1257 1209 1323 1266 et
1371 1201 1613 1266 frustra
1661 1198 1997 1286 hucusque
2044 1205 2363 1264 tentatum
2410 1192 2564 1262 sacili
2602 1212 2671 1259 ac

331 1307 611 1375 evidenti
661 1306 1036 1372 coniectura
1085 1305 1425 1371 restituam
1479 1306 1546 1370 in
1593 1306 1921 1384 integrum
1972 1302 2347 1371 scribendo:

603 1408 803 1477 altera
851 1410 905 1474 si
953 1409 1212 1495 quando
1261 1429 1388 1474 non
1433 1409 1592 1484 sinit
1639 1428 1777 1475 esse
1823 1409 2057 1475 locum.

603 1514 734 1581 Aut
778 1515 831 1579 si
877 1511 1043 1581 forte
1091 1514 1258 1580 irata
1305 1512 1465 1577 ηιιἹιί
1512 1512 1635 1590 sit,
1676 1513 1845 1579 facta
1894 1512 2230 1583 ministro.

606 1626 678 1683 ut
719 1619 887 1684 sciat
933 1638 1073 1684 esse
1119 1617 1312 1684 aliam
1339 1667 1358 1698 ‚
1401 1637 1567 1703 quae
1614 1617 1771 1684 velit
1813 1637 1957 1684 esse
2003 1636 2170 1684 mea.

422 1720 748 1789 Librarios
809 1742 933 1788 non
998 1722 1444 1808 intellegentes
1504 1728 1678 1811 sacto
1739 1743 1880 1790 esse
1947 1722 2097 1788 Acc.
2166 1720 2260 1787 Pl.
2320 1718 2673 1787 substantivi

332 1827 506 1915 quod
561 1835 660 1892 est
711 1830 986 1913 sacuam,
1052 1834 1116 1893 et
1163 1828 1447 1904 ministro
1494 1847 1633 1894 esse
1678 1828 1982 1904 verbum,
2033 1826 2143 1892 sed
2192 1825 2354 1892 illud
2402 1823 2674 1890 habentes

335 1953 453 2022 pro
513 1932 855 2019 participio
920 1929 1068 1997 sem.
1132 1952 1281 2018 gen.
1347 1932 1465 1998 hoc
1529 1953 1642 2018 pro
1696 1932 1912 1999 dativo
1957 1929 2346 1998 substantivi
2396 1928 2676 2017 pendente

335 2057 414 2105 ex
472 2039 677 2115 irata,
743 2036 914 2102 ultro
976 2036 1137 2101 mihi
1201 2038 1268 2101 in
1323 2059 1460 2103 meo
1509 2044 1827 2115 mutasse,
1875 2045 1948 2103 ut
1993 2055 2143 2103 cum
2191 2036 2479 2102 ntinistro
2521 2030 2677 2116 iungi

335 2150 586 2230 posset,
635 2140 795 2206 nibil
841 2149 938 2207 est
987 2140 1158 2226 quod
1208 2144 1545 2208 miremur.

425 2248 554 2313 Aut
603 2248 831 2321 etiam.
878 2247 998 2324 ait,
1050 2248 1108 2310 si
1154 2245 1318 2311 sorte
1368 2245 1575 2333 puella
1625 2244 1787 2311 mibi
1834 2245 2000 2311 irata
2047 2252 2146 2311 est
2187 2243 2371 2332 (prae
2395 2238 2677 2329 zelotypia

336 2353 563 2440 puta),
607 2354 777 2437 sacta
831 2351 889 2416 ei
955 2351 1274 2428 ministro,
1325 2352 1369 2417 i.
1427 2371 1484 2417 e.
1534 2370 1648 2436 pro
1694 2350 1877 2416 vanis
1922 2348 2400 2436 suspicionibus
2446 2343 2680 2436 praebw

336 2458 397 2523 ei
443 2457 649 2536 sacta,
702 2464 775 2521 ut
821 2456 986 2521 sciat
1031 2475 1172 2522 esse
1220 2455 1411 2520 aliam
1468 2474 1636 2543 quae
1684 2473 1828 2521 mea
1874 2474 2017 2521 esse
2066 2453 2238 2521 velit.

427 2563 517 2629 lv
562 2561 646 2629 el.
697 2567 759 2629 4.
808 2580 902 2626 vs,
956 2565 1037 2626 19
1087 2581 1255 2646 sqq.:

604 2666 706 2734 Me
751 2666 931 2732 iuvat
980 2666 1043 2731 in
1095 2666 1305 2751 prima
1352 2663 1629 2731 coluisse
1672 2663 1976 2730 Helicona
2023 2664 2285 2730 iuventa

698 2771 1158 2856 Musarumque
1204 2767 1420 2835 eboris
1469 2768 1864 2854 implicuisse
1912 2787 2175 2834 manus:

605 2875 706 2942 Me
751 2876 931 2941 iuvat
976 2881 1043 2940 et
1090 2871 1295 2939 multo
1343 2884 1624 2939 mentem
1674 2893 1911 2939 vincunt
1959 2873 2170 2962 Lyaeo

696 2979 780 3046 Et
826 2985 1023 3066 caput
1070 2979 1136 3044 in
1181 2998 1379 3045 verna
1421 2997 1679 3064 semper
1727 2977 1962 3045 babere
2008 2997 2174 3045 rosa.

427 3084 511 3152 Ut
563 3093 812 3152 taceam
865 3081 1129 3150 verbum
1182 3083 1414 3149 vincire
1461 3101 1751 3168 pugnare
1801 3102 1951 3150 cum
2000 3081 2474 3168 significatione
2515 3096 2686 3169 quan

339 3196 591 3255 veteres
655 3188 952 3255 tribuunt
1000 3189 1244 3255 nomini
1299 3187 1537 3274 Lyaeo,
1589 3188 1910 3253 neminem
1958 3186 2285 3254 bominem
2334 3186 2546 3274 paullo
2584 3183 2691 3252 ele·

335 3295 696 3380 gantiorem
762 3296 984 3362 iuvare
1047 3302 1254 3381 potest
1310 3302 1589 3358 mentem
1638 3294 1788 3356 vino
1833 3292 2068 3358 vincire
2114 3293 2335 3377 itaque
2384 3290 2686 3379 impedire.

337 3398 506 3464 Vino
550 3398 890 3485 indulgent
938 3407 1158 3486 poetae
1203 3407 1276 3465 ut
1324 3396 1635 3463 Bacchico
1692 3394 1912 3463 furore
1959 3396 2129 3483 pleni
2181 3405 2400 3464 mente
2446 3398 2693 3463 cernant

337 3521 501 3588 quae
554 3504 747 3590 vulgo
795 3503 1174 3570 mortalibus
1223 3512 1453 3590 negata
1500 3509 1676 3569 sunt.
1752 3501 1917 3567 Vino
1961 3501 2135 3567 enim
2184 3499 2377 3568 hodie
2423 3499 2691 3569 creditur

334 3615 401 3674 et
445 3607 597 3674 olim
643 3607 1029 3675 credebatur
1076 3607 1303 3674 exacui
1344 3607 1589 3692 ingenii
1640 3607 1757 3673 vis·

830 3714 981 3779 ἀλλ’
1029 3711 1313 3791 ἐξένεγκέ
1359 3735 1462 3789 μοι
1509 3709 1761 3793 ταχέως
1807 3710 1960 3777 οἴνου
2004 3711 2164 3792 xcix,

834 3818 937 3882 τὸν
982 3822 1115 3883 νοῦν
1161 3815 1233 3883 ἵν’
1279 3814 1437 3896 ἄρδω
1483 3817 1589 3880 xa>
1636 3814 1806 3893 λέγω
1853 3840 1914 3881 τι
1960 3815 2177 3893 δεξιόν.

332 3922 424 3988 ait
471 3919 929 3988 Demosthenes
974 3920 1146 4006 apud
1190 3923 1511 3987 comicum
1562 3921 1630 3984 in
1677 3920 2044 4006 Equitibus.
2136 3918 2275 3986 Non
2332 3940 2495 4008 nego
2557 3920 2683 3985 vino

331 4035 550 4091 sumto
588 4025 1078 4092 immoderatius
1125 4025 1425 4112 impediri
1473 4034 1792 4101 mentem,
1851 4024 1962 4093 sed
2013 4025 2338 4093 neminem
2387 4026 2449 4093 id
2498 4021 2683 4092 hercle

330 4130 510 4195 iuvat
572 4131 696 4197 nisi
751 4131 912 4197 sorte
978 4131 1300 4198 hominem
1378 4130 1705 4217 perditum
1771 4150 1846 4197 ac
1909 4130 2364 4218 desperatum,
2429 4131 2538 4218 qui
2603 4128 2678 4194 ita

329 4233 601 4301 miserae
661 4254 788 4320 qua
852 4235 1094 4303 laboret
1157 4235 1546 4304 conditionis
1593 4234 2059 4323 aliquantisper
2104 4236 2329 4325 cupiat
2385 4230 2671 4303 oblivisci.
