2934 5050
945 267 1252 317 tuentum
1301 268 1373 314 ar
1421 269 1730 316 tuentium.
2430 253 2556 327 273

222 433 353 501 dum
399 453 515 500 non
561 436 771 521 magis
813 453 1007 522 quam
1054 438 1218 521 flare
1256 458 1320 504 se
1368 445 1432 503 et
1473 438 1688 505 simm.
1736 438 1878 502 sine
1930 434 2056 502 ullo
2093 434 2272 502 codd.
2319 435 2557 505 indicio

222 542 525 627 quisquam
595 538 913 628 probaret.
1028 540 1263 609 Curare
1339 551 1407 609 et
1476 541 1928 609 coniunctivus
1996 542 2239 629 expiret
2299 549 2558 609 teneant

218 644 404 711 locum
449 664 682 725 suum;
736 644 853 712 hoc
898 645 980 712 ab
1026 648 1264 713 omisso
1311 658 1412 724 ut,
1462 646 1619 713 illud
1668 645 1746 713 ab
1787 644 2067 712 additoa
2095 645 2341 713 Lucilio
2367 646 2560 713 verbo

217 749 502 836 quodam,
567 749 740 818 velut
796 751 1001 829 decet,
1064 753 1376 830 convenit,
1423 750 1726 839 pendens.
1775 788 1867 803 --
1911 751 2193 818 [eluvies
2241 751 2441 840 (Harl.
2491 759 2557 818 et

217 855 346 925 Par.
389 877 444 921 c.
487 855 795 940 illuvies),
845 859 1268 944 compositum
1318 877 1355 923 e
1396 858 1733 943 negatione
1756 865 1820 922 et
1845 857 2075 935 lavere,
2123 855 2373 923 duobus
2397 857 2554 924 locis

213 968 298 1027 est
338 960 498 1049 apud
547 960 1111 1047 Lucilium,*quos
1157 960 1344 1029 affert
1393 961 1640 1029 Nonius
1686 982 1748 1048 p.
1806 966 1954 1028 125.
2002 968 2104 1029 30.

290 1070 390 1134 68.
437 1064 527 1133 Ad
576 1067 749 1132 enim
794 1065 959 1133 dicis
1006 1064 1407 1133 clandestino
1453 1067 1570 1133 tibi
1619 1066 1787 1154 quod
1836 1069 2230 1135 conmissum
2280 1066 2446 1135 foret

434 1191 556 1238 neu
606 1171 911 1237 muttires
955 1171 1304 1258 quicquam
1353 1191 1479 1238 neu
1529 1172 1839 1260 mysteria
1885 1171 2166 1239 ecferres
2213 1171 2405 1238 foraS.

212 1274 303 1341 Sic
344 1276 421 1343 Μ.
469 1287 536 1345 et
583 1275 807 1363 vulgo;
855 1274 964 1342 sed
1017 1284 1090 1342 ut
1139 1285 1312 1343 recte
1359 1297 1428 1344 se
1476 1274 1706 1343 habeat
1748 1277 2203 1344 coniunctivus
2248 1281 2412 1365 soret
2455 1297 2551 1344 re·

208 1381 468 1467 quiritur
532 1381 742 1458 dicos,
816 1390 886 1448 ut
952 1379 1139 1467 haec·
1183 1380 1641 1467 interrogative
1711 1379 1884 1449 dicta
1943 1391 2279 1469 putentur.
2386 1383 2555 1450 Tum

208 1485 594 1554 scribendum
664 1485 918 1553 videtur
980 1485 1169 1552 initio
1213 1485 1482 1555 alterius
1536 1506 1758 1553 versus
1805 1508 1883 1553 ne
1930 1487 2106 1576 (cum
2155 1485 2339 1553 codd.
2387 1487 2550 1555 Non.

207 1611 259 1678 p.
286 1592 431 1680 249)
480 1593 544 1657 vi
589 1590 795 1658 finali:
845 1590 1242 1658 clandestino
1281 1589 1401 1656 hoc
1446 1590 1562 1658 tibi
1599 1593 2015 1658 commissum
2052 1600 2233 1672 erat,
2286 1611 2364 1658 ne
2389 1600 2555 1659 mut·

208 1696 344 1763 tit-es
390 1717 511 1765 neu
561 1696 867 1764 ecferres.
962 1695 1125 1763 Nam
1173 1717 1294 1762 neu
1339 1732 1428 1746 --
1474 1718 1632 1775 neu,
1682 1697 1818 1763 sive
1863 1696 2039 1762 finali
2086 1698 2221 1763 sive
2271 1695 2561 1782 prohibi-

205 1801 317 1867 tiva
362 1801 866 1888 significatione,
913 1809 1247 1888 ponuntur
1295 1802 1359 1866 in
1411 1801 1691 1888 simplici
1731 1802 2217 1868 enumeratione
2255 1801 2558 1868 substan-

207 1906 490 1983 tivorum;
540 1907 833 1995 exempla
882 1905 1124 1973 videsis
1169 1926 1272 1994 ap.
1323 1905 1531 1972 Hand.
1585 1908 1776 1973 Turr.
1808 1906 1910 1972 tv.
1945 1927 2010 1993 p.
2046 1912 2210 1983 175,
2259 1927 2359 1993 sq.
2407 1907 2555 1973 Hor.

206 2010 314 2077 Pis.
370 2018 501 2079 359
552 2020 618 2078 et
667 2012 757 2099 (in
787 2010 974 2097 legali
1026 2011 1348 2099 sermone)
1402 2010 1538 2078 Cic.
1588 2016 1720 2078 Au.
1768 2011 1846 2079 V.
1895 2015 2002 2079 21.
2059 2016 2164 2079 12.
2217 2011 2339 2078 Pro
2386 2012 2557 2098 quic-

204 2136 370 2202 quam
415 2116 638 2184 malim
688 2117 1046 2203 quoiquam.

314 2226 418 2289 80.
468 2222 834 2295 Paucorum
879 2230 1074 2308 atque
1114 2220 1232 2287 hoc
1270 2229 1453 2308 pacto
1493 2223 1547 2287 si
1583 2221 1672 2288 nil
1712 2229 1932 2308 gustat
1971 2224 2142 2289 inter
2168 2221 2553 2290 nundinum.

276 2325 433 2393 Num
496 2326 772 2393 fortasse
825 2334 890 2392 et
947 2325 1052 2391 hic
1096 2333 1161 2392 et
1209 2326 1274 2391 in
1328 2325 1706 2413 fragmentis
1767 2327 2077 2394 Varronis
2143 2326 2325 2415 (Non.
2395 2333 2549 2396 214.

203 2430 297 2518 22)
345 2430 719 2500 Gerontod.:
786 2430 1124 2519 »quotiens
1187 2431 1438 2517 priscus
1504 2431 1692 2497 homo
1753 2451 1828 2498 ac
1876 2434 2160 2498 rusticus
2222 2434 2551 2499 Romanus

201 2535 351 2602 inter
416 2535 788 2604 nundinum
854 2535 1119 2602 barbam
1185 2536 1447 2603 radebat
1470 2537 1542 2602 ?”
1608 2538 1822 2626 (Riese
1884 2557 1947 2624 p.
2003 2543 2159 2616 159)
2225 2547 2291 2604 et
2344 2536 2548 2623 Τοιφῇ

200 2642 503 2709 Μενίππου
560 2642 778 2728 (Riese
826 2662 887 2729 p.
936 2641 1138 2730 225):
1194 2642 1500 2707 »Romam
1550 2642 1988 2723 ψαμμακόσιοι
2039 2642 2548 2732 (confluebant),

203 2765 308 2811 non
346 2748 457 2833 qui
507 2748 574 2813 in
616 2745 776 2813 urbe
816 2748 988 2813 inter
1013 2744 1374 2812 nundinum
1401 2744 2004 2813 calumniarentur”
2047 2747 2231 2836 (Non.
2262 2752 2412 2813 214.
2441 2749 2555 2837 22)

201 2849 296 2933 ὑφ’
337 2850 397 2918 ἕν
437 2850 866 2919 scribundum
915 2851 1055 2917 est?
1130 2849 1527 2917 Vocabulum
1590 2860 1798 2939 potest
1845 2854 2204 2938 comparari
2256 2873 2407 2918 cum
2455 2853 2557 2917 in-

200 2957 698 3033 tercolumnium,
765 2955 1221 3034 internodium,
1289 2957 1735 3033 intervallum,
1808 2959 1844 3022 i.
1912 2977 1968 3024 e.
2031 2959 2310 3045 spatium
2385 2959 2556 3024 inter

196 3056 334 3126 duas
380 3063 730 3130 nundinas.
826 3062 899 3128 In
951 3060 1154 3127 altero
1203 3061 1513 3127 Varronis
1578 3061 1713 3127 loco
1768 3061 1920 3127 haec
1971 3063 2138 3129 inest
2186 3064 2546 3130 sententia:

196 3168 289 3250 qui
335 3189 481 3245 non,
538 3176 613 3234 ut
662 3186 858 3242 nunc,
902 3174 1108 3232 totum
1152 3168 1432 3251 spatium
1484 3167 1654 3233 inter
1702 3167 1885 3232 binas
1932 3166 2256 3233 nundinas
2304 3168 2558 3235 calum-

196 3270 406 3338 niando
463 3274 531 3339 in
587 3272 728 3338 iure
771 3270 882 3337 sed
929 3289 1086 3355 agro
1132 3269 1395 3336 colendo
1447 3279 1751 3336 tererent.
1825 3271 1893 3336 ln
1946 3273 2159 3358 priore
2209 3272 2550 3359 legendum

197 3372 324 3442 fort.
366 3377 837 3470 inter-nundino.
933 3375 1166 3441 Veram
1218 3374 1559 3442 lectionem
1610 3376 1737 3442 iam
1788 3384 1938 3441 ante
1983 3375 2259 3443 Nonium
2305 3378 2557 3445 oblitte-

86 3515 94 3534 ·
199 3494 379 3551 ratam
427 3504 610 3572 esse,
661 3501 782 3548 non
835 3482 1097 3547 mirum.
1195 3480 1596 3568 Quamquam
1646 3481 1713 3546 in
1760 3479 1992 3548 Lucilii
2041 3480 2177 3547 loco
2220 3502 2345 3548 non
2384 3483 2555 3549 inter

197 3588 572 3667 nundinum,
622 3586 733 3653 sed
780 3587 943 3652 inter
988 3585 1264 3651 nundino
1312 3583 1551 3653 habent
1597 3584 1780 3653 codd.
1877 3583 2240 3671 Singularis
2282 3576 2554 3654 'numeri

199 3691 559 3760 vocabulum
600 3687 950 3757 nundiimm
988 3699 1139 3755 ante
1179 3688 1555 3757 Ciceronem
1582 3692 1907 3757 exstitisse
1949 3710 2073 3756 non
2119 3701 2294 3778 puto.
2368 3691 2555 3780 Apud

202 3787 352 3862 hunc
414 3795 616 3864 semel
676 3796 912 3882 legitur
969 3795 1319 3861 nundinum
1366 3794 1478 3862 sed
1535 3796 1829 3881 genetivo
1877 3795 2084 3884 plur.,
2135 3815 2172 3862 a
2224 3798 2553 3865 Prisciano

203 3897 353 3967 Vlll.
402 3908 468 3969 5.
517 3907 562 3969 9
610 3921 760 3967 cum
820 3901 1192 3986 ampliorum
1260 3899 1758 3988 (amphorarum)
1831 3911 2239 3988 comparato,
2311 3901 2548 3989 fragm.

203 3998 300 4070 Or.
369 4026 483 4095 pro
550 4006 737 4074 Corn.
805 4006 881 4093 (Ι.
933 4009 1017 4073 52
1082 4003 1251 4092 Or.):
1326 4025 1441 4072 »ex
1515 4004 2026 4092 promulgatione
2093 4007 2551 4074 trinundinum

205 4106 375 4194 (lega
443 4111 680 4176 trinum
729 4109 1101 4197 nundinum)
1165 4110 1303 4177 dies
1350 4107 1429 4175 ad
1480 4109 1811 4188 ferendum
1879 4119 2285 4199 potestasque
2339 4113 2556 4179 venis-

206 4215 355 4281 set”.
421 4215 585 4281 Phil.
634 4214 709 4281 V.
759 4220 836 4295 3,
887 4221 927 4283 8
978 4215 1130 4281 »ubi
1179 4214 1609 4302 promulgatio
1656 4216 1902 4281 trinum
1947 4215 2307 4283 nundinum
2330 4216 2400 4281 ?'’
2465 4217 2555 4281 De

209 4313 388 4386 llomo
437 4325 564 4400 16,
614 4328 726 4388 41:
778 4322 871 4388 »si
918 4320 1091 4408 quod
1140 4321 1207 4386 in
1255 4319 1490 4389 ceteris
1535 4320 1772 4386 trinum
1816 4322 2165 4389 nundinum
2202 4342 2343 4390 esse
2367 4339 2555 4406 opor-

2214 4430 2272 4476 is
