2934 5050
970 333 1279 410 cucusum
1326 361 1400 407 m·
1447 359 1759 411 cucuma,
2426 348 2551 412 241

277 529 450 597 Aliud
496 528 864 617 exemplum
912 531 1335 598 correctionis
1384 529 1566 600 Leid.
1620 530 1785 601 male
1832 552 1869 598 a
1917 532 2000 600 Μ.
2051 541 2346 621 receptae
2385 543 2558 622 peta·

202 647 293 706 tur
332 658 404 704 ex
446 636 666 704 eodem
717 635 881 702 libro
926 634 1006 702 fr.
1061 640 1143 702 42
1196 637 1304 703 ubi
1354 639 1597 726 recepit
1644 660 1900 720 rerum,
1968 640 2035 706 in
2084 639 2261 707 Leid.
2313 650 2411 708 est
2456 662 2556 708 re·

194 745 333 819 ξιιηι.
421 742 666 810 Versus
708 740 882 829 apud
928 742 1013 809 Μ.
1064 742 1160 808 sic
1208 743 1495 832 scriptus
1536 753 1780 812 exstat=

291 870 502 917 rerum
553 848 1022 938 exploratorem
1068 851 1361 931 mittam,
1410 851 1722 919 miserum
1776 850 2143 920 mendicum
2198 863 2436 942 petam.

193 954 309 1022 Non
362 956 599 1023 diversi
650 967 804 1023 sunt
854 975 1071 1022 rerum
1117 956 1553 1046 exploratores
1599 968 1665 1025 et
1711 960 1912 1026 miser
1953 959 2324 1035 mendicus;
2351 960 2551 1028 immo

189 1060 279 1129 hic
333 1083 520 1152 saepe
569 1063 853 1149 optimus
900 1070 998 1128 est
1043 1062 1432 1150 exploratum
1484 1065 1763 1133 »misero
1806 1065 2144 1132 mendico”
2191 1076 2556 1154 opponatur

189 1188 365 1257 paene
415 1189 677 1235 necesse
734 1177 833 1235 est
865 1166 1069 1268 'dives
1115 1178 1229 1236 aut
1277 1168 1529 1239 beatus,
1627 1171 1699 1237 In
1744 1170 1916 1238 Harl.
1960 1192 2075 1259 pro
2115 1173 2406 1259 proximo
2447 1192 2551 1239 vo-

185 1272 385 1340 cabulo
436 1275 678 1361 legitur
724 1274 1173 1361 eoepigatorem,
1228 1277 1371 1342 Par.
1425 1276 1576 1344 hinc
1625 1278 2080 1364 affin-olorem,
2126 1276 2302 1345 Leid.
2343 1279 2550 1366 expli-

182 1390 459 1454 rotorem;
513 1381 707 1446 Torn.
759 1380 1199 1468 expilatorem,
1247 1381 1415 1469 quod
1466 1383 1607 1450 sine
1654 1382 1849 1450 dubio
1895 1403 2146 1451 verum.
2222 1383 2548 1453 Nimirum

181 1506 216 1548 r
261 1485 603 1573 aliquando
663 1485 1064 1575 adscriptum
1126 1497 1199 1554 ut
1246 1507 1321 1555 ex
1374 1488 1597 1578 (mala)
1647 1490 2023 1556 coniectura
2070 1511 2286 1556 recum
2333 1491 2397 1556 in
2444 1514 2550 1557 re-

179 1610 303 1657 rum
346 1601 748 1672 mutaretur,
795 1591 1004 1659 alieno
1042 1592 1182 1660 loco
1221 1613 1420 1682 supra
1461 1596 1874 1683 expilatorem
1912 1595 2190 1681 positum
2231 1604 2349 1662 est.
2408 1597 2547 1663 lam

181 1716 351 1783 parva
420 1699 785 1765 mutatione
857 1718 1083 1766 versus
1146 1701 1210 1766 in
1276 1701 1603 1787 integrum
1669 1703 2086 1779 restituitur,
2160 1720 2277 1788 pro
2336 1722 2552 1769 recum

178 1803 489 1871 scribatur
535 1825 766 1891 repam
817 1802 901 1892 (G
948 1825 1065 1891 pro
1111 1805 1234 1895 G):

291 1913 522 1999 regum
566 1909 988 1997 expilatorem
1040 1912 1320 1989 mittam,
1380 1910 1697 1979 miserum
1749 1910 2120 1978 mendicum
2173 1919 2407 1998 petam.

248 2016 526 2084 Omnino
593 2036 714 2081 non
777 2015 1210 2103 neglegendae
1257 2027 1406 2084 sunt
1457 2020 1895 2085 correctiones
1945 2015 2314 2096 Leidensis,
2372 2017 2544 2105 quod

75 2174 78 2181 .
173 2121 466 2190 familiam
538 2122 832 2189 codicum
883 2125 1220 2210 antiquam
1273 2132 1781 2211 repraesentant.
1876 2123 2006 2190 Nec
2060 2124 2260 2189 mirer
2306 2122 2361 2189 si
2398 2113 2547 2190 'toto

170 2228 353 2297 Nonio
406 2228 643 2297 collato
703 2237 1042 2316 appareat,
1107 2244 1187 2295 ex
1248 2228 1500 2295 duabus
1549 2229 1863 2296 librorum
1913 2227 2179 2295 familiis
2226 2229 2540 2308 alteram,

170 2336 486 2404 meliorem
560 2333 735 2400 illam
768 2385 786 2415 ,
861 2336 1333 2422 repraesentari
1405 2334 1702 2402 Leidensi
1731 2386 1747 2413 ,
1819 2335 2130 2413 alteram,
2198 2337 2534 2422 antiquam

75 2508 78 2519 Γ
167 2452 216 2509 et
259 2444 514 2532 ipsam,
565 2440 947 2521 Harleiano,
999 2460 1168 2508 saec.
1218 2440 1347 2519 IX,
1409 2450 1738 2508 correctos
1784 2449 2004 2507 autem
2054 2441 2170 2508 hos
2207 2440 2403 2508 libros
2442 2441 2537 2508 al-

168 2556 358 2617 terum
404 2570 487 2617 ex
538 2547 809 2615 alterius
846 2550 1104 2634 generis
1144 2547 1363 2614 codice
1408 2568 1569 2616 esse.

241 2657 310 2724 In
354 2673 596 2742 genere
631 2652 1128 2740 orthographico
1172 2652 1485 2740 quaedam
1529 2654 1739 2721 editor
1766 2654 2063 2731 novavit,
2086 2652 2208 2720 alia
2233 2661 2532 2721 constan·

165 2762 314 2841 tius,
377 2781 580 2849 quam
639 2758 850 2825 adhuc
912 2757 1198 2839 sactum,
1277 2762 1635 2847 usurpavit.
1731 2757 1851 2826 Sed
1917 2767 2161 2827 certam
2234 2779 2528 2827 normam

75 2945 78 2956 .
167 2885 272 2933 non
331 2867 575 2953 ubique
639 2872 905 2930 secutus
960 2871 1081 2930 est.
1143 2863 1427 2931 Lucilius
1492 2868 1627 2952 ipse
1690 2865 1755 2930 in
1821 2865 2216 2933 nominativo
2263 2864 2535 2952 pluralis

75 2975 78 3040 ἓ
166 2973 466 3039 secundae
535 2992 597 3037 ut
658 2968 1072 3036 scribendum
1131 2991 1272 3036 esse
1323 2973 1677 3059 praecepit;
1721 2971 2019 3057 genetivo
2068 2969 2420 3036 vindicavit
2470 2993 2531 3052 1,

166 3079 338 3145 etiarn
391 3075 768 3144 nominibus
813 3095 978 3162 quae
1026 3076 1089 3140 in
1141 3096 1235 3141 ms
1281 3087 1552 3156 exeunt,
1603 3076 1682 3143 de
1722 3097 1851 3164 quo
1888 3096 2038 3142 cum
2084 3075 2242 3141 nihil
2273 3096 2536 3163 praece-

162 3184 309 3266 pisse
341 3182 669 3251 Lucilium
709 3182 790 3247 Μ.
833 3180 993 3247 dicit
1035 3201 1091 3267 p.
1136 3185 1267 3248 278
1303 3180 1413 3248 inl.
1446 3183 1505 3270 (ι
1543 3234 1558 3248 .
1590 3231 1605 3247 .
1634 3233 1650 3248 .
1682 3234 1696 3248 .
1723 3181 1803 3248 de
1827 3183 2145 3268 genetivis
2171 3181 2533 3251 substanti-

163 3307 364 3355 vorum
433 3292 499 3355 in
570 3290 673 3354 ius
724 3286 818 3353 vel
870 3288 1006 3352 ium
1054 3288 1454 3353 exeuntium.
1498 3286 1610 3354 sed
1656 3288 1830 3353 enim
1883 3307 2202 3374 nusquam
2253 3308 2402 3356 eum
2453 3288 2533 3356 de

164 3392 263 3461 boc
301 3397 516 3483 egisse
558 3394 695 3482 ipsa
739 3391 1012 3458 Charisii
1060 3391 1251 3459 verba
1291 3390 1649 3459 conserenti
1692 3392 1878 3459 facile
1917 3392 2348 3482 apparebit”),
2394 3414 2530 3462 ma·

165 3499 375 3568 nifesto
428 3499 803 3587 obloquitur
849 3499 931 3564 iis
977 3518 1141 3585 quae
1183 3500 1318 3585 ipse
1359 3507 1537 3565 recte
1569 3497 1647 3565 de
1685 3518 1759 3564 ea
1808 3518 1876 3564 re
1917 3519 1974 3584 p.
2005 3503 2134 3565 224
2173 3498 2421 3566 dixerat
2454 3499 2530 3589 ¹).

164 3603 386 3674 Scribit
433 3609 501 3672 in
552 3606 848 3693 genetivo
891 3604 1137 3671 Corneli
1182 3604 1595 3693 Cornificique
1632 3603 1915 3670 Lucilius
1943 3604 2048 3670 lx.
2091 3608 2195 3669 18.
2247 3604 2525 3670 Tantum

168 3719 225 3776 ut
284 3711 718 3799 distingueret
770 3708 1107 3776 Numerius
1154 3729 1191 3775 a
1237 3716 1538 3777 numerus
1583 3709 1985 3798 praecepisse
2031 3707 2293 3775 videtur
2337 3718 2409 3776 ut
2463 3711 2528 3777 in

165 3828 355 3900 genet.
421 3816 825 3885 scriberetur
884 3816 1148 3883 Nuusan
1209 3823 1274 3882 et
1334 3835 1590 3891 nuusnu
1661 3816 1845 3903 prius
1899 3824 2115 3882 autem
2171 3813 2328 3898 illud
2377 3835 2526 3884 cum

225 4069 270 4132 ι)
308 4070 522 4122 udeinde
557 4071 834 4137 [Lucilius]
868 4072 932 4122 de
963 4071 1210 4136 genetivis
1243 4077 1294 4122 et
1327 4070 1566 4122 vocativis
1601 4069 1877 4135 singularis
1910 4070 2336 4122 substantivorum
2370 4071 2425 4122 in
2454 4073 2532 4125 ius

167 4152 500 4203 amrium?
559 4153 808 4218 Propertii
838 4155 1043 4204 demum
1074 4160 1237 4204 aetate
1269 4153 1310 4204 iz·
1342 4154 1393 4203 iu
1428 4160 1597 4217 genet.
1631 4153 1935 4218 disyllabum
1962 4153 2175 4204 subinde
2201 4153 2356 4204 fuisse
2405 4156 2418 4167 '
2490 4156 2503 4169 ⁰

168 4243 208 4280 et
257 4236 539 4285 tonsoribus
594 4242 774 4285 uotum
827 4244 918 4286 cst.
998 4236 1234 4286 Voluisse
1291 4235 1547 4285 Lucilium
1602 4241 1660 4284 ut
1718 4235 2088 4299 pronuntiando
2149 4250 2217 4301 qu
2291 4272 2320 4309 Β
2368 4258 2501 4304 ingm-

166 4311 303 4366 Lucii
341 4325 390 4368 et
433 4314 591 4378 Luci,
637 4315 872 4367 Numerii
915 4324 966 4368 et
999 4317 1187 4367 numeri
1217 4317 1608 4383 distingueretur
1639 4316 1786 4366 docet
1815 4315 2105 4380 fragmenta
2165 4341 2298 4390 inf„
2329 4333 2504 4386 landg-

169 4402 290 4456 tumz
323 4397 536 4450 Numen·
565 4400 733 4459 enim,
767 4415 869 4450 non
904 4397 1143 4450 Numer-it·
1175 4413 1228 4450 se
1260 4400 1457 4452 dedisse
1489 4397 1612 4450 dicit
1649 4405 1734 4448 out
1757 4147 2843 4566 ιιιιιιιοῑᾞῇζι-,ἷ,ἴῐιῖιῖκοΧ

171 4476 258 4530 hae
288 4478 484 4551 formae,
504 4483 782 4549 quantitate
813 4483 1041 4534 diversae
1074 4482 1293 4533 fuerunt.

1894 4613 1947 4668 s
2154 4581 2213 4628 lfi
