2934 5050
325 316 459 379 260
1131 330 1440 377 wemma
1490 334 1563 379 ιτ
1612 332 1917 379 cominu.

327 521 454 568 nus
495 501 796 567 Latinum
836 511 958 567 est.
1029 498 1158 566 Nec
1198 495 1280 563 dc
1313 517 1444 566 nno
1484 502 1745 569 homine
1782 500 2053 588 pluralis
2086 511 2293 567 rostra
2319 510 2673 590 usurpatur,

329 607 516 694 quasi
558 607 804 674 Graece
841 609 980 673 viro
1017 602 1420 690 καλλιτρῷρφ
1459 608 1676 696 plures
1714 609 1955 693 πρῴρας
1990 607 2347 676 adscribas,
2424 608 2675 677 Lucilius

329 714 404 779 V.
455 719 577 781 49:
628 714 996 801 »designati
1044 724 1328 781 rostrum
1377 714 1765 802 praetoris'’.
1858 714 1969 780 tx.
2025 718 2137 781 74:
2180 722 2518 781 »rostrum
2557 713 2675 780 labi·

333 839 573 906 »asque
633 819 787 886 huic
851 822 1249 910 Zopyriatim
1303 818 1671 908 percutio”.
1764 820 1978 902 Quare
2024 820 2179 886 haec
2224 840 2381 887 cum
2432 820 2680 888 Bensdio

333 938 568 992 neutro
632 946 872 1013 genere
920 932 1198 1016 positum
1248 928 1513 1015 putavi,
1562 935 1773 992 rostra
1820 925 1902 993 de
1949 935 2265 1012 suggestu
2314 926 2679 1014 intellegens.

333 1030 550 1097 Facile
615 1031 812 1099 suerit
871 1052 1026 1100 sane
1073 1055 1107 1098 e
1153 1036 1454 1099 omittere
1504 1034 1717 1121 (radet
1761 1032 1833 1099 cl*
1874 1034 2051 1099 Pet-S.
2096 1032 2211 1099 111.
2262 1035 2375 1117 9);
2427 1032 2538 1100 sed
2582 1032 2683 1120 pri⁶

337 1156 520 1202 mum
585 1159 940 1205 consensus
1003 1139 1314 1206 Varronis
1374 1148 1440 1206 et
1492 1138 1713 1218 Nonii,
1760 1140 1870 1225 qui
1920 1136 1986 1203 h.
2032 1136 2080 1204 l.
2134 1157 2259 1204 non
2302 1159 2384 1205 ex
2432 1139 2683 1204 Varrone

339 1240 558 1308 bausit
606 1244 911 1329 (alterurn
962 1246 1134 1311 enim
1186 1264 1444 1311 versum
1495 1243 1671 1310 solus
1717 1242 1938 1329 habet)
1975 1245 2041 1309 in
2084 1264 2223 1310 voc.
2266 1266 2300 1311 e
2342 1244 2573 1334 (Varro
2602 1241 2683 1328 α’)

339 1349 446 1413 vix
515 1347 825 1416 fortuitus
891 1371 1032 1417 esse
1097 1360 1344 1438 potest,
1409 1359 1481 1417 ιιι
1544 1352 1839 1416 omittam
1900 1351 2072 1427 iam,
2114 1370 2347 1437 parum
2396 1348 2687 1438 probabile

339 1475 480 1521 esse
526 1455 685 1521 haec
732 1456 811 1523 de
858 1456 1094 1524 femina
1143 1457 1274 1522 dici
1320 1477 1470 1524 cnm
1528 1455 1606 1523 de
1653 1455 1920 1522 animali
1960 1455 2236 1543 quodam
2282 1458 2387 1542 agi
2432 1477 2555 1522 non
2581 1474 2691 1543 pos·

338 1561 425 1627 sit
476 1572 737 1648 propter
772 1562 1082 1630 Varronis
1121 1563 1351 1630 verba:
1397 1562 1643 1629 »multa
1685 1562 1764 1629 ab
1802 1562 2179 1630 animalium
2221 1562 2488 1629 vocibus
2508 1569 2691 1627 trans·

343 1666 506 1733 »lata
555 1669 622 1732 in
669 1668 1020 1736 homines.”
1114 1669 1326 1751 Quare
1374 1691 1750 1737 concur-sans
1799 1670 1864 1735 in
1916 1689 2054 1756 sqq.
2108 1676 2341 1756 »atque
2402 1666 2693 1734 eiulitabit

345 1794 779 1841 »concursans
855 1775 1052 1842 veluti
1116 1778 1466 1842 ancarius”
1530 1796 1682 1843 cum
1742 1776 2038 1841 aurarius
2107 1775 2235 1841 erit
2294 1773 2694 1861 iungendum.

345 1882 480 1948 lam
545 1890 812 1969 apparet
875 1882 1422 1968 comparationem
1489 1883 1744 1949 institui
1810 1883 1982 1948 iuter
2029 1889 2349 1947 oratorem
2399 1882 2510 1967 qui
2556 1878 2694 1944 suri·

346 1986 604 2054 bundus
651 2009 725 2055 ex
767 1998 1087 2074 suggestu
1128 1988 1469 2077 opprobria
1510 1987 1907 2063 eiaculatur,
1950 1996 2014 2052 et
2054 1985 2367 2053 Parthum
2404 1984 2695 2073 quendam

345 2097 627 2182 equitem
693 2115 771 2162 ex
816 2116 982 2182 equo
1024 2099 1296 2183 sagittas
1335 2097 1696 2162 emittente.
1768 2092 1929 2159 Vide
1976 2112 2134 2158 num
2184 2092 2472 2158 Lucilius
2526 2092 2698 2175 scrip-

348 2202 510 2267 serit
579 2200 933 2269 eiaeulabit.
1009 2202 1272 2289 Aliquid
1343 2203 1408 2267 in
1475 2199 1918 2287 superioribus
1980 2197 2181 2264 fuisse
2245 2197 2565 2286 probabile
2619 2203 2699 2260 est

349 2305 522 2392 quod
593 2308 974 2374 certaminis
1039 2309 1362 2374 notionem
1437 2315 1839 2392 suggereret.
1938 2306 2152 2372 Form.
2210 2305 2488 2370 activam
2536 2300 2702 2368 habet

349 2410 591 2478 Gellius
654 2412 822 2481 XVI.
890 2418 991 2480 19.
1087 2414 1311 2499 ltaque
1371 2410 1819 2499 quaerendum
1885 2420 2121 2487 restat,
2185 2409 2341 2497 quid
2404 2411 2524 2477 sibi
2570 2405 2704 2473 velit

350 2515 508 2583 illud
596 2520 906 2586 anem-ius.
1018 2519 1315 2588 Fortasse
1398 2517 1684 2586 Lucilius
1767 2519 2052 2606 primum
2126 2515 2427 2605 quodque
2494 2532 2701 2582 nomen

353 2624 593 2710 equitis
655 2626 895 2692 Persici
951 2625 1122 2713 quod
1179 2625 1562 2693 occurrebat
1627 2627 1879 2712 posuit,
1946 2644 2070 2690 non
2137 2642 2388 2689 memor
2433 2619 2704 2708 angarios

353 2731 539 2816 equis
603 2731 864 2818 quidem
930 2730 1075 2798 vehi
1139 2730 1248 2798 sed
1315 2751 1436 2797 non
1505 2751 1791 2819 pugnare
1849 2728 2067 2795 solitos
2128 2748 2291 2794 esse.
2389 2726 2704 2811 Quantitas

354 2837 746 2924 penultimae
793 2836 1074 2927 syllabae
1124 2838 1487 2926 (ἄγγαρῆιοι
1537 2846 1692 2903 sunt
1739 2835 1911 2923 apud
1957 2834 2351 2901 Herodotum
2401 2832 2563 2902 v111.
2601 2834 2703 2898 98.

351 2950 417 3008 et
483 2944 572 3009 ita
643 2944 1008 3009 necessario
1070 2943 1151 3009 ab
1213 2943 1528 3032 ἄγγαρος)
1596 2964 1720 3008 non
1784 2959 2019 3028 magno
2080 2938 2539 3027 impedimento
2599 2941 2700 3028 est.

351 3048 569 3114 Lectio
654 3050 896 3115 codicis
974 3048 1151 3136 Harl.
1230 3050 1538 3115 autcarius
1599 3047 1782 3114 ducit
1842 3033 1921 3114 ad
1985 3046 2357 3125 aucharius,
2423 3064 2566 3112 nam
2622 3042 2704 3106 sic

357 3153 435 3219 V.
523 3160 624 3221 13.
689 3152 836 3220 libri
898 3166 1166 3221 atexnon
1229 3175 1344 3243 pro
1403 3154 1712 3238 ἄτεχνονς
1779 3152 1892 3219 sed
1954 3172 2028 3218 eo
2090 3151 2247 3218 nihil
2321 3151 2703 3239 proficimus,

357 3278 502 3324 nam
564 3262 895 3342 ’Λγχάρης
949 3270 1047 3327 est
1095 3282 1249 3328 sane
1300 3281 1529 3328 nomen
1584 3261 1950 3335 Persicum.
2000 3266 2065 3324 at
2111 3260 2272 3335 viri,
2325 3279 2450 3325 non
2494 3250 2703 3345 populi.

358 3363 662 3431 Ceterum
725 3365 1027 3453 cf.·Eup.
1078 3387 1180 3453 ap.
1233 3364 1446 3433 Schol.
1504 3368 1703 3433 Arist.
1753 3367 1868 3431 Av.
1920 3368 2087 3431 1297
2143 3364 2358 3452 (Mein.
2407 3364 2490 3430 11.
2536 3359 2706 3446 511);

356 3471 722 3555 Συρακόσιος
795 3475 846 3540 δ’
896 3472 1108 3550 ἔοικεν,
1157 3474 1308 3550 ἡνίκ’
1352 3472 1431 3540 ἂν
1477 3472 1638 3554 λέγῃ
1681 3479 1831 3545 Τοῖς
1880 3471 2181 3538 κυνιδίοισι
2226 3479 2418 3538 τοῖσιν
2465 3469 2562 3535 ἐπὶ
2602 3470 2707 3532 τῶν

353 3580 641 3660 τειχίων·
736 3580 1021 3658 ’Λναβὰς
1063 3579 1190 3660 γὰρ
1236 3578 1338 3644 ἐπὶ
1384 3579 1452 3644 τὸ
1501 3579 1666 3658 βῆμ’
1715 3577 1982 3642 ὑλακτεῖ
2021 3576 2415 3659 περιτρέχων.

339 3766 360 3778 .
448 3689 560 3764 26,
609 3690 714 3752 40.
756 3683 990 3773 Porph.
1025 3683 1105 3750 ad
1157 3684 1307 3750 Hor.
1338 3682 1474 3750 Sat.
1500 3685 1553 3750 Ι.
1582 3688 1645 3750 9.
1677 3687 1759 3750 77
1780 3706 1794 3748 :
1826 3681 2154 3749 »Lucilius
2180 3684 2243 3748 in
2273 3688 2701 3755 sextosatura·

359 3807 577 3857 nrum:
628 3799 695 3856 ut
742 3790 1063 3878 discrepet
1105 3810 1180 3856 ac
1218 3790 1324 3856 τὸν
1362 3789 1415 3855 δ’
1452 3787 1795 3871 ἐξήρπαξεν
1832 3790 2160 3856 Ἀπόλλων
2201 3788 2241 3853 i.
2281 3808 2474 3876 quem
2512 3781 2704 3873 rapuit

356 3894 653 3983 »Apollo‚
719 3896 826 3963 fiat
883 3898 1108 3983 ergo.’'
1205 3896 1536 3962 Postrema
1594 3896 1722 3983 siat
1783 3916 1931 3982 erqo
1994 3914 2118 3960 non
2167 3902 2439 3982 possunt
2486 3885 2702 3959 Lucilio

352 4000 678 4082 adscribi;
732 4022 807 4069 ex
855 4003 936 4069 iis
984 4003 1064 4068 Μ.
1105 4000 1227 4090 siat
1253 4002 1557 4078 retraxit
1596 4000 1844 4067 scilicet
1883 4002 1950 4065 in
1982 3999 2159 4084 φύγε
2186 4007 2544 4074 mutatum,
2582 3998 2701 4083 pos!—

353 4117 447 4174 αις
500 4117 613 4174 »ut
660 4107 834 4191 φύγε
884 4107 1210 4196 discrepat
1263 4128 1338 4174 ae
1384 4134 1445 4174 τ.
1496 4108 1549 4173 ὃ.
1600 4111 1648 4174 ἕ.
1697 4110 1794 4174 ’.Α
1848 4106 2057 4194 »quod
2109 4125 2224 4172 nec
2267 4102 2584 4194 probabile
2616 4104 2700 4166 est

353 4233 472 4281 nec
535 4214 998 4302 perspicuum.
1067 4214 1234 4281 Num
1299 4215 1361 4280 in
1428 4214 1734 4303 discrepet
1805 4211 2039 4303 (Guell'.
2104 4212 2416 4327 discrepat
2484 4217 2548 4276 1·
2591 4207 2694 4289 m.)

351 4318 507 4388 latet
555 4319 914 4406 discerpat?
966 4318 1217 4407 Aliquis
1271 4340 1465 4407 prope
1514 4319 1797 4398 accedit,

672 4432 742 4489 ut
789 4422 1116 4510 discerpat
1164 4445 1336 4502 eum,
1384 4428 1489 4492 τὸν
1536 4424 1587 4490 δ’
1631 4423 1972 4509 ἐξήρπαξεν
2017 4425 2368 4493 ’.Απόλλων
