2934 5050
351 202 483 270 232
1323 220 1746 269 rasurum.

807 392 875 455 αἱ
923 390 1201 472 Φορκίδες
1249 389 1480 454 ναίουσι
1529 388 1769 464 δηναιαὶ
1820 388 2009 471 κόραι.

808 600 1008 675 πέλας
1058 601 1109 667 δ’
1156 600 1433 683 ἀδελφαὶ
1482 599 1666 665 τῶνδε
1708 608 1864 681 τρεῖς
1912 599 2298 681 κατάπτεροι

814 707 1340 788 δρακοντόμαλλοι
1389 706 1676 787 Γοργόνες
1728 708 2153 787 βροτοςυγεῖς.

811 923 1060 999 γρῦπας
1108 918 1397 1002 φύλαξαι
1442 920 1548 985 τόν
1593 943 1664 984 τε
1710 926 2003 997 μουνῶπα
2047 921 2273 1000 ςρατὸν

796 1022 1186 1105 Ἀριμασπὸν
1230 1023 1620 1105 ἱπποβάμον’
1639 1075 1656 1101 ,
1704 1018 1758 1090 οἳ
1800 1025 2200 1107 χρυσόρρυτον

812 1132 1067 1196 οἰκοῦσιν
1112 1131 1288 1213 α’μφὶ
1336 1136 1511 1210 νᾶμα
1560 1130 1914 1204 Πλούτωνος
1964 1131 2145 1211 πόρου
2166 1153 2181 1167 ·

812 1236 1045 1311 τούτοις
1093 1237 1170 1302 σὺ
1215 1240 1304 1315 μὴ
1351 1237 1588 1320 πέλαζε
1637 1239 1925 1318 τηλουρὸν
1969 1236 2033 1302 δὲ
2062 1220 2211 1316 νγὶῖν

814 1340 974 1419 ἥξεις
1021 1344 1299 1409 κελαινὸν
1343 1347 1544 1426 φῦλον
1565 1394 1581 1419 ,
1639 1338 1692 1407 οἳ
1737 1343 1881 1424 πρὸς
1933 1343 2104 1420 ἡλίου

669 1442 683 1452 “
813 1450 1042 1516 ναίουσι
1089 1458 1334 1529 πηγαῖς
1356 1499 1373 1528 ,
1424 1446 1578 1515 ἔνθα
1625 1447 1910 1527 ποταμὸς
1958 1446 2216 1529 Αἰθίοψ.

809 1553 1022 1619 τούτου
1068 1555 1219 1637 παρ’
1264 1552 1477 1637 ὄχθας
1522 1553 1692 1636 ἕρφ’,
1741 1552 1852 1629 ἕως
1899 1553 1978 1621 ἂν
2025 1555 2191 1637 ἐξίκῃ

811 1659 1263 1740 καταβασμὸν,
1311 1658 1470 1727 ἔνθα
1516 1660 1837 1739 ΒυβλΙνων
1885 1663 2029 1741 δρῶν
2074 1659 2200 1725 ἄπο

813 1762 937 1839 ἵησι
977 1766 1203 1831 σεπτὸν
1246 1774 1470 1839 Νεῖλος
1521 1765 1776 1832 εὔποτον
1820 1766 1968 1848 ῥέος.

812 1866 986 1945 οὗτός
1031 1871 1095 1938 α’
1144 1871 1345 1938 ὁδώσει
1393 1874 1505 1948 τὴν
1549 1872 1835 1952 τρίγωνον
1881 1873 1943 1943 ἐς
1986 1871 2180 1952 χθόνα

818 1984 1138 2045 Νειλῶτιν.

456 2085 620 2166 Quia
661 2103 898 2172 grypes
943 2088 1009 2149 et
1051 2074 1375 2169 Arimaspi
1419 2083 1525 2150 hic
1567 2090 2008 2151 memorantur
2022 2133 2040 2163 ,
2098 2103 2289 2151 nemo
2334 2103 2464 2150 non
2508 2088 2585 2148 ut
2624 2082 2736 2146 ists

365 2193 817 2276 interpretetur
832 2237 850 2266 ,
900 2187 1300 2255 Herodotum
1347 2188 1706 2255 adhibebit:
1768 2189 1935 2256 fflud
1978 2189 2168 2256 modo
2214 2188 2580 2255 recordetur
2617 2185 2732 2253 He-

362 2295 660 2362 rodotum
727 2293 1045 2382 Aeschylo
1105 2313 1239 2361 esse
1294 2297 1708 2362 recentiorem
1768 2295 2078 2382 pluraque
2141 2297 2201 2361 ei
2247 2293 2326 2361 de
2380 2291 2733 2361 istiusmodi

364 2402 552 2467 rebus
601 2404 753 2466 nota
798 2421 931 2466 esse
976 2402 1274 2487 potuisse.
1356 2399 1722 2467 Herodotus
1768 2406 1986 2467 autem
2030 2401 2112 2487 ad
2156 2402 2473 2467 orientem
2516 2399 2734 2486 Borys-

363 2506 573 2572 thenis
617 2507 901 2593 primum
946 2507 1130 2573 novit
1173 2504 1533 2592 Hylaeum,
1581 2504 1690 2571 IV.
1743 2504 1828 2573 18
1872 2528 2007 2594 sqq.
2054 2504 2186 2573 ἀπὸ
2234 2504 2298 2571 δὲ
2342 2503 2584 2580 ταύτης
2621 2502 2734 2570 ἄνει

362 2611 616 2680 οἰκέουσι
665 2608 916 2677 Σκύθαι
958 2614 1253 2692 γεωργοί,
1304 2611 1444 2682 τοὺς
1482 2613 1788 2686 Ἕλληνες
1829 2616 1880 2680 οἱ
1917 2612 2211 2686 οἰκέοντες
2252 2612 2355 2678 tr)
2395 2614 2483 2694 τῷ
2518 2609 2734 2677 ’Ὑπάνι

363 2719 630 2800 ποταμῷ
691 2716 979 2783 καλέουσι
1026 2715 1538 2799 Βορυσθενεΐτας,
1587 2717 1791 2800 σφέας
1838 2719 1901 2784 δὲ
1949 2720 2173 2791 αὐτοὺς
2221 2718 2729 2794 Ὀλβιοπολίτας.

365 2825 681 2891 Habitant
737 2822 838 2888 illi
892 2822 1035 2903 πρὸς
1083 2823 1194 2896 τὴν
1241 2825 1321 2900 ἠῶ
1368 2821 1469 2887 ἐπὶ
1518 2832 1675 2901 τρεῖς
1729 2822 1962 2905 ἡμέρας
2011 2825 2145 2890 ὁδοῦ
2191 2844 2394 2910 usque
2437 2823 2519 2890 ad
2559 2822 2732 2911 fluvi·

361 2952 477 2997 um
549 2932 655 2997 cui
720 2928 1098 3014 Panticapes
1164 2949 1397 2994 nomen
1466 2934 1581 2994 est.
1676 2928 1864 2996 U1tra
1926 2929 2098 2997 hunc
2158 2930 2436 2997 fluvium
2492 2926 2731 2994 Σκύθαι

364 3035 626 3113 νομάδες
673 3040 855 3111 sunt,
905 3036 1016 3118 qui
1059 3033 1228 3120 apud
1275 3033 1670 3121 Aeschylum
1715 3041 2155 3102 memorantur
2196 3057 2290 3102 vs.
2326 3033 2481 3102 ¹709.
2526 3033 2733 3100 Orien·
2844 3049 2845 3080 f

365 3150 499 3208 tem
558 3160 778 3206 versus
837 3139 1132 3205 habitant
1194 3139 1455 3220 ἡμερέων
1515 3139 1811 3221 τεσσέρων
1875 3140 1980 3206 καὶ
2045 3139 2196 3207 δέκα
2243 3139 2374 3207 ὀδόν
2421 3160 2619 3227 usque
2660 3136 2729 3204 ad
2844 3135 2845 3142 ἵ

365 3246 641 3314 fluvium
684 3242 910 3325 Γέρρον.
983 3242 1350 3330 Sequuntur
1395 3243 1673 3333 Scythae
1691 3293 1709 3323 ,
1758 3248 1871 3332 qui
1918 3246 2253 3321 κατήκουσι
2301 3246 2403 3311 ἐπὶ
2450 3255 2560 3321 τῆς
2597 3243 2726 3323 λΙμ·

366 3378 467 3429 νης
512 3360 623 3426 τῆς
670 3349 1011 3426 Μαιήτιδος
1056 3350 1127 3415 τὸ
1174 3348 1456 3429 ἐμπόριον
1500 3351 1570 3416 τὸ
1616 3353 1918 3418 καλέεται
1968 3355 2266 3432 Κρημνοί,
2315 3352 2403 3417 τα
2451 3350 2506 3416 δ’
2541 3353 2726 3416 αὐτῶν

366 3458 698 3534 κατήκουσι
745 3455 845 3521 ἐπὶ
894 3458 1175 3534 ποταμὸν
1223 3455 1485 3521 Τάναϊν.
1578 3456 1750 3523 Hinc
1794 3456 2146 3536 Sarmatia,
2194 3478 2358 3544 quae
2395 3461 2570 3544 patet
2596 3458 2725 3537 πρὸς

365 3563 580 3645 βορέην
624 3561 887 3639 ἄνεμον.
939 3561 1200 3640 ἡμερέων
1246 3562 1694 3628 πεντεκαίδεκα
1739 3561 1905 3638 ὅδόν,
1959 3569 2104 3628 tum
2148 3562 2425 3642 Rudini,
2474 3563 2725 3651 Thymn-

364 3675 550 3760 getae
566 3716 585 3747 ‚
634 3667 852 3734 Iurcae
867 3715 885 3745 ,
935 3667 1160 3734 deinde
1206 3668 1410 3734 denuo
1454 3667 1735 3756 Scythae
1749 3717 1767 3747 ,
1817 3668 2225 3757 Orgiempaei
2264 3670 2379 3754 qui
2420 3675 2487 3736 et
2523 3667 2719 3750 Calvi,

363 3777 635 3862 denique
693 3774 1016 3860 Arimaspi
1077 3777 1143 3839 et
1198 3770 1469 3860 Grypes.
1522 3812 1608 3824 -
1654 3776 1937 3841 Aristeas
1984 3779 2203 3840 autem
2247 3772 2719 3848 Proconnesius,

365 3885 582 3969 epicus
626 3884 814 3966 poeta
830 3926 847 3955 ,
895 3885 1108 3945 narrat
1154 3900 1221 3945 se
1258 3883 1618 3966 pervenisse
1652 3901 1853 3966 usque
1894 3880 1974 3946 ad
2010 3878 2340 3946 Issedones
2353 3928 2372 3959 ,
2422 3880 2595 3947 ultra
2621 3879 2719 3945 11oe

364 3994 581 4054 autem
630 3985 923 4070 deinceps
968 3985 1257 4052 habitare
1300 3987 1668 4073 Arimaspos
1686 4034 1702 4064 ,
1762 3984 2014 4073 Grypas
2033 4033 2050 4061 ,
2099 3983 2581 4072 Hyperboreos,
2625 3980 2719 4068 qui

363 4094 722 4179 pertineant
767 4089 847 4154 ad
891 4110 1086 4155 mare.
1158 4090 1358 4156 Addit
1402 4098 1622 4158 autem
1666 4099 1851 4178 poeta
1894 4090 2341 4178 Hyperboreos
2377 4091 2448 4156 in
2491 4088 2719 4156 sedibus

365 4199 498 4262 suis
543 4197 918 4261 remansisse
936 4244 954 4273 ,
1019 4196 1126 4261 sed
1173 4197 1543 4282 Arimaspos
1590 4217 1923 4286 aggressos
1966 4196 2162 4262 fuisse
2206 4194 2561 4273 Issedonas,
2620 4192 2719 4258 11oe

363 4303 535 4388 agris
593 4301 726 4364 suis
785 4299 1002 4383 pulsos
1048 4301 1298 4367 adortos
1345 4323 1479 4368 esse
1526 4301 1835 4390 Scythas,
1901 4299 2284 4371 Cimmerios
2330 4303 2579 4377 autem,
2622 4294 2717 4382 qui
