2934 5050
1190 293 1613 342 ramruu.
2411 255 2415 258 ⁷
2467 274 2598 341 239

173 454 752 527 Schwanbeckius
811 463 880 526 in
925 460 1379 550 Megasthenis
1421 463 1658 531 Indicis
1700 468 1795 531 ita
1838 465 2092 532 scribit:
2143 464 2247 543 „N
2248 468 2605 550 uncupatur

168 563 493 650 populus
570 587 608 633 a
689 564 1108 655 Megasthene
1178 568 1423 636 Derdae
1441 617 1457 648 ,
1546 571 1715 658 apud
1787 570 2079 637 Plinium
2155 569 2406 637 Dordae
2421 618 2438 649 ,
2522 570 2601 636 ab

171 673 362 755 ipsis
455 669 630 737 Indis
711 671 1015 738 Daradae.
1119 673 1205 739 Et
1280 675 1747 743 admirabiliter
1822 675 2107 743 Daradas
2188 675 2600 743 Ptolemaeus

169 780 254 841 in
352 777 708 863 Aethiopia
785 778 1074 845 habitare
1146 779 1305 846 dicit
1319 829 1337 859 ,
1421 787 1489 846 et
1571 782 1855 867 ejusdem
1931 784 2210 848 nominis
2288 779 2601 868 populum

172 885 255 946 in
327 887 633 948 extrema
688 882 935 971 Libyae
991 890 1171 970 parte
1238 886 1318 952 ad
1384 888 1780 954 occidentem
1825 889 1951 953 sita
1994 887 2339 975 Agathem.
2387 885 2471 952 H.
2522 884 2563 951 5
2581 936 2598 966 ‚

173 986 448 1075 Polyb.
510 988 677 1074 apud
738 989 906 1055 Plin.
962 989 1051 1055 H.
1098 990 1180 1056 N.
1229 990 1306 1056 V.
1360 991 1419 1056 l.
1470 990 1590 1070 20,
1652 991 2060 1061 Ptolemaeus
2123 990 2231 1057 IV.
2282 990 2360 1070 6,
2410 1011 2603 1079 quem

175 1100 463 1161 veteres
521 1095 855 1181 scriptores
902 1116 1052 1160 cum
1110 1096 1300 1163 solita
1342 1096 1561 1164 Indiae
1608 1103 1673 1164 et
1714 1099 2093 1185 Aethiopiae
2135 1099 2604 1185 permutatione

178 1202 428 1266 nescio
474 1220 553 1265 an
595 1200 724 1265 huc
768 1202 1321 1287 transposuerint”.
1393 1202 1682 1268 Eandem
1727 1203 2015 1271 fabulam
2059 1203 2209 1270 vide
2253 1201 2422 1289 apud
2461 1198 2603 1269 Gil-

180 1306 673 1372 demeisterum
719 1308 789 1371 in
834 1303 1095 1393 Scriptt.
1145 1308 1379 1374 Arabb.
1430 1306 1509 1373 de
1546 1309 1678 1375 reb.
1728 1308 1965 1375 Indicis
2008 1330 2071 1395 p.
2121 1307 2255 1373 220
2293 1328 2407 1394 sqq
2425 1355 2442 1386 ,
2492 1310 2604 1393 qui

183 1410 596 1493 Qasvinium
661 1414 967 1497 sequitur.
1061 1411 1318 1478 Dicitur
1359 1435 1473 1479 rex
1531 1413 1872 1480 Persarum
1931 1413 2331 1501 'Phamaspus
2389 1413 2604 1479 istius·

178 1516 384 1583 modi
433 1516 771 1583 formicam
824 1516 987 1583 dono
1033 1517 1278 1584 dedisse
1323 1517 1653 1587 Solimano
1678 1569 1695 1596 ,
1744 1540 1906 1605 quae
1948 1520 2336 1586 mediocrem
2379 1539 2601 1585 canem

179 1621 659 1711 magnitudine
745 1629 1058 1708 aequaret.
1170 1622 1505 1711 Originem
1598 1624 1851 1691 fabulae
1941 1624 2219 1712 explicat
2308 1621 2603 1690 Schwen-

180 1727 480 1793 beckius
495 1774 513 1805 ‚
562 1730 673 1812 qui
716 1734 1041 1814 praeterea
1076 1728 1290 1795 addit:
1339 1728 1624 1795 Bestiam
1663 1732 1912 1817 primus
1947 1730 2398 1796 Moorcroftius
2436 1728 2604 1810 (Dis-

188 1834 432 1919 quisit.
502 1835 703 1899 Asiat.
765 1833 912 1900 XII.
978 1833 1137 1918 439)
1200 1838 1448 1902 invenit
1463 1884 1481 1914 ‚
1545 1838 1657 1921 qui
1712 1838 1879 1901 circa
1935 1835 2078 1902 Indi
2139 1834 2345 1902 fontes
2390 1833 2601 1901 solum

187 1940 465 2005 invenit
525 1939 868 2005 auriferum
941 1945 1005 2006 et
1048 1940 1324 2007 bestiam
1369 1943 1433 2005 in
1485 1944 1771 2007 cavernis
1816 1948 2019 2008 terrae
2065 1943 2393 2009 viventem
2410 1987 2429 2018 ,
2497 1941 2603 2005 cui

190 2050 511 2111 veterum
553 2046 891 2131 descriptio
935 2047 1381 2124 conveniebat,
1431 2049 1527 2112 ita
1568 2037 1844 2124 scilicet,
1892 2054 1971 2113 ut
2006 2047 2288 2113 formicis
2329 2047 2600 2115 minime

198 2150 455 2217 similis
516 2172 648 2217 esse
706 2152 927 2237 possit.
1021 2149 1230 2232 Quam
1291 2151 1556 2219 eandem
1618 2172 1751 2218 esse
1804 2156 1996 2238 atque
2037 2151 2224 2218 illam
2269 2152 2604 2218 formicam

200 2257 284 2322 ab
319 2256 660 2324 Herodoto
680 2305 698 2335 ,
745 2256 1035 2324 Nearcho
1051 2305 1069 2336 ‚
1119 2257 1540 2346 Megasthene
1577 2257 1846 2344 aliisque
1865 2263 2318 2335 memoratam,
2357 2259 2606 2344 primus

201 2364 542 2449 perspexit
599 2361 889 2428 Ritterus
945 2364 1047 2449 (de
1091 2363 1247 2430 Asia
1290 2362 1354 2429 H
1393 2362 1560 2442 659;
1611 2364 1688 2429 cf.
1730 2385 1793 2450 p.
1841 2361 1995 2429 508.
2039 2362 2220 2449 593).
2292 2360 2607 2429 Convenit

206 2470 414 2534 etiam
486 2468 701 2535 locus:
773 2469 841 2534 in
903 2468 1020 2536 illa
1087 2471 1260 2535 enim
1331 2473 1591 2558 regione
1652 2468 1941 2537 Daradae
2005 2470 2383 2537 habitabant
2409 2516 2602 2535 .....

209 2572 472 2641 Ultima
534 2575 952 2642 dubitationis
998 2596 1189 2642 causa
1233 2576 1486 2644 sublata
1531 2580 1662 2642 est:
1727 2576 1905 2643 Vilso
1952 2583 1991 2657 (
1994 2576 2074 2642 W
2063 2577 2246 2657 ileon)
2291 2578 2465 2641 enim
2512 2578 2606 2640 in-

207 2682 393 2746 venit
458 2681 702 2762 (Ao-ian.
764 2683 951 2769 antiq.
1017 2705 1080 2769 p.
1130 2681 1291 2763 235)
1350 2685 1745 2750 mentionem
1806 2681 1944 2750 fieri
2007 2685 2205 2748 etiam
2260 2684 2329 2747 in
2372 2680 2608 2745 Indicis

210 2783 422 2852 literis
465 2787 820 2858 bestiarum
868 2808 1099 2854 aurum
1146 2788 1583 2855 effodientium
1602 2836 1619 2867 ,
1683 2808 1840 2874 quas
1855 2835 1872 2866 ,
1936 2808 2138 2873 quum
2184 2793 2421 2853 terram
2467 2784 2607 2852 effo-

215 2888 425 2971 diant,
494 2892 715 2960 eodem
769 2896 1028 2961 nomine
1076 2895 1409 2979 When-s)
1455 2899 1645 2979 atque
1691 2893 1986 2960 formicas
2030 2892 2175 2958 Indi
2218 2897 2606 2978 nuncupant.

217 2996 292 3061 cf.
342 2998 639 3064 Mabdbh.
689 2998 752 3064 Π
796 2997 1031 3065 2860”.
2232 2996 2236 3001 ’

305 3103 484 3186 Quid
540 3104 905 3171 Herodotus
966 3111 1178 3172 narret
1226 3105 1304 3172 de
1348 3105 1635 3210 formicis
1679 3106 1822 3170 istis
1841 3153 1859 3183 ‚
1922 3109 2148 3170 notum
2194 3107 2291 3170 est
2337 3108 2402 3170 et
2444 3104 2609 3170 vidi-

219 3227 398 3288 mus;
467 3211 578 3275 sed
639 3230 762 3275 non
825 3210 1255 3277 omittendum
1312 3216 1408 3276 est
1453 3210 1624 3297 quod
1668 3210 1891 3277 scribit
1935 3209 2042 3276 IV.
2093 3209 2179 3274 44
2197 3259 2214 3285 ‚
2276 3208 2609 3298 Scylacem

220 3316 494 3380 missum
554 3315 750 3381 fuisse
808 3316 888 3380 ab
944 3337 1095 3405 rege
1156 3315 1350 3382 Dario
1368 3364 1384 3393 ,
1457 3318 1570 3401 qui
1631 3317 2085 3403 investigaret,
2148 3317 2263 3382 ubi
2322 3315 2610 3382 locorum

108 3423 134 3440 ’·
224 3421 463 3487 ostium
524 3421 687 3488 foret
747 3421 890 3487 Indi
954 3422 1260 3489 fluminis.
1356 3420 1618 3487 Scilicet
1665 3442 1867 3507 usque
1912 3420 1993 3487 ad
2037 3420 2308 3488 Darium
2354 3420 2611 3487 fuerunt

225 3526 334 3608 qui
374 3532 635 3612 propter
689 3527 1034 3594 crocodilos
1085 3518 1387 3615 putarent
1430 3526 1665 3593 Indum
1709 3529 1779 3592 in
1824 3527 2053 3594 Nilum
2100 3527 2336 3593 effundi
2350 3575 2368 3605 ,
2418 3529 2610 3593 sicuti

225 3625 571 3698 Etearchus
631 3638 695 3698 et
742 3632 1107 3700 Herodotus
1150 3637 1287 3721 ipse
1339 3632 1401 3698 11
1447 3630 1536 3698 28
1579 3639 1835 3719 propter
1880 3653 2138 3699 causam
2184 3634 2449 3700 eandem
2494 3631 2608 3698 flu-

228 3735 408 3801 vium
452 3738 513 3804 N
516 3740 724 3827 igrem
773 3741 1047 3806 eundem
1093 3741 1414 3807 habebant
1459 3758 1652 3825 quem
1699 3743 1763 3805 et
1805 3737 2056 3805 Nilum.

314 3840 407 3908 Ut
472 3844 552 3910 ad
619 3844 1015 3933 Aeschylum
1083 3847 1416 3913 redeamus
1430 3892 1450 3923 ,
1522 3843 1873 3916 Πλούτωνος
1936 3841 2112 3924 πόρος
2178 3844 2416 3910 dicitur
2459 3849 2610 3931 quia

235 3949 486 4028 aurifer;
521 3971 791 4038 grypes,
837 3952 1023 4028 Ζηνὸς
1058 3951 1230 4024 κύνες
1264 3948 1547 4028 &Stis-ome
1569 3997 1585 4027 ‚
1627 3954 1777 4016 sunt
1812 3947 2066 4016 Indicae
2096 3948 2247 4015 illae
2285 3950 2604 4027 formicae;

237 4051 596 4141 Arimaspos
657 4063 874 4122 autem
938 4056 1317 4123 contulerim
1378 4077 1527 4122 cum
1573 4055 1860 4139 Ariaspis
1877 4102 1894 4133 ,
1959 4054 2036 4120 de
2082 4055 2315 4141 quibus
2356 4056 2605 4123 Arrian.

238 4154 427 4225 Anah.
474 4160 590 4227 III.
641 4158 726 4227 27
733 4210 747 4226 .
800 4162 860 4226 4.
954 4160 1274 4230 Credibile
1320 4168 1416 4229 est
1432 4209 1449 4240 ,
1500 4180 1606 4228 eos
1652 4162 1765 4246 qui
1811 4159 1890 4224 ab
1937 4162 2077 4225 auri
2121 4162 2608 4249 investigatione

241 4257 389 4328 alios
430 4265 749 4333 dehortari
794 4268 1037 4335 vellent
1052 4316 1068 4346 ‚
1119 4270 1243 4333 ista
1285 4266 1804 4333 terriculamenta
1848 4266 2326 4352 excogitavisse.

322 4366 660 4437 Diversum
720 4379 816 4437 est
872 4373 982 4438 Ius
1041 4376 1164 4437 iter
1201 4375 1270 4437 in
1316 4371 1729 4458 supplicibus
1775 4390 1867 4436 vs.
1920 4369 2051 4436 538
2097 4392 2253 4458 sqq„
2302 4372 2413 4440 sed
2456 4373 2610 4438 satis
