2934 5050
333 272 417 335 58
1323 289 1724 337 Μιεακιιᾼκιᾼ

690 455 886 534 ἤδιςον
931 456 1209 540 φιλέουσι
1259 457 1403 530 νέοις
1450 456 1910 539 προσανακλιμ’
1958 458 2211 538 ἐρώτων.

424 565 617 630 Recte
661 564 868 642 κλίμα
917 564 1227 630 scribitur
1278 564 1342 628 iu
1384 562 1640 630 Scholio
1680 563 1758 630 ad
1802 563 1914 630 od.
1959 573 2054 629 M.
2101 568 2185 629 59
2220 560 2479 642 ἔχουσαι
2514 561 2706 644 πτερὰ

329 670 686 748 οἱνέπτησαν
734 672 821 744 εἰς
867 670 935 734 τὸ
985 670 1344 751 Τυρρηνικὸν
1390 654 1633 748 κλίμα,
1684 679 1749 736 et
1796 670 1875 736 ad
1926 680 2005 735 K.
2065 672 2214 735 189.
2303 668 2504 755 Saepe
2546 678 2610 734 et
2648 669 2709 733 in

332 775 605 842 Scholiis
675 776 932 842 Venetis
994 775 1073 841 ad
1133 775 1395 841 Iliadem
1455 776 1658 852 κλίμα
1716 775 1989 861 legitur,
2051 783 2122 840 Γ.
2176 778 2303 840 277
2355 776 2502 840 κατ’
2556 773 2711 841 ἄλλο

332 883 572 962 κλίμα,
621 891 703 948 Τ.
757 887 885 947 222
934 891 999 947 et
1049 885 1176 945 225
1230 892 1295 946 et
1344 879 1489 945 aliis
1540 881 1713 947 locis,

424 989 492 1054 In
562 987 837 1054 Scholiis
902 988 1141 1053 nostris
1205 986 1279 1050 ad
1349 985 1465 1053 od.
1534 996 1582 1051 1.
1652 991 1780 1052 202
1847 987 2042 1053 semel
2106 987 2388 1064 πώματα
2442 986 2709 1072 legitur:

330 1098 564 1179 φιάλαι
610 1096 766 1167 τινὲς
815 1092 969 1169 ἦσαν
1018 1094 1119 1159 καὶ
1168 1092 1300 1173 ἱερὰ
1349 1092 1747 1170 πώματα,
1796 1092 1905 1159 sed
1959 1103 2028 1158 tu
2077 1093 2288 1158 scribe
2334 1093 2710 1172 ἐκπώματα.

332 1203 403 1268 lu
442 1202 728 1280 ’ἔκπωμα
791 1219 1141 1286 numquam
1211 1199 1457 1264 scribae
1523 1209 1814 1285 peccant.
1876 1198 2045 1273 Cur?
2089 1202 2413 1278 Ἔκπωμα
2461 1199 2540 1265 iis
2593 1219 2715 1265 non

332 1317 474 1374 erat
520 1311 583 1372 in
636 1327 798 1386 usu,
856 1307 1131 1387 ποτήριον
1179 1325 1399 1371 omnes
1448 1303 1768 1372 dicebant.

426 1520 518 1586 Ad
568 1531 642 1586 Κ.
695 1523 827 1585 240
875 1516 1256 1584 coaluerunt
1305 1519 1369 1583 in
1426 1535 1628 1582 unum
1681 1515 1809 1581 duo
1854 1514 2150 1595 Scholia,
2218 1535 2381 1601 quae
2431 1514 2720 1582 adversis

337 1624 656 1692 frontibus
715 1608 1136 1690 concurrunt.
1233 1624 1421 1688 Prius
1483 1632 1578 1688 est
1634 1623 1977 1688 Aristonici
2030 1623 2093 1710 (ἦ
2142 1622 2354 1709 διπλῆ)
2416 1622 2560 1703 πρὸς
2607 1622 2720 1697 τὴν

335 1734 472 1809 ἑξῆς
533 1732 853 1809 ἀθέτησιν,
918 1730 1009 1796 ὅτι
1075 1729 1144 1795 τὸ
1208 1737 1391 1808 σῶμα
1438 1728 1616 1807 μόνον
1663 1730 2019 1807 ἠλλοιοῦτο,
2090 1730 2125 1803 ἦ
2168 1729 2230 1795 δὲ
2276 1732 2458 1811 ψυχὴ
2504 1725 2721 1807 ἔμενεν

335 1837 788 1917 ἄμετῶβλητος
814 1888 828 1903 .
878 1844 1003 1909 πῶς
1057 1834 1153 1902 οὖν
1200 1835 1277 1900 ἂν
1324 1836 1501 1913 λέγοι

696 1945 785 2010 σοὶ
837 1943 899 2010 δέ
946 1967 1038 2016 τις
1082 1945 1143 2007 ἐν
1192 1944 1468 2019 ςήθεσσιν
1518 1939 1825 2016 ἀκήλητος
1875 1938 2001 2013 νόος
2049 1942 2210 2010 ἑςίν.

337 2069 524 2136 quem
576 2070 835 2116 versum
886 2058 964 2116 K.
1018 2053 1149 2115 529
1201 2046 1618 2114 Aristarchus
1678 2044 1794 2111 boc
1836 2056 2221 2130 argumento
2260 2044 2498 2111 ductus
2540 2042 2723 2109 obelo

336 2157 622 2223 confixit.
721 2156 988 2242 Reliqua
1055 2164 1207 2220 sunt
1251 2161 1498 2221 λυτικοῦ
1547 2177 1702 2226 τινος
1746 2151 2188 2219 difficultatem
2239 2150 2470 2236 frigide
2515 2158 2579 2216 et
2626 2149 2723 2214 vi-

338 2263 496 2327 tiosa
563 2262 922 2327 subtilitate
989 2260 1312 2326 solventis,
1420 2260 1853 2347 Porphyrium
1922 2279 2061 2325 esse
2123 2259 2436 2343 suspicor.
2534 2253 2719 2337 Quod

339 2368 400 2433 in
462 2377 748 2434 extremo
798 2365 1049 2432 Scholia
1096 2365 1367 2450 legitur:
1418 2369 1720 2432 σαίνουσιν
1767 2363 1965 2446 ὥσπερ
2014 2365 2302 2447 δελφῖνες
2342 2361 2721 2446 φιλάνορα

334 2475 385 2541 δ’
434 2477 568 2541 οὐκ
608 2473 889 2541 ἔλιπον
929 2473 1225 2553 βιοτάν
1267 2475 1437 2541 κατὰ
1477 2474 1808 2554 Πίνδαρον,
1860 2470 1938 2538 dc
1981 2468 2210 2537 Bacchi
2247 2470 2437 2536 sociis
2463 2468 2719 2534 dictum

333 2581 623 2658 videtur,
672 2583 780 2665 qui
834 2581 896 2645 in
949 2579 1282 2667 delphinos
1328 2583 1622 2647 conversi
1677 2580 1943 2667 (Hymn.
1996 2578 2059 2642 in
2110 2577 2426 2643 Bacchum
2470 2596 2562 2641 vs,
2610 2579 2720 2640 52.

602 2686 832 2759 πάντες
881 2688 1040 2765 ὁμῶς
1094 2688 1376 2764 πήδησαν
1425 2686 1557 2751 ἐπεὶ
1607 2685 1727 2751 ἴδον
1770 2688 1853 2760 εἰς
1902 2682 2037 2750 ἅλα
2086 2682 2224 2750 δῖαν

605 2792 888 2875 δελφῖνές
931 2795 991 2857 τ’
1038 2792 1336 2880 ἐγένοντο)

337 2910 551 2966 tamen
601 2899 860 2964 humani
904 2900 1153 2987 yeneris
1197 2920 1476 2965 amorem
1520 2920 1637 2964 non
1689 2897 1935 2962 exuisse
1980 2915 2017 2960 a
2066 2892 2339 2960 Pindaro
2377 2892 2716 2960 dicuntur.

428 3112 721 3179 Scholion
772 3112 850 3178 ad
886 3113 954 3177 ll.
1006 3112 1052 3177 l.
1106 3116 1260 3177 455.
1313 3110 1709 3191 ’Λριςόδημος
1755 3110 1783 3174 ὅ
1823 3108 2111 3181 Νυσαεὺς
2153 3107 2341 3189 ῥήτωρ
2381 3130 2451 3170 σε
2496 3107 2724 3172 ἀλλὰ

331 3220 435 3286 καὶ
496 3216 1317 3300 γραμματικός-ἐπενόησε
1388 3218 1641 3298 γραφὴν
1705 3217 1814 3291 την
1879 3224 1970 3297 τῇ
2011 3216 2093 3280 οὐ
2137 3212 2488 3292 πιθόμην
2534 3212 2721 3278 οὐδὲ

333 3323 597 3406 ἔρεξα.
697 3323 918 3390 Scribe
966 3331 1157 3389 AMA
1206 3341 1320 3407 pro
1367 3332 1612 3388 AAAA
1661 3333 1722 3387 et
1771 3320 2056 3396 ἐπενόησε
2103 3319 2461 3403 γράφειν

964 3439 1041 3513 τῇ
1089 3429 1156 3493 οὐ
1199 3427 1460 3506 πιθόμην
1505 3428 1656 3494 οὐδ’
1704 3425 1918 3508 ἔρξα.

428 3643 657 3731 Odyss.
725 3653 802 3709 X.
871 3645 1026 3707 405.
1078 3640 1405 3722 βεβρωκὼς
1451 3638 1631 3718 βοός;
1691 3637 1889 3716 ὅμοιον
1934 3639 2017 3719 τῷ
2070 3636 2270 3719 »ὄφρα
2318 3636 2459 3720 πίῃς
2504 3635 2720 3701 οἵνοιο”

335 3759 638 3832 προσγενῆ
687 3748 812 3829 γὰρ
859 3748 928 3813 τὸ
975 3755 1294 3832 φαγεῖν
1337 3746 1440 3812 καὶ
1494 3753 1707 3813 πιεῖν
1747 3742 2019 3810 Ἀττικοὶ
2063 3741 2367 3821 λέγουσιν.
2454 3743 2721 3828 Corrigc

339 3855 539 3938 »ὄφρα
602 3856 770 3920 πίοι
834 3852 1076 3919 οἵνοιο.”
1172 3851 1285 3918 od.
1346 3863 1421 3918 X.
1483 3856 1583 3917 ll.
1647 3849 1758 3917 sed
1807 3848 1962 3938 quid
2010 3849 2130 3915 sibi
2184 3849 2318 3914 vult
2368 3848 2717 3930 προσγενῆἲ

341 3960 707 4028 Ridiculum
774 3959 1004 4024 vitium
1071 3958 1267 4024 vides,
1378 3957 1707 4043 Scriptum
1773 3965 1912 4023 erat
1966 3954 2111 4038 πρὸς
2158 3939 2242 4034 9⁶3,
2294 3954 2460 4043 quod
2512 3974 2718 4041 quum

337 4067 645 4133 librarius
721 4085 845 4130 nou
913 4063 1300 4148 intelligeret
1361 4072 1665 4145 προσγενῆ
1736 4063 1815 4129 de
1877 4082 1993 4127 suo
2059 4060 2236 4127 dedit
2293 4061 2431 4125 sine
2496 4079 2716 4126 sensu.

339 4171 675 4259 Significat
738 4181 952 4236 autem
1011 4170 1155 4250 πρὸς
1200 4171 1483 4248 γενικήν,
1539 4189 1764 4255 nempe
1810 4170 1879 4234 τὸ
1927 4175 2168 4252 φαγεῖν
2213 4167 2320 4232 καὶ
2367 4174 2529 4232 πιεῖν
2577 4188 2722 4233 eum

336 4279 605 4367 yenitivo
651 4278 942 4345 construi
990 4275 1158 4364 apud
1209 4277 1455 4343 Atticos
1504 4275 1729 4342 solere.

1295 4380 1819 4471 (continuabitur)
