2934 5050
941 317 1253 365 cumcurm
1293 318 1366 363 rr
1414 319 1722 366 cucusum.
2421 298 2546 365 271

278 484 637 553 Coniectura
681 487 964 573 [tacitam
1011 507 1126 575 pro
1170 486 1452 573 {laticum
1503 485 1667 553 male
1714 485 1973 553 detensa
2027 493 2154 563 est;
2204 507 2351 555 nam
2395 506 2546 554 cum

199 591 613 662 Bouterweclt.
687 594 750 658 in
823 592 1116 676 Quaestt.
1213 592 1414 659 Lucil.
1482 613 1543 681 p.
1618 598 1697 660 19
1765 591 2038 660 dixisset
2101 591 2312 660 »baud
2362 592 2550 662 facile

197 696 257 763 1..
317 697 683 766 Muellerum
751 699 1048 786 exempla
1118 707 1578 786 congesturum
1651 719 1794 768 esse
1861 698 2005 766 eius
2076 701 2286 779 vociS,
2353 719 2547 787 quam

195 801 392 871 littera
456 806 975 873 inconvenienter
1037 804 1330 872 detracta
1388 803 1835 886 effinxissew,
1897 804 1979 871 ad
2030 802 2400 872 »flacitam”
2448 805 2551 872 de·

193 906 558 977 tendendum
621 931 794 979 nunc
855 919 1108 980 tantum
1176 920 1481 1000 provocat
1543 910 1622 978 ad
1682 910 1864 977 illum
1920 909 2175 992 locum,
2241 909 2349 977 ubi
2397 910 2549 977 olim

195 1014 354 1081 nullo
412 1036 561 1083 cum
622 1017 1011 1085 documento
1062 1028 1366 1104 tanquam
1419 1018 1483 1083 in
1534 1037 1605 1083 re
1653 1028 1830 1083 certa
1879 1015 2046 1084 dixit
2093 1017 2199 1107 (de
2245 1036 2316 1083 re
2365 1024 2552 1084 metr.

195 1140 251 1208 p.
312 1123 502 1211 360).
562 1124 670 1191 »in
720 1123 1028 1191 flaccendi
1083 1123 1274 1191 verbo
1323 1122 1584 1211 dempta
1633 1144 1668 1189 c
1715 1123 2147 1212 quantitatem
2202 1122 2554 1189 mutavisse

194 1226 563 1298 Lucilium'’.
674 1230 744 1297 ld
826 1250 976 1298 vero
1043 1240 1140 1297 est
1212 1230 1670 1297 auctoritatem
1740 1247 2059 1318 opponere
2124 1248 2353 1305 suam,
2427 1247 2552 1294 non

195 1333 467 1421 probare.
576 1337 775 1402 Porro
856 1345 927 1403 ut
997 1336 1414 1425 participium
1485 1337 1775 1424 passivae
1841 1335 2090 1402 formae
2155 1334 2351 1400 activi
2421 1332 2551 1398 vim

196 1438 465 1508 obtinere
511 1462 698 1529 posse
744 1441 1173 1519 demonstret,
1214 1440 1402 1509 affert
1440 1463 1692 1509 occasus
1732 1449 1798 1508 et
1838 1442 2052 1507 obitus.
2134 1438 2218 1505 At
2257 1446 2556 1505 constare

193 1546 369 1612 etiam
442 1547 633 1615 debet
704 1546 862 1614 illud
936 1548 1222 1634 [tacitum
1291 1568 1325 1614 a
1389 1549 1686 1633 flaccesso
1748 1547 1969 1613 fictum
2033 1543 2366 1631 analogiae
2427 1563 2551 1610 non

196 1669 558 1739 repugnare.
657 1652 947 1741 Speciem
1010 1661 1184 1721 certe
1241 1654 1651 1720 conciliasset
1698 1653 1960 1720 coalitus
2005 1660 2071 1718 et
2118 1649 2558 1736 complacitum

193 1755 424 1825 adultus
469 1768 536 1826 et
581 1761 863 1827 exoletus
909 1759 1186 1827 similem
1230 1779 1523 1826 normam
1564 1766 1950 1846 sequuntur.
2007 1756 2294 1843 (Copiose
2333 1753 2416 1821 de
2455 1753 2557 1821 bis

195 1864 533 1951 participiis
580 1867 717 1952 agit
763 1866 941 1934 Neue
980 1866 1042 1932 11
1091 1886 1153 1953 p.
1192 1870 1369 1944 252,
1417 1865 1609 1953 sqq.).
1663 1861 2060 1930 Praeferrem
2110 1850 2576 1927 coniecturam‘

198 1965 495 2037 huebneri
553 1971 879 2057 pumicum
942 1980 1055 2038 aut
1106 1970 1515 2058 implacidam
1574 1970 1689 2059 (·..-..
1740 1967 2255 2053 turbulentam),
2303 1973 2407 2032 ter
2451 1984 2558 2052 po·

73 2140 76 2157 ‚
197 2073 304 2140 sito
345 2074 409 2141 in
458 2075 682 2143 eodem
735 2097 925 2144 versu
974 2077 1063 2143 in.
1166 2077 1379 2144 Donec
1444 2075 1675 2143 melius
1727 2077 2061 2141 inventum
2112 2073 2273 2150 erit,
2320 2089 2558 2158 sequar

73 2194 76 2253 ζ
197 2177 614 2249 Duebnerum.
694 2182 823 2261 Que
864 2202 986 2249 uon
1035 2192 1129 2249 est
1174 2180 1686 2255 sollicitandum:
1735 2179 1909 2246 aliud
1945 2180 2119 2246 euim
2161 2176 2553 2245 adiectivum

197 2292 325 2353 ante
381 2288 710 2377 coniuqem
775 2292 1056 2377 positum
1104 2308 1246 2356 esse
1293 2289 1535 2375 potuit,
1601 2306 1749 2354 cum
1814 2305 1943 2373 quo
2001 2286 2295 2351 iunctum
2357 2282 2559 2350 fuerit

73 2420 76 2473 g
195 2391 459 2479 infidam.

275 2503 378 2568 50.
428 2499 618 2568 Nunc
666 2498 1039 2587 ignobilitas
1087 2498 1187 2567 bis
1236 2500 1476 2568 mirum
1529 2500 1606 2566 ac
1652 2494 2200 2565 monstrificabile.

274 2605 414 2673 Post
475 2607 716 2674 mirum
777 2606 1021 2695 aliquid
1086 2607 1406 2674 excidisse
1469 2606 1726 2679 numeri
1789 2603 2038 2670 docent.
2132 2603 2217 2669 Μ.
2266 2610 2556 2668 taetrum.

201 2707 330 2778 Post
367 2715 610 2780 mirum
654 2714 966 2780 omissum
1015 2733 1155 2781 esse
1201 2713 1425 2778 vilium
1475 2709 1869 2799 probabilius
1913 2718 2035 2776 est.
2594 2713 2599 2718 '

274 2823 376 2886 55.
443 2819 682 2887 Contra
732 2819 1053 2907 flagitium
1105 2821 1355 2887 nescire
1404 2817 1566 2884 bello
1615 2818 1785 2883 vinci
1836 2836 1872 2882 a
1922 2813 2196 2881 barbaro

443 2925 698 2992 Viriato
745 2925 1056 2993 Annibale

73 3027 76 3108 ἶ
201 3024 346 3095 Olim
398 3031 479 3098 Μ.
532 3031 850 3108 mellum,
899 3031 1070 3098 vinci
1116 3068 1208 3082 -—
1246 3030 1533 3107 viriato,
1582 3026 1982 3096 Hannibale”
2023 3026 2237 3093 Monui
2282 3025 2377 3094 sic
2418 3026 2555 3113 plu·

73 3129 76 3158 ÷
201 3152 289 3202 res
343 3136 542 3207 duces
610 3146 1148 3209 commemoratos
1212 3137 1413 3203 fuisse
1454 3134 1637 3203 Goni.
1687 3134 1749 3201 11
1805 3155 1866 3222 p.
1917 3137 2028 3202 25.
2126 3128 2554 3199 Scribeudum

202 3245 477 3329 proposui
523 3266 597 3310 se
642 3243 804 3310 scire
866 3243 1028 3311 bello
1076 3280 1168 3293 -
1212 3242 1436 3309 vir-iate
1498 3241 1888 3315 Hannibale.
1957 3247 2029 3305 ut
2077 3237 2559 3326 intellegeretur

202 3342 312 3414 dux
355 3350 623 3436 quidam
673 3348 1027 3428 barbarus,
1078 3349 1213 3416 sive
1261 3345 1575 3434 Iugurtha
1616 3347 1751 3413 sive
1793 3344 1996 3422 alius,
2047 3343 2158 3431 qui
2199 3343 2560 3410 armillatus

203 3452 439 3536 qnidam
494 3454 815 3523 Hannibal
868 3463 1081 3542 posset
1126 3454 1455 3542 appellari.
1526 3451 1712 3520 Nunc
1752 3450 2137 3517 sententiam
2179 3448 2370 3515 aliam
2413 3468 2558 3534 pro·

201 3552 313 3624 lert
353 3581 517 3647 quae
569 3581 698 3648 quo
748 3562 954 3648 magis
1000 3559 1195 3627 dubia
1234 3569 1362 3638 est,
1404 3578 1480 3626 eo
1514 3558 1758 3625 maiore
1798 3576 1948 3623 cum
1989 3552 2377 3622 confidentia
2418 3573 2560 3641 pro·

202 3656 409 3733 fertur.
510 3666 916 3742 »Lucilium,
963 3666 1219 3752 inquit,
1270 3674 1447 3732 certo
1486 3662 1767 3749 spondeo
1803 3661 2055 3728 dedisse
2094 3668 2324 3747 utputa
2368 3656 2558 3724 baec:

431 3782 661 3839 contra
712 3770 1033 3860 flagitium
1084 3771 1333 3838 nescire
1385 3768 1653 3847 bellum,
1702 3767 1872 3834 vinci
1921 3788 1957 3834 a
2007 3764 2281 3833 barbaro

432 3877 725 3955 viriato,
777 3877 1133 3945 Hannibale
1180 3876 1437 3945 fuerant
1485 3877 1595 3963 qui
1646 3875 2013 3962 superiores
2059 3870 2292 3950 duce'’,

206 3978 430 4049 addens
491 3992 776 4071 quatuor
837 3983 1185 4059 vocabula,
1244 4001 1521 4069 quorum
1570 3982 1637 4078 in
1686 3980 1890 4048 Nonio
1936 3999 2053 4046 nec
2101 3976 2241 4044 vola
2292 3997 2408 4044 nec
2456 3995 2562 4044 ve-

205 4087 479 4173 stigium.
578 4092 674 4157 Me
721 4109 848 4156 non
900 4100 1030 4156 tam
1074 4089 1508 4176 perspicacem
1553 4107 1692 4154 esse
1733 4084 1973 4163 fateor,
2015 4095 2208 4173 atque
2250 4082 2407 4151 adeo
2449 4083 2563 4149 du-

207 4187 396 4260 bitare
443 4215 600 4263 num
653 4196 926 4263 Romani
980 4214 1262 4282 unquam
1315 4204 1446 4261 tam
1498 4192 1800 4279 ambigue
1846 4192 2046 4258 locuti
2096 4192 2266 4258 sint=
2320 4189 2564 4256 Hanni·

212 4292 335 4467 gale
366 4298 527 4369 duce
565 4300 829 4370 fuerant
867 4301 1232 4388 superiores
1271 4298 1419 4390 (boc
1459 4297 1596 4366 vult
1635 4297 1953 4384 intellegi:
1982 4297 2348 4385 superiores
2368 4309 2563 4381 quam

255 4421 329 4469 nx
374 4405 480 4494 Η.)
