2934 5050
1252 306 1597 357 nonium.
2476 290 2605 357 201

641 484 706 545 οὖ
752 481 878 560 γὰρ
925 480 1148 560 σφῷν
1194 502 1272 556 γε
1321 476 1496 556 γένος
1544 477 1834 544 ἀπόλωλε
1882 480 2134 554 τοκήων.

234 594 605 655 annotatur:
666 587 853 670 χωρὶς
899 590 1005 651 τοῦ
1050 595 1078 650 1
1139 588 1172 661 ἦ
1235 590 1483 666 σφῶν,
1544 586 1621 655 ὥς
1671 585 2039 666 ’Λρίςοιρχος
2086 622 2170 633 -
2218 583 2501 659 ἐπίτηδες
2551 586 2613 651 δὲ

234 695 611 777 Ἀρίςοιρχος
658 691 1070 772 ἀθετουμένων
1117 696 1234 755 τῶν
1279 688 1477 771 ςίχων
1525 689 1631 753 καὶ
1681 687 1827 755 ἄνευ
1872 694 1979 754 τοῦ
2020 699 2047 754 1
2088 690 2259 757 εἴασε
2304 694 2415 765 τὴν
2463 714 2614 772 γραι-

142 792 151 801 ’
231 802 361 882 Φῆν
422 798 523 866 ἵνα,
585 799 690 864 καὶ
737 802 916 864 τοῦτο
964 797 1109 878 πρὸς
1157 796 1266 872 τὴν
1313 786 1600 868 ἀθέτησιν
1646 792 1976 879 λαμβάνῃ.
2068 798 2416 863 Aristonici
2459 796 2616 862 haec

192 922 207 933 ·
232 910 402 973 sunt.
509 905 833 993 Didymus
911 904 1123 971 addit:
1211 904 1638 982 προηθετοῦντο
1707 901 1813 966 καὶ
1885 900 2061 984 παρὰ
2130 901 2439 984 Ζηνοδθτῳ
2508 892 2623 967 καῖ

233 1010 652 1093 ’Λριςοφοὶνεμ
723 1010 796 1075 τό
863 1033 934 1075 τε
1004 1008 1132 1089 γὰρ
1202 1015 1478 1073 ΟΦΩΙΝ
1541 1009 1663 1087 οὐχ
1724 1009 2070 1090 Ὁμηρικῶς
2127 1007 2612 1087 μονοσυλλοὶβως

234 1115 533 1197 ἐξηνέχθη
580 1112 618 1181 ὅ
656 1140 725 1182 τε
773 1114 1018 1187 ἔποοινος
1070 1120 1186 1180 τῶν
1233 1114 1374 1180 νέων
1420 1114 1529 1179 οὐκ
1574 1114 1945 1190 ἀναγκαῖος.
2042 1110 2116 1177 In
2158 1113 2262 1178 his
2306 1113 2476 1199 quod
2517 1111 2618 1180 fir-

232 1224 608 1289 missimum
652 1227 1108 1312 argumentum
1155 1241 1288 1288 esse
1332 1220 1592 1287 videtur
1636 1218 1998 1286 invalidum
2042 1226 2173 1286 est:
2237 1221 2295 1285 si
2338 1222 2509 1302 σφῶΐ
2553 1225 2619 1287 et

236 1331 338 1394 νῶΐ
392 1328 681 1395 Homero
744 1332 809 1393 et
864 1325 1005 1409 σφῴ
1053 1332 1118 1393 et
1164 1323 1238 1409 νιῤ
1285 1330 1633 1413 potuerunt
1675 1345 1894 1391 sonare
1910 1373 1929 1404 ‚
1991 1329 2135 1412 quis
2193 1346 2383 1392 sanus
2427 1332 2621 1416 neget

236 1432 462 1500 eodem
525 1437 663 1500 iure
719 1433 918 1515 σφῶϊν
963 1434 1032 1498 in
1077 1434 1252 1515 σφῷν
1298 1431 1586 1498 contrahi
1630 1428 1954 1517 potuisse?
2013 1434 2084 1497 in
2127 1436 2308 1499 tanta
2345 1453 2619 1519 praeser-

235 1541 360 1604 tim
407 1539 876 1607 eiusdemmodi
920 1540 1090 1626 apud
1134 1537 1499 1605 Homerum
1528 1536 1920 1619 συναιρέσεων
1955 1537 2328 1624 frequentia.
2393 1536 2618 1605 Sintne

238 1651 459 1711 autem
504 1651 635 1712 tres
679 1666 934 1724 versus,
982 1664 1139 1732 quos
1177 1645 1469 1710 unanimi
1508 1663 1811 1709 consensu
1848 1648 1976 1711 tres
2014 1640 2240 1711 Critici
2278 1643 2615 1723 ὦβέλισαν,

238 1751 705 1818 accommodati
762 1751 843 1819 ad
894 1750 1022 1817 loci
1066 1755 1364 1816 naturam
1410 1753 1476 1814 et
1520 1754 1976 1838 argumentum
2022 1770 2105 1816 an
2146 1770 2274 1817 non
2319 1752 2450 1816 sint
2494 1750 2623 1817 alia

238 1859 528 1942 quaestio
595 1862 692 1923 est
756 1858 853 1923 ita
917 1857 1254 1923 coniuncta
1313 1876 1461 1921 cum
1522 1857 1829 1941 cuiusque
1885 1857 2199 1922 sententia
2251 1855 2328 1922 de
2388 1857 2621 1923 horum

241 1964 605 2028 carminum
665 1963 913 2050 origine
972 1967 1038 2028 et
1099 1963 1568 2028 conservatione
1627 1965 1693 2026 et
1748 1963 2200 2047 compositione
2217 2008 2236 2039 ‚
2298 1967 2376 2027 ut
2419 1965 2622 2028 satius

240 2068 325 2132 sit
366 2068 537 2134 hanc
583 2069 1078 2135 controversiam
1123 2087 1202 2133 ex
1245 2087 1360 2132 suo
1407 2069 1637 2152 cuique
1679 2066 1919 2132 iudicio
1963 2066 2390 2134 dirimendam
2431 2066 2621 2134 relin-

242 2192 467 2260 quere,
541 2175 757 2261 itaque
815 2176 893 2246 ὦς
957 2170 1178 2246 ἕκαςος
1249 2171 1462 2238 ἑαυτὸν
1530 2171 1720 2238 πείθει
1781 2169 1968 2246 οὕτως
2032 2173 2230 2255 ἐχέτω
2252 2196 2268 2210 ·
2331 2172 2435 2240 τὸν
2492 2176 2620 2257 γὰρ

240 2279 659 2361 ἀντιλέγοντα
714 2280 819 2347 καὶ
867 2285 1296 2362 Φιλονικοῦντοο
1343 2280 1571 2345 πείθειν
1617 2276 1679 2344 ἔν
1723 2303 1804 2357 γε
1851 2286 1977 2353 τοῖς
2023 2281 2309 2354 τοιούτοις
2355 2281 2617 2362 μηχανή

244 2386 365 2456 lew
408 2386 691 2465 οὐδεμίαι.

1359 2693 1482 2768 IV.

1210 2924 1640 2981 ΔῙΓΛΜΜΑ.

322 3123 599 3192 Homeri
663 3126 878 3193 Editio
924 3149 962 3194 a
1004 3128 1296 3195 Bekkero
1364 3135 1586 3194 curata
1651 3127 1908 3194 Bonnae
1981 3125 2156 3194 1858
2230 3150 2620 3216 quamquam

240 3226 623 3318 languidum
670 3253 743 3298 ac
781 3231 978 3298 senile
1017 3252 1174 3319 opus
1193 3280 1210 3310 ‚
1256 3233 1377 3299 hoc
1413 3238 1632 3299 tamen
1668 3234 1864 3299 habet
1901 3239 2150 3321 praeter
2187 3242 2434 3303 caetera
2473 3237 2623 3303 boni

241 3323 313 3399 u't
357 3339 692 3423 antiquam
752 3336 1016 3426 linguae
1074 3337 1454 3405 Homericae
1513 3338 1773 3406 literam
1826 3348 1881 3406 Ρ
1930 3387 1965 3418 „
1973 3347 2288 3428 postquem
2334 3349 2624 3407 vetustate

242 3447 296 3503 et
351 3443 719 3525 mybiqentia
762 3444 1041 3528 perierat
1100 3444 1449 3509 adme-abici
1509 3444 1782 3510 Bentleii
1841 3446 2167 3528 eaque-itate
2210 3448 2283 3511 ab
2330 3448 2623 3513 oblivione

242 3545 635 3613 vindicatam”
679 3570 759 3615 ex
801 3549 995 3639 longo
1041 3550 1234 3616 exilio
1280 3549 1540 3616 tandem
1583 3552 1653 3615 in
1699 3548 2045 3617 Homerica
2090 3555 2374 3619 carmina
2418 3554 2487 3621 id
2525 3560 2623 3622 est

242 3651 306 3716 in
364 3658 696 3740 antiquam
756 3659 1033 3743 patriam
1090 3657 1414 3723 reduxerit
1474 3677 1625 3722 cum
1682 3657 2043 3724 incredibili
2095 3663 2161 3723 et
2203 3661 2513 3725 sermonis
2555 3672 2621 3727 et

241 3763 427 3825 metri
473 3759 804 3828 Homerici
857 3760 1308 3829 emolumento.
1403 3758 1609 3828 Caute
1656 3762 2004 3829 admodum
2050 3768 2115 3829 et
2162 3766 2620 3852 circumspecte

242 3859 595 3933 Bckkerus-
629 3869 699 3933 in
760 3887 834 3934 ea
877 3889 946 3934 re
987 3872 1277 3934 versatus
1337 3872 1433 3933 est
1450 3914 1468 3945 ,
1541 3867 1652 3934 sed
1711 3871 1911 3935 satius
1973 3875 2071 3935 est
2114 3871 2329 3957 ipsum
2375 3873 2613 3938 audire.

247 4013 279 4044 ,‚
300 3969 543 4036 Redw·
604 3973 899 4055 diffamma
916 4020 934 4050 ‚
1000 3974 1211 4059 inquit
1227 4019 1244 4050 ‚
1308 3974 1415 4037 sed
1455 3980 1739 4060 quantum
1770 3981 2043 4059 poteram
2086 3982 2144 4040 et
2187 3977 2403 4043 bicebat
2447 3986 2619 4045 caute

230 4076 695 4164 pedetentimque
754 4078 971 4142 reduxi
986 4125 1003 4156 ,
1067 4080 1176 4143 aed
1230 4078 1298 4143 in
1342 4081 1536 4144 eedem
1579 4080 1797 4144 redu-‘m'
1838 4103 2007 4145 suam
2020 4129 2039 4159 ‚
2090 4083 2398 4165 proditam
2443 4087 2617 4152 illem

243 4181 578 4267 manifesti-5
621 4184 890 4266 vestiqiic
905 4231 924 4262 ‚
972 4206 1093 4250 non
1137 4191 1397 4270 optatam
1440 4185 1721 4270 evidente
1766 4185 2115 4271 arreptam’ss
2207 4188 2504 4256 Arduum
2550 4197 2617 4259 et

246 4301 459 4373 anceps
509 4290 844 4378 negotium
890 4294 986 4356 est
1035 4295 1100 4356 et
1142 4289 1532 4377 periculosae
1572 4291 1836 4378 plenum
1882 4310 2041 4378 opus
2087 4292 2278 4362 aleae.
2375 4295 2501 4378 Qui
2544 4299 2613 4363 in

246 4385 515 4459 Homero
580 4395 818 4461 edendo
877 4395 1126 4463 nullam
1182 4401 1288 4461 τοῦ
1335 4396 1642 4477 δίγαμμοι
1688 4398 2001 4464 rationem
2046 4399 2282 4466 habent
2327 4402 2613 4469 levitatis
