<?xml version="1.0" encoding="UTF-8"?>
<!DOCTYPE html PUBLIC "-//W3C//DTD XHTML 1.0 Transitional//EN"
    "http://www.w3.org/TR/xhtml1/DTD/xhtml1-transitional.dtd">
<html xmlns="http://www.w3.org/1999/xhtml" xml:lang="en" lang="en">
 <head>
  <title>
</title>
<meta http-equiv="Content-Type" content="text/html;charset=utf-8" />
  <meta name='ocr-system' content='tesseract 3.04.00' />
  <meta name='ocr-capabilities' content='ocr_page ocr_carea ocr_par ocr_line ocrx_word'/>
</head>
<body>
  <div class='ocr_page' id='page_1' title='image "./mnemosynebiblio09servgoog_0301.png"; bbox 0 0 2934 5050; ppageno 0'>
   <div class='ocr_carea' id='block_1_1' title="bbox 953 307 2531 374">
    <p class='ocr_par' dir='ltr' id='par_1_1' title="bbox 953 307 2531 374">
     <span class='ocr_line' id='line_1_1' title="bbox 953 307 2531 374; baseline 0 -1"><span class='ocrx_word' id='word_1_1' title='bbox 953 326 1257 374; x_wconf 67' lang='lat' dir='ltr'><strong>nucinum</strong></span> <span class='ocrx_word' id='word_1_2' title='bbox 1310 327 1379 373; x_wconf 76' lang='grc' dir='ltr'><strong>ιτ</strong></span> <span class='ocrx_word' id='word_1_3' title='bbox 1429 326 1741 374; x_wconf 58' lang='lat' dir='ltr'><strong>mucuns.</strong></span> <span class='ocrx_word' id='word_1_4' title='bbox 2399 307 2531 373; x_wconf 78' lang='lat'><strong>269</strong></span> 
     </span>
    </p>
   </div>
   <div class='ocr_carea' id='block_1_2' title="bbox 173 489 2556 4504">
    <p class='ocr_par' dir='ltr' id='par_1_2' title="bbox 176 489 2536 1115">
     <span class='ocr_line' id='line_1_2' title="bbox 181 489 2531 591; baseline 0.002 -35"><span class='ocrx_word' id='word_1_5' title='bbox 181 489 426 558; x_wconf 87' lang='lat' dir='ltr'><strong>ridicula</strong></span> <span class='ocrx_word' id='word_1_6' title='bbox 480 493 603 560; x_wconf 90' lang='lat' dir='ltr'><strong>erit</strong></span> <span class='ocrx_word' id='word_1_7' title='bbox 660 496 976 564; x_wconf 83' lang='lat' dir='ltr'><strong>sententia</strong></span> <span class='ocrx_word' id='word_1_8' title='bbox 1037 496 1224 584; x_wconf 90' lang='lat' dir='ltr'><strong>quasi</strong></span> <span class='ocrx_word' id='word_1_9' title='bbox 1284 495 1365 591; x_wconf 69' lang='lat' dir='ltr'><strong>de</strong></span> <span class='ocrx_word' id='word_1_10' title='bbox 1412 497 1633 563; x_wconf 88' lang='lat' dir='ltr'><strong>anima</strong></span> <span class='ocrx_word' id='word_1_11' title='bbox 1678 494 1944 561; x_wconf 87' lang='lat' dir='ltr'><strong>iamiam</strong></span> <span class='ocrx_word' id='word_1_12' title='bbox 1993 493 2251 562; x_wconf 87' lang='lat' dir='ltr'><strong>abitura</strong></span> <span class='ocrx_word' id='word_1_13' title='bbox 2300 492 2413 561; x_wconf 89' lang='lat' dir='ltr'><strong>sed</strong></span> <span class='ocrx_word' id='word_1_14' title='bbox 2464 494 2531 561; x_wconf 92' lang='lat' dir='ltr'><strong>in</strong></span> 
     </span>
     <span class='ocr_line' id='line_1_3' title="bbox 179 600 2536 685; baseline 0.003 -22"><span class='ocrx_word' id='word_1_15' title='bbox 179 604 441 685; x_wconf 87' lang='lat' dir='ltr'><strong>tempore</strong></span> <span class='ocrx_word' id='word_1_16' title='bbox 525 611 815 668; x_wconf 80' lang='lat' dir='ltr'><strong>revocata</strong></span> <span class='ocrx_word' id='word_1_17' title='bbox 898 622 1114 669; x_wconf 86' lang='lat' dir='ltr'><strong>sermo</strong></span> <span class='ocrx_word' id='word_1_18' title='bbox 1192 602 1300 671; x_wconf 86' lang='lat' dir='ltr'><strong>sit.</strong></span> <span class='ocrx_word' id='word_1_19' title='bbox 1419 602 1671 670; x_wconf 77' lang='lat' dir='ltr'><strong>Mallem</strong></span> <span class='ocrx_word' id='word_1_20' title='bbox 1740 600 2085 668; x_wconf 68' lang='lat' dir='ltr'><strong>Muellerus</strong></span> <span class='ocrx_word' id='word_1_21' title='bbox 2150 601 2536 669; x_wconf 75' lang='lat' dir='ltr'><strong>ostendisset</strong></span> 
     </span>
     <span class='ocr_line' id='line_1_4' title="bbox 178 704 2536 798; baseline 0.001 -27"><span class='ocrx_word' id='word_1_22' title='bbox 178 704 664 793; x_wconf 79' lang='lat' dir='ltr'><strong>-reprehendere‘</strong></span> <span class='ocrx_word' id='word_1_23' title='bbox 693 711 1026 776; x_wconf 88' lang='lat' dir='ltr'><strong>animam”</strong></span> <span class='ocrx_word' id='word_1_24' title='bbox 1070 729 1250 796; x_wconf 87' lang='lat' dir='ltr'><strong>posse</strong></span> <span class='ocrx_word' id='word_1_25' title='bbox 1288 709 1418 777; x_wconf 89' lang='lat' dir='ltr'><strong>dici</strong></span> <span class='ocrx_word' id='word_1_26' title='bbox 1459 729 1576 798; x_wconf 92' lang='lat' dir='ltr'><strong>pro</strong></span> <span class='ocrx_word' id='word_1_27' title='bbox 1614 708 1994 795; x_wconf 80' lang='lat' dir='ltr'><strong>reprimere,</strong></span> <span class='ocrx_word' id='word_1_28' title='bbox 2035 727 2228 796; x_wconf 87' lang='lat' dir='ltr'><strong>quam</strong></span> <span class='ocrx_word' id='word_1_29' title='bbox 2268 706 2350 774; x_wconf 89' lang='lat' dir='ltr'><strong>de</strong></span> <span class='ocrx_word' id='word_1_30' title='bbox 2390 707 2536 774; x_wconf 84' lang='lat' dir='ltr'><strong>vul-</strong></span> 
     </span>
     <span class='ocr_line' id='line_1_5' title="bbox 176 815 1870 905; baseline 0.002 -27"><span class='ocrx_word' id='word_1_31' title='bbox 176 820 308 897; x_wconf 84' lang='lat' dir='ltr'><strong>gata</strong></span> <span class='ocrx_word' id='word_1_32' title='bbox 351 815 549 883; x_wconf 79' lang='lat' dir='ltr'><strong>»satis</strong></span> <span class='ocrx_word' id='word_1_33' title='bbox 593 815 854 902; x_wconf 87' lang='lat' dir='ltr'><strong>inepta”</strong></span> <span class='ocrx_word' id='word_1_34' title='bbox 900 815 1176 883; x_wconf 85' lang='lat' dir='ltr'><strong>lectione</strong></span> <span class='ocrx_word' id='word_1_35' title='bbox 1222 824 1622 905; x_wconf 75' lang='lat' dir='ltr'><strong>conquestus</strong></span> <span class='ocrx_word' id='word_1_36' title='bbox 1665 821 1870 881; x_wconf 84' lang='lat' dir='ltr'><strong>esset:</strong></span> 
     </span>
     <span class='ocr_line' id='line_1_6' title="bbox 510 918 2018 1009; baseline -0.002 -22"><span class='ocrx_word' id='word_1_37' title='bbox 510 920 812 1008; x_wconf 82' lang='lat' dir='ltr'>Calpurni</span> <span class='ocrx_word' id='word_1_38' title='bbox 859 941 1113 989; x_wconf 81' lang='lat' dir='ltr'><strong>saevam</strong></span> <span class='ocrx_word' id='word_1_39' title='bbox 1165 921 1372 1009; x_wconf 90' lang='lat' dir='ltr'><strong>legem</strong></span> <span class='ocrx_word' id='word_1_40' title='bbox 1425 921 1663 987; x_wconf 88' lang='lat' dir='ltr'><strong>Pisoni’</strong></span> <span class='ocrx_word' id='word_1_41' title='bbox 1714 918 2018 1007; x_wconf 78' lang='lat' dir='ltr'>reprendi</span> 
     </span>
     <span class='ocr_line' id='line_1_7' title="bbox 510 1025 2081 1115; baseline -0.003 -21"><span class='ocrx_word' id='word_1_42' title='bbox 510 1025 832 1115; x_wconf 80' lang='lat' dir='ltr'>eduxique</span> <span class='ocrx_word' id='word_1_43' title='bbox 876 1029 1162 1094; x_wconf 90' lang='lat' dir='ltr'><strong>animam</strong></span> <span class='ocrx_word' id='word_1_44' title='bbox 1213 1026 1613 1115; x_wconf 84' lang='lat' dir='ltr'><strong>primoribus</strong></span> <span class='ocrx_word' id='word_1_45' title='bbox 1661 1026 1928 1093; x_wconf 87' lang='lat' dir='ltr'><strong>naribus</strong></span> <span class='ocrx_word' id='word_1_46' title='bbox 1982 1062 2081 1088; x_wconf 61' lang='lat' dir='ltr'><strong>-v</strong></span> 
     </span>
    </p>

    <p class='ocr_par' dir='ltr' id='par_1_3' title="bbox 173 1128 2543 1537">
     <span class='ocr_line' id='line_1_8' title="bbox 252 1128 2536 1222; baseline 0 -24"><span class='ocrx_word' id='word_1_47' title='bbox 252 1128 440 1199; x_wconf 84' lang='lat' dir='ltr'><strong>Codd.</strong></span> <span class='ocrx_word' id='word_1_48' title='bbox 502 1153 736 1199; x_wconf 86' lang='lat' dir='ltr'><strong>»saeva</strong></span> <span class='ocrx_word' id='word_1_49' title='bbox 793 1133 930 1220; x_wconf 81' lang='lat' dir='ltr'><strong>lege</strong></span> <span class='ocrx_word' id='word_1_50' title='bbox 994 1134 1105 1199; x_wconf 89' lang='lat' dir='ltr'><strong>in”</strong></span> <span class='ocrx_word' id='word_1_51' title='bbox 1154 1132 1267 1201; x_wconf 90' lang='lat' dir='ltr'><strong>sed</strong></span> <span class='ocrx_word' id='word_1_52' title='bbox 1316 1134 1521 1221; x_wconf 70' lang='grc' dir='ltr'><strong>ἱεροῖσι</strong></span> <span class='ocrx_word' id='word_1_53' title='bbox 1567 1132 1818 1201; x_wconf 82' lang='lat' dir='ltr'><strong>exstitit</strong></span> <span class='ocrx_word' id='word_1_54' title='bbox 1865 1150 1945 1199; x_wconf 89' lang='lat' dir='ltr'><strong>ex</strong></span> <span class='ocrx_word' id='word_1_55' title='bbox 1992 1133 2233 1222; x_wconf 63' lang='lat' dir='ltr'><strong>legem:</strong></span> <span class='ocrx_word' id='word_1_56' title='bbox 2282 1153 2536 1200; x_wconf 76' lang='lat' dir='ltr'><strong>saevom</strong></span> 
     </span>
     <span class='ocr_line' id='line_1_9' title="bbox 174 1236 2540 1327; baseline 0.002 -28"><span class='ocrx_word' id='word_1_57' title='bbox 174 1236 412 1306; x_wconf 78' lang='lat' dir='ltr'><strong>vitiosae</strong></span> <span class='ocrx_word' id='word_1_58' title='bbox 475 1239 735 1306; x_wconf 88' lang='lat' dir='ltr'><strong>lectioni</strong></span> <span class='ocrx_word' id='word_1_59' title='bbox 795 1238 1354 1307; x_wconf 85' lang='lat' dir='ltr'><strong>accommodatum</strong></span> <span class='ocrx_word' id='word_1_60' title='bbox 1402 1248 1525 1305; x_wconf 91' lang='lat' dir='ltr'><strong>est.</strong></span> <span class='ocrx_word' id='word_1_61' title='bbox 1622 1239 1808 1305; x_wconf 84' lang='lat' dir='ltr'><strong>Prox.</strong></span> <span class='ocrx_word' id='word_1_62' title='bbox 1863 1257 2052 1305; x_wconf 82' lang='lat' dir='ltr'><strong>versu</strong></span> <span class='ocrx_word' id='word_1_63' title='bbox 2100 1239 2169 1304; x_wconf 76' lang='lat' dir='ltr'><strong>in</strong></span> <span class='ocrx_word' id='word_1_64' title='bbox 2216 1248 2360 1327; x_wconf 87' lang='lat' dir='ltr'><strong>post</strong></span> <span class='ocrx_word' id='word_1_65' title='bbox 2406 1239 2540 1306; x_wconf 78' lang='lat' dir='ltr'><strong>ani·</strong></span> 
     </span>
     <span class='ocr_line' id='line_1_10' title="bbox 173 1343 2543 1434; baseline 0.001 -25"><span class='ocrx_word' id='word_1_66' title='bbox 173 1362 319 1409; x_wconf 79' lang='lat' dir='ltr'><strong>mam</strong></span> <span class='ocrx_word' id='word_1_67' title='bbox 367 1345 646 1432; x_wconf 85' lang='lat' dir='ltr'><strong>positum</strong></span> <span class='ocrx_word' id='word_1_68' title='bbox 710 1343 865 1412; x_wconf 81' lang='lat' dir='ltr'><strong>l&#39;erri</strong></span> <span class='ocrx_word' id='word_1_69' title='bbox 923 1364 1048 1411; x_wconf 89' lang='lat' dir='ltr'><strong>non</strong></span> <span class='ocrx_word' id='word_1_70' title='bbox 1100 1352 1326 1433; x_wconf 91' lang='lat' dir='ltr'><strong>potest.</strong></span> <span class='ocrx_word' id='word_1_71' title='bbox 1423 1343 1549 1412; x_wconf 80' lang='lat' dir='ltr'><strong>Sed</strong></span> <span class='ocrx_word' id='word_1_72' title='bbox 1598 1344 1936 1412; x_wconf 85' lang='lat' dir='ltr'><strong>verbosum</strong></span> <span class='ocrx_word' id='word_1_73' title='bbox 1988 1343 2148 1410; x_wconf 90' lang='lat' dir='ltr'><strong>illud</strong></span> <span class='ocrx_word' id='word_1_74' title='bbox 2202 1344 2543 1434; x_wconf 75' lang='lat' dir='ltr'><strong>»partibus</strong></span> 
     </span>
     <span class='ocr_line' id='line_1_11' title="bbox 175 1450 2411 1537; baseline 0.002 -23"><span class='ocrx_word' id='word_1_75' title='bbox 175 1450 370 1515; x_wconf 86' lang='lat' dir='ltr'><strong>naris”</strong></span> <span class='ocrx_word' id='word_1_76' title='bbox 418 1470 544 1516; x_wconf 92' lang='lat' dir='ltr'><strong>non</strong></span> <span class='ocrx_word' id='word_1_77' title='bbox 594 1459 733 1518; x_wconf 89' lang='lat' dir='ltr'><strong>erat</strong></span> <span class='ocrx_word' id='word_1_78' title='bbox 779 1450 1305 1518; x_wconf 85' lang='lat' dir='ltr'><strong>substituendum</strong></span> <span class='ocrx_word' id='word_1_79' title='bbox 1360 1470 1474 1537; x_wconf 89' lang='lat' dir='ltr'><strong>pro</strong></span> <span class='ocrx_word' id='word_1_80' title='bbox 1521 1450 1760 1517; x_wconf 89' lang='lat' dir='ltr'><strong>tradita</strong></span> <span class='ocrx_word' id='word_1_81' title='bbox 1804 1450 2080 1518; x_wconf 87' lang='lat' dir='ltr'><strong>lectione</strong></span> <span class='ocrx_word' id='word_1_82' title='bbox 2129 1451 2411 1518; x_wconf 75' lang='lat' dir='ltr'><strong>naribus.</strong></span> 
     </span>
    </p>

    <p class='ocr_par' dir='ltr' id='par_1_4' title="bbox 178 1555 2551 2916">
     <span class='ocr_line' id='line_1_12' title="bbox 251 1555 2546 1647; baseline 0.001 -26"><span class='ocrx_word' id='word_1_83' title='bbox 251 1555 469 1624; x_wconf 77' lang='lat' dir='ltr'><strong>xxvt.</strong></span> <span class='ocrx_word' id='word_1_84' title='bbox 535 1562 649 1626; x_wconf 79' lang='lat'><strong>22.</strong></span> <span class='ocrx_word' id='word_1_85' title='bbox 698 1559 1039 1625; x_wconf 81' lang='lat' dir='ltr'><strong>Contortae</strong></span> <span class='ocrx_word' id='word_1_86' title='bbox 1085 1558 1649 1646; x_wconf 78' lang='lat' dir='ltr'><strong>interpretationis</strong></span> <span class='ocrx_word' id='word_1_87' title='bbox 1698 1556 1984 1624; x_wconf 84' lang='lat' dir='ltr'><strong>notabile</strong></span> <span class='ocrx_word' id='word_1_88' title='bbox 2031 1557 2398 1647; x_wconf 85' lang='lat' dir='ltr'><strong>exemplum</strong></span> <span class='ocrx_word' id='word_1_89' title='bbox 2444 1565 2546 1624; x_wconf 90' lang='lat' dir='ltr'><strong>est</strong></span> 
     </span>
     <span class='ocr_line' id='line_1_13' title="bbox 178 1660 2544 1750; baseline 0.001 -23"><span class='ocrx_word' id='word_1_90' title='bbox 178 1660 323 1747; x_wconf 81' lang='lat' dir='ltr'><strong>quod</strong></span> <span class='ocrx_word' id='word_1_91' title='bbox 393 1661 721 1729; x_wconf 77' lang='lat' dir='ltr'><strong>»officium</strong></span> <span class='ocrx_word' id='word_1_92' title='bbox 792 1663 974 1750; x_wconf 76' lang='lat' dir='ltr'><strong>iungi</strong></span> <span class='ocrx_word' id='word_1_93' title='bbox 1050 1661 1413 1731; x_wconf 86' lang='lat' dir='ltr'><strong>ruderum&#39;’</strong></span> <span class='ocrx_word' id='word_1_94' title='bbox 1488 1663 1734 1729; x_wconf 88' lang='lat' dir='ltr'><strong>dicitur</strong></span> <span class='ocrx_word' id='word_1_95' title='bbox 1804 1664 2174 1750; x_wconf 84' lang='lat' dir='ltr'><strong>significare</strong></span> <span class='ocrx_word' id='word_1_96' title='bbox 2243 1664 2544 1730; x_wconf 86' lang='lat' dir='ltr'><strong>aberrare</strong></span> 
     </span>
     <span class='ocr_line' id='line_1_14' title="bbox 180 1767 2547 1857; baseline 0 -22"><span class='ocrx_word' id='word_1_97' title='bbox 180 1785 335 1835; x_wconf 87' lang='lat' dir='ltr'><strong>more</strong></span> <span class='ocrx_word' id='word_1_98' title='bbox 395 1767 712 1835; x_wconf 86' lang='lat' dir='ltr'><strong>ruderum</strong></span> <span class='ocrx_word' id='word_1_99' title='bbox 774 1789 977 1856; x_wconf 68' lang='lat' dir='ltr'><strong>uquae</strong></span> <span class='ocrx_word' id='word_1_100' title='bbox 1039 1779 1219 1836; x_wconf 85' lang='lat' dir='ltr'><strong>extra</strong></span> <span class='ocrx_word' id='word_1_101' title='bbox 1292 1769 1460 1834; x_wconf 87' lang='lat' dir='ltr'><strong>viam</strong></span> <span class='ocrx_word' id='word_1_102' title='bbox 1512 1770 1723 1837; x_wconf 90' lang='lat' dir='ltr'><strong>iacere</strong></span> <span class='ocrx_word' id='word_1_103' title='bbox 1771 1769 2048 1837; x_wconf 85' lang='lat' dir='ltr'><strong>solent&#39;&#39;.</strong></span> <span class='ocrx_word' id='word_1_104' title='bbox 2144 1770 2370 1857; x_wconf 88' lang='lat' dir='ltr'><strong>ltaque</strong></span> <span class='ocrx_word' id='word_1_105' title='bbox 2415 1767 2547 1835; x_wconf 87' lang='lat' dir='ltr'><strong>offi-</strong></span> 
     </span>
     <span class='ocr_line' id='line_1_15' title="bbox 180 1872 2550 1963; baseline 0.001 -27"><span class='ocrx_word' id='word_1_106' title='bbox 180 1872 328 1937; x_wconf 88' lang='lat' dir='ltr'><strong>cinm</strong></span> <span class='ocrx_word' id='word_1_107' title='bbox 399 1872 690 1961; x_wconf 87' lang='lat' dir='ltr'><strong>lapidum</strong></span> <span class='ocrx_word' id='word_1_108' title='bbox 758 1886 854 1942; x_wconf 89' lang='lat' dir='ltr'><strong>est</strong></span> <span class='ocrx_word' id='word_1_109' title='bbox 918 1896 974 1942; x_wconf 91' lang='lat' dir='ltr'><strong>e.</strong></span> <span class='ocrx_word' id='word_1_110' title='bbox 1038 1896 1101 1962; x_wconf 97' lang='lat' dir='ltr'><strong>g.</strong></span> <span class='ocrx_word' id='word_1_111' title='bbox 1168 1895 1391 1941; x_wconf 86' lang='lat' dir='ltr'><strong>muros</strong></span> <span class='ocrx_word' id='word_1_112' title='bbox 1454 1884 1869 1952; x_wconf 84' lang='lat' dir='ltr'><strong>construere,</strong></span> <span class='ocrx_word' id='word_1_113' title='bbox 1918 1884 1982 1942; x_wconf 94' lang='lat' dir='ltr'><strong>et</strong></span> <span class='ocrx_word' id='word_1_114' title='bbox 2049 1874 2319 1953; x_wconf 85' lang='lat' dir='ltr'><strong>rudera,</strong></span> <span class='ocrx_word' id='word_1_115' title='bbox 2383 1893 2550 1963; x_wconf 87' lang='lat' dir='ltr'><strong>quae</strong></span> 
     </span>
     <span class='ocr_line' id='line_1_16' title="bbox 182 1976 2549 2063; baseline 0.003 -23"><span class='ocrx_word' id='word_1_116' title='bbox 182 1976 546 2063; x_wconf 78' lang='lat' dir='ltr'><strong>ingredienti</strong></span> <span class='ocrx_word' id='word_1_117' title='bbox 619 1978 883 2046; x_wconf 89' lang='lat' dir='ltr'><strong>molesta</strong></span> <span class='ocrx_word' id='word_1_118' title='bbox 952 1990 1147 2060; x_wconf 89' lang='lat' dir='ltr'><strong>sunt,</strong></span> <span class='ocrx_word' id='word_1_119' title='bbox 1199 2001 1321 2047; x_wconf 92' lang='lat' dir='ltr'><strong>non</strong></span> <span class='ocrx_word' id='word_1_120' title='bbox 1371 1988 1526 2047; x_wconf 84' lang='lat' dir='ltr'><strong>sunt</strong></span> <span class='ocrx_word' id='word_1_121' title='bbox 1576 1981 1639 2046; x_wconf 94' lang='lat' dir='ltr'><strong>in</strong></span> <span class='ocrx_word' id='word_1_122' title='bbox 1690 1979 1918 2048; x_wconf 87' lang='lat' dir='ltr'><strong>officio.</strong></span> <span class='ocrx_word' id='word_1_123' title='bbox 1967 1982 2160 2048; x_wconf 86' lang='lat' dir='ltr'><strong>Peius</strong></span> <span class='ocrx_word' id='word_1_124' title='bbox 2202 1981 2398 2048; x_wconf 88' lang='lat' dir='ltr'><strong>etiam</strong></span> <span class='ocrx_word' id='word_1_125' title='bbox 2448 1988 2549 2047; x_wconf 92' lang='lat' dir='ltr'><strong>est</strong></span> 
     </span>
     <span class='ocr_line' id='line_1_17' title="bbox 181 2082 2548 2173; baseline 0.003 -27"><span class='ocrx_word' id='word_1_126' title='bbox 181 2082 327 2167; x_wconf 81' lang='lat' dir='ltr'><strong>quod</strong></span> <span class='ocrx_word' id='word_1_127' title='bbox 387 2084 659 2151; x_wconf 86' lang='lat' dir='ltr'><strong>Parisiis</strong></span> <span class='ocrx_word' id='word_1_128' title='bbox 721 2085 939 2152; x_wconf 90' lang='lat' dir='ltr'><strong>inveni</strong></span> <span class='ocrx_word' id='word_1_129' title='bbox 1002 2087 1064 2152; x_wconf 92' lang='lat' dir='ltr'><strong>in</strong></span> <span class='ocrx_word' id='word_1_130' title='bbox 1141 2087 1433 2173; x_wconf 77' lang='lat' dir='ltr'><strong>margine</strong></span> <span class='ocrx_word' id='word_1_131' title='bbox 1495 2085 1797 2153; x_wconf 82' lang='lat' dir='ltr'><strong>editionis</strong></span> <span class='ocrx_word' id='word_1_132' title='bbox 1858 2087 2202 2168; x_wconf 74' lang='lat' dir='ltr'><strong>lunianae,</strong></span> <span class='ocrx_word' id='word_1_133' title='bbox 2256 2086 2364 2153; x_wconf 86' lang='lat' dir='ltr'><strong>ubi</strong></span> <span class='ocrx_word' id='word_1_134' title='bbox 2411 2087 2548 2165; x_wconf 86' lang='lat' dir='ltr'><strong>vir,</strong></span> 
     </span>
     <span class='ocr_line' id='line_1_18' title="bbox 179 2184 2550 2282; baseline 0.003 -30"><span class='ocrx_word' id='word_1_135' title='bbox 179 2184 381 2256; x_wconf 87' lang='lat' dir='ltr'><strong>doctus</strong></span> <span class='ocrx_word' id='word_1_136' title='bbox 438 2189 719 2258; x_wconf 76' lang='lat' dir='ltr'><strong>sortasse</strong></span> <span class='ocrx_word' id='word_1_137' title='bbox 786 2191 989 2269; x_wconf 80' lang='lat' dir='ltr'><strong>aliaS,</strong></span> <span class='ocrx_word' id='word_1_138' title='bbox 1055 2191 1167 2260; x_wconf 83' lang='lat' dir='ltr'><strong>sed</strong></span> <span class='ocrx_word' id='word_1_139' title='bbox 1242 2213 1416 2259; x_wconf 83' lang='lat' dir='ltr'><strong>nunc</strong></span> <span class='ocrx_word' id='word_1_140' title='bbox 1481 2192 1744 2282; x_wconf 88' lang='lat' dir='ltr'><strong>quidem</strong></span> <span class='ocrx_word' id='word_1_141' title='bbox 1807 2194 2074 2260; x_wconf 86' lang='lat' dir='ltr'><strong>minime</strong></span> <span class='ocrx_word' id='word_1_142' title='bbox 2139 2192 2403 2272; x_wconf 89' lang='lat' dir='ltr'><strong>doctus,</strong></span> <span class='ocrx_word' id='word_1_143' title='bbox 2476 2201 2550 2260; x_wconf 91' lang='lat' dir='ltr'><strong>ut</strong></span> 
     </span>
     <span class='ocr_line' id='line_1_19' title="bbox 178 2295 2544 2386; baseline 0.003 -27"><span class='ocrx_word' id='word_1_144' title='bbox 178 2295 272 2380; x_wconf 85' lang='lat' dir='ltr'><strong>qui</strong></span> <span class='ocrx_word' id='word_1_145' title='bbox 313 2297 706 2383; x_wconf 78' lang='lat' dir='ltr'><strong>quantitatis</strong></span> <span class='ocrx_word' id='word_1_146' title='bbox 750 2297 986 2364; x_wconf 88' lang='lat' dir='ltr'><strong>oblitus</strong></span> <span class='ocrx_word' id='word_1_147' title='bbox 1033 2305 1233 2378; x_wconf 84' lang='lat' dir='ltr'><strong>esset,</strong></span> <span class='ocrx_word' id='word_1_148' title='bbox 1279 2298 1665 2386; x_wconf 87' lang='lat' dir='ltr'><strong>adscripsit;</strong></span> <span class='ocrx_word' id='word_1_149' title='bbox 1716 2297 1996 2386; x_wconf 77' lang='lat' dir='ltr'><strong>»fungor</strong></span> <span class='ocrx_word' id='word_1_150' title='bbox 2041 2299 2342 2380; x_wconf 84' lang='lat' dir='ltr'><strong>Iberum,</strong></span> <span class='ocrx_word' id='word_1_151' title='bbox 2394 2300 2435 2366; x_wconf 94' lang='lat' dir='ltr'><strong>i.</strong></span> <span class='ocrx_word' id='word_1_152' title='bbox 2484 2318 2544 2366; x_wconf 88' lang='lat' dir='ltr'><strong>e.</strong></span> 
     </span>
     <span class='ocr_line' id='line_1_20' title="bbox 180 2402 2548 2496; baseline 0.002 -31"><span class='ocrx_word' id='word_1_153' title='bbox 180 2404 415 2468; x_wconf 83' lang='lat' dir='ltr'><strong>naenias</strong></span> <span class='ocrx_word' id='word_1_154' title='bbox 475 2411 547 2469; x_wconf 86' lang='lat' dir='ltr'><strong>et</strong></span> <span class='ocrx_word' id='word_1_155' title='bbox 607 2422 816 2489; x_wconf 87' lang='lat' dir='ltr'><strong>nugas</strong></span> <span class='ocrx_word' id='word_1_156' title='bbox 879 2404 1156 2482; x_wconf 89' lang='lat' dir='ltr'><strong>narro’&#39;‚</strong></span> <span class='ocrx_word' id='word_1_157' title='bbox 1225 2424 1576 2491; x_wconf 85' lang='lat' dir='ltr'><strong>provocans</strong></span> <span class='ocrx_word' id='word_1_158' title='bbox 1649 2404 1729 2471; x_wconf 92' lang='lat' dir='ltr'><strong>ad</strong></span> <span class='ocrx_word' id='word_1_159' title='bbox 1798 2405 2266 2496; x_wconf 83' lang='lat' dir='ltr'><strong>Hieronymum</strong></span> <span class='ocrx_word' id='word_1_160' title='bbox 2339 2402 2548 2472; x_wconf 71' lang='lat' dir='ltr'><strong>Praei.</strong></span> 
     </span>
     <span class='ocr_line' id='line_1_21' title="bbox 182 2504 2551 2599; baseline 0.002 -27"><span class='ocrx_word' id='word_1_161' title='bbox 182 2504 246 2573; x_wconf 78' lang='lat' dir='ltr'><strong>ad</strong></span> <span class='ocrx_word' id='word_1_162' title='bbox 301 2506 617 2584; x_wconf 81' lang='lat' dir='ltr'><strong>Genesin,</strong></span> <span class='ocrx_word' id='word_1_163' title='bbox 671 2508 756 2576; x_wconf 88' lang='lat' dir='ltr'><strong>cl’.</strong></span> <span class='ocrx_word' id='word_1_164' title='bbox 809 2509 1068 2577; x_wconf 88' lang='lat' dir='ltr'><strong>Hieron.</strong></span> <span class='ocrx_word' id='word_1_165' title='bbox 1122 2509 1232 2577; x_wconf 86' lang='lat'><strong>111.</strong></span> <span class='ocrx_word' id='word_1_166' title='bbox 1283 2532 1346 2599; x_wconf 90' lang='lat' dir='ltr'><strong>p.</strong></span> <span class='ocrx_word' id='word_1_167' title='bbox 1401 2513 1613 2590; x_wconf 75' lang='lat'><strong>1392,</strong></span> <span class='ocrx_word' id='word_1_168' title='bbox 1666 2510 1846 2580; x_wconf 88' lang='lat' dir='ltr'><strong>Ben.:</strong></span> <span class='ocrx_word' id='word_1_169' title='bbox 1897 2510 2362 2579; x_wconf 76' lang='lat' dir='ltr'><strong>»deliramenta</strong></span> <span class='ocrx_word' id='word_1_170' title='bbox 2411 2531 2551 2578; x_wconf 87' lang='lat' dir='ltr'><strong>sec-</strong></span> 
     </span>
     <span class='ocr_line' id='line_1_22' title="bbox 183 2615 2548 2704; baseline 0.003 -26"><span class='ocrx_word' id='word_1_171' title='bbox 183 2619 378 2681; x_wconf 81' lang='lat' dir='ltr'><strong>tantur</strong></span> <span class='ocrx_word' id='word_1_172' title='bbox 444 2624 517 2683; x_wconf 88' lang='lat' dir='ltr'><strong>et</strong></span> <span class='ocrx_word' id='word_1_173' title='bbox 580 2615 796 2682; x_wconf 78' lang='lat' dir='ltr'><strong>iberas</strong></span> <span class='ocrx_word' id='word_1_174' title='bbox 868 2618 1131 2683; x_wconf 88' lang='lat' dir='ltr'><strong>naenias</strong></span> <span class='ocrx_word' id='word_1_175' title='bbox 1188 2616 1370 2683; x_wconf 89' lang='lat' dir='ltr'><strong>libris</strong></span> <span class='ocrx_word' id='word_1_176' title='bbox 1426 2616 1822 2684; x_wconf 83' lang='lat' dir='ltr'><strong>authenticis</strong></span> <span class='ocrx_word' id='word_1_177' title='bbox 1887 2616 2332 2704; x_wconf 77' lang='lat' dir='ltr'><strong>praeferunt.&#39;’</strong></span> <span class='ocrx_word' id='word_1_178' title='bbox 2412 2617 2548 2684; x_wconf 87' lang='lat' dir='ltr'><strong>Non</strong></span> 
     </span>
     <span class='ocr_line' id='line_1_23' title="bbox 184 2721 2551 2814; baseline 0.002 -30"><span class='ocrx_word' id='word_1_179' title='bbox 184 2723 364 2807; x_wconf 87' lang='lat' dir='ltr'><strong>magis</strong></span> <span class='ocrx_word' id='word_1_180' title='bbox 411 2721 721 2808; x_wconf 72' lang='lat' dir='ltr'><strong>intellego</strong></span> <span class='ocrx_word' id='word_1_181' title='bbox 760 2723 1043 2789; x_wconf 78' lang='lat' dir='ltr'><strong>tuberum</strong></span> <span class='ocrx_word' id='word_1_182' title='bbox 1087 2721 1385 2810; x_wconf 88' lang='lat' dir='ltr'><strong>(Dousa)‚</strong></span> <span class='ocrx_word' id='word_1_183' title='bbox 1425 2721 1708 2788; x_wconf 74' lang='lat' dir='ltr'><strong>muneris</strong></span> <span class='ocrx_word' id='word_1_184' title='bbox 1749 2722 2125 2814; x_wconf 84' lang='lat' dir='ltr'><strong>(Bonterw.)</strong></span> <span class='ocrx_word' id='word_1_185' title='bbox 2166 2731 2234 2791; x_wconf 92' lang='lat' dir='ltr'><strong>et</strong></span> <span class='ocrx_word' id='word_1_186' title='bbox 2260 2723 2551 2790; x_wconf 64' lang='lat' dir='ltr'><strong>tuberum</strong></span> 
     </span>
     <span class='ocr_line' id='line_1_24' title="bbox 184 2824 1699 2916; baseline 0.001 -24"><span class='ocrx_word' id='word_1_187' title='bbox 184 2824 595 2916; x_wconf 83' lang='lat' dir='ltr'><strong>(Qnicherat).</strong></span> <span class='ocrx_word' id='word_1_188' title='bbox 691 2828 891 2894; x_wconf 85' lang='lat' dir='ltr'><strong>Totus</strong></span> <span class='ocrx_word' id='word_1_189' title='bbox 938 2848 1163 2894; x_wconf 86' lang='lat' dir='ltr'><strong>versus</strong></span> <span class='ocrx_word' id='word_1_190' title='bbox 1210 2828 1306 2893; x_wconf 87' lang='lat' dir='ltr'><strong>sic</strong></span> <span class='ocrx_word' id='word_1_191' title='bbox 1350 2847 1418 2893; x_wconf 90' lang='lat' dir='ltr'><strong>se</strong></span> <span class='ocrx_word' id='word_1_192' title='bbox 1468 2826 1699 2895; x_wconf 83' lang='lat' dir='ltr'><strong>habet:</strong></span> 
     </span>
    </p>

    <p class='ocr_par' dir='ltr' id='par_1_5' title="bbox 320 2930 2385 3022">
     <span class='ocr_line' id='line_1_25' title="bbox 320 2930 2385 3022; baseline 0.001 -22"><span class='ocrx_word' id='word_1_193' title='bbox 320 2933 730 3021; x_wconf 79' lang='lat' dir='ltr'><strong>Quapropter</strong></span> <span class='ocrx_word' id='word_1_194' title='bbox 779 2933 994 3000; x_wconf 74' lang='lat' dir='ltr'><strong>deiero</strong></span> <span class='ocrx_word' id='word_1_195' title='bbox 1041 2942 1107 3002; x_wconf 89' lang='lat' dir='ltr'><strong>et</strong></span> <span class='ocrx_word' id='word_1_196' title='bbox 1153 2932 1388 3021; x_wconf 91' lang='lat' dir='ltr'><strong>cupide</strong></span> <span class='ocrx_word' id='word_1_197' title='bbox 1434 2930 1721 3000; x_wconf 76' lang='lat' dir='ltr'><strong>officium</strong></span> <span class='ocrx_word' id='word_1_198' title='bbox 1772 2932 2006 3022; x_wconf 77' lang='lat' dir='ltr'><strong>fungor</strong></span> <span class='ocrx_word' id='word_1_199' title='bbox 2055 2936 2385 3003; x_wconf 86' lang='lat' dir='ltr'><strong>ruberum.</strong></span> 
     </span>
    </p>

    <p class='ocr_par' dir='ltr' id='par_1_6' title="bbox 187 3037 2556 4294">
     <span class='ocr_line' id='line_1_26' title="bbox 260 3037 2553 3125; baseline 0.001 -21"><span class='ocrx_word' id='word_1_200' title='bbox 260 3038 541 3108; x_wconf 82' lang='lat' dir='ltr'><strong>Placeret</strong></span> <span class='ocrx_word' id='word_1_201' title='bbox 611 3039 768 3106; x_wconf 84' lang='lat' dir='ltr'><strong>mihi</strong></span> <span class='ocrx_word' id='word_1_202' title='bbox 837 3043 1148 3115; x_wconf 75' lang='lat' dir='ltr'><strong>maxime:</strong></span> <span class='ocrx_word' id='word_1_203' title='bbox 1214 3037 1491 3125; x_wconf 76' lang='lat' dir='ltr'><strong>»fungor</strong></span> <span class='ocrx_word' id='word_1_204' title='bbox 1555 3038 1925 3107; x_wconf 85' lang='lat' dir='ltr'><strong>ludicrum”</strong></span> <span class='ocrx_word' id='word_1_205' title='bbox 1973 3043 2019 3109; x_wconf 90' lang='lat' dir='ltr'><strong>i.</strong></span> <span class='ocrx_word' id='word_1_206' title='bbox 2069 3063 2127 3109; x_wconf 90' lang='lat' dir='ltr'><strong>e.</strong></span> <span class='ocrx_word' id='word_1_207' title='bbox 2176 3039 2359 3108; x_wconf 76' lang='lat' dir='ltr'><strong>facile</strong></span> <span class='ocrx_word' id='word_1_208' title='bbox 2409 3041 2553 3106; x_wconf 88' lang='lat' dir='ltr'><strong>irri-</strong></span> 
     </span>
     <span class='ocr_line' id='line_1_27' title="bbox 187 3145 2551 3234; baseline 0.001 -24"><span class='ocrx_word' id='word_1_209' title='bbox 187 3145 329 3211; x_wconf 83' lang='lat' dir='ltr'><strong>soris</strong></span> <span class='ocrx_word' id='word_1_210' title='bbox 387 3153 609 3234; x_wconf 86' lang='lat' dir='ltr'><strong>partes</strong></span> <span class='ocrx_word' id='word_1_211' title='bbox 668 3147 970 3234; x_wconf 84' lang='lat' dir='ltr'><strong>suscipio.</strong></span> <span class='ocrx_word' id='word_1_212' title='bbox 1065 3152 1189 3213; x_wconf 77' lang='lat' dir='ltr'><strong>Ars</strong></span> <span class='ocrx_word' id='word_1_213' title='bbox 1253 3146 1498 3212; x_wconf 78' lang='lat' dir='ltr'><strong>ludicra</strong></span> <span class='ocrx_word' id='word_1_214' title='bbox 1558 3154 1655 3212; x_wconf 90' lang='lat' dir='ltr'><strong>est</strong></span> <span class='ocrx_word' id='word_1_215' title='bbox 1704 3145 1983 3213; x_wconf 91' lang='lat' dir='ltr'><strong>ludionis</strong></span> <span class='ocrx_word' id='word_1_216' title='bbox 2030 3147 2126 3216; x_wconf 84' lang='lat' dir='ltr'><strong>vel</strong></span> <span class='ocrx_word' id='word_1_217' title='bbox 2177 3148 2551 3225; x_wconf 77' lang='lat' dir='ltr'><strong>histrionis,</strong></span> 
     </span>
     <span class='ocr_line' id='line_1_28' title="bbox 187 3252 2555 3341; baseline 0.002 -26"><span class='ocrx_word' id='word_1_218' title='bbox 187 3252 430 3339; x_wconf 74' lang='lat' dir='ltr'><strong>officium</strong></span> <span class='ocrx_word' id='word_1_219' title='bbox 505 3252 822 3319; x_wconf 78' lang='lat' dir='ltr'><strong>ludicrum</strong></span> <span class='ocrx_word' id='word_1_220' title='bbox 891 3260 1107 3341; x_wconf 90' lang='lat' dir='ltr'><strong>partes</strong></span> <span class='ocrx_word' id='word_1_221' title='bbox 1177 3252 1511 3318; x_wconf 89' lang='lat' dir='ltr'><strong>sannionis</strong></span> <span class='ocrx_word' id='word_1_222' title='bbox 1577 3260 1689 3318; x_wconf 92' lang='lat' dir='ltr'><strong>aut</strong></span> <span class='ocrx_word' id='word_1_223' title='bbox 1753 3253 2063 3321; x_wconf 81' lang='lat' dir='ltr'><strong>comoedi.</strong></span> <span class='ocrx_word' id='word_1_224' title='bbox 2160 3253 2284 3322; x_wconf 92' lang='lat' dir='ltr'><strong>Sed</strong></span> <span class='ocrx_word' id='word_1_225' title='bbox 2351 3252 2555 3321; x_wconf 87' lang='lat' dir='ltr'><strong>multo</strong></span> 
     </span>
     <span class='ocr_line' id='line_1_29' title="bbox 189 3357 2553 3446; baseline 0.001 -24"><span class='ocrx_word' id='word_1_226' title='bbox 189 3361 423 3446; x_wconf 76' lang='lat' dir='ltr'><strong>propius</strong></span> <span class='ocrx_word' id='word_1_227' title='bbox 472 3357 553 3426; x_wconf 91' lang='lat' dir='ltr'><strong>ad</strong></span> <span class='ocrx_word' id='word_1_228' title='bbox 602 3357 774 3445; x_wconf 84' lang='lat' dir='ltr'><strong>vulg.</strong></span> <span class='ocrx_word' id='word_1_229' title='bbox 814 3358 1151 3426; x_wconf 88' lang='lat' dir='ltr'><strong>lectionem</strong></span> <span class='ocrx_word' id='word_1_230' title='bbox 1195 3357 1445 3425; x_wconf 86' lang='lat' dir='ltr'><strong>accedit</strong></span> <span class='ocrx_word' id='word_1_231' title='bbox 1490 3357 1785 3424; x_wconf 69' lang='lat' dir='ltr'><strong>Mercerii</strong></span> <span class='ocrx_word' id='word_1_232' title='bbox 1831 3361 2205 3427; x_wconf 86' lang='lat' dir='ltr'><strong>coniectura</strong></span> <span class='ocrx_word' id='word_1_233' title='bbox 2247 3361 2553 3433; x_wconf 79' lang='lat' dir='ltr'><strong>liberum,-</strong></span> 
     </span>
     <span class='ocr_line' id='line_1_30' title="bbox 187 3463 2555 3555; baseline 0 -25"><span class='ocrx_word' id='word_1_234' title='bbox 187 3481 218 3523; x_wconf 82' lang='lat' dir='ltr'><strong>r</strong></span> <span class='ocrx_word' id='word_1_235' title='bbox 267 3464 422 3532; x_wconf 87' lang='lat' dir='ltr'><strong>male</strong></span> <span class='ocrx_word' id='word_1_236' title='bbox 488 3474 632 3553; x_wconf 90' lang='lat' dir='ltr'><strong>post</strong></span> <span class='ocrx_word' id='word_1_237' title='bbox 699 3470 935 3555; x_wconf 75' lang='lat' dir='ltr'><strong>sunyor</strong></span> <span class='ocrx_word' id='word_1_238' title='bbox 991 3467 1340 3553; x_wconf 87' lang='lat' dir='ltr'><strong>repetitum</strong></span> <span class='ocrx_word' id='word_1_239' title='bbox 1401 3474 1534 3543; x_wconf 89' lang='lat' dir='ltr'><strong>est,</strong></span> <span class='ocrx_word' id='word_1_240' title='bbox 1583 3463 1847 3530; x_wconf 79' lang='lat' dir='ltr'><strong>uberum</strong></span> <span class='ocrx_word' id='word_1_241' title='bbox 1892 3473 1957 3531; x_wconf 92' lang='lat' dir='ltr'><strong>et</strong></span> <span class='ocrx_word' id='word_1_242' title='bbox 2007 3466 2277 3533; x_wconf 77' lang='lat' dir='ltr'><strong>liberum</strong></span> <span class='ocrx_word' id='word_1_243' title='bbox 2322 3467 2427 3531; x_wconf 83' lang='lat' dir='ltr'><strong>vix</strong></span> <span class='ocrx_word' id='word_1_244' title='bbox 2474 3465 2555 3531; x_wconf 87' lang='lat' dir='ltr'><strong>ad</strong></span> 
     </span>
     <span class='ocr_line' id='line_1_31' title="bbox 190 3568 2553 3660; baseline 0.002 -30"><span class='ocrx_word' id='word_1_245' title='bbox 190 3572 439 3654; x_wconf 85' lang='lat' dir='ltr'><strong>speciem</strong></span> <span class='ocrx_word' id='word_1_246' title='bbox 507 3571 764 3639; x_wconf 80' lang='lat' dir='ltr'><strong>diversa</strong></span> <span class='ocrx_word' id='word_1_247' title='bbox 819 3579 991 3638; x_wconf 87' lang='lat' dir='ltr'><strong>sunt.</strong></span> <span class='ocrx_word' id='word_1_248' title='bbox 1087 3569 1262 3660; x_wconf 82' lang='lat' dir='ltr'><strong>Nexu</strong></span> <span class='ocrx_word' id='word_1_249' title='bbox 1315 3570 1783 3638; x_wconf 88' lang='lat' dir='ltr'><strong>sententiarum</strong></span> <span class='ocrx_word' id='word_1_250' title='bbox 1833 3569 2176 3637; x_wconf 88' lang='lat' dir='ltr'><strong>adiuvante</strong></span> <span class='ocrx_word' id='word_1_251' title='bbox 2230 3568 2553 3636; x_wconf 68' lang='lat' dir='ltr'><strong>›officium</strong></span> 
     </span>
     <span class='ocr_line' id='line_1_32' title="bbox 190 3669 2556 3764; baseline 0.003 -28"><span class='ocrx_word' id='word_1_252' title='bbox 190 3669 439 3744; x_wconf 71' lang='lat' dir='ltr'><strong>liberum</strong></span> <span class='ocrx_word' id='word_1_253' title='bbox 537 3675 769 3764; x_wconf 81' lang='lat' dir='ltr'><strong>fungi&#39;&#39;</strong></span> <span class='ocrx_word' id='word_1_254' title='bbox 872 3675 1241 3762; x_wconf 83' lang='lat' dir='ltr'><strong>significare</strong></span> <span class='ocrx_word' id='word_1_255' title='bbox 1329 3677 1571 3763; x_wconf 88' lang='lat' dir='ltr'><strong>potuit:</strong></span> <span class='ocrx_word' id='word_1_256' title='bbox 1664 3685 1959 3762; x_wconf 85' lang='lat' dir='ltr'><strong>proterva</strong></span> <span class='ocrx_word' id='word_1_257' title='bbox 2048 3675 2404 3764; x_wconf 87' lang='lat' dir='ltr'><strong>petulantia</strong></span> <span class='ocrx_word' id='word_1_258' title='bbox 2492 3684 2556 3742; x_wconf 89' lang='lat' dir='ltr'><strong>et</strong></span> 
     </span>
     <span class='ocr_line' id='line_1_33' title="bbox 193 3780 2554 3869; baseline 0.002 -26"><span class='ocrx_word' id='word_1_259' title='bbox 193 3784 472 3869; x_wconf 70' lang='grc' dir='ltr'><strong>παρρησίᾳ</strong></span> <span class='ocrx_word' id='word_1_260' title='bbox 521 3783 638 3850; x_wconf 91' lang='lat' dir='ltr'><strong>uti.</strong></span> <span class='ocrx_word' id='word_1_261' title='bbox 692 3821 784 3832; x_wconf 92' lang='lat'>—</span> <span class='ocrx_word' id='word_1_262' title='bbox 833 3781 1061 3849; x_wconf 83' lang='lat' dir='ltr'><strong>Delero</strong></span> <span class='ocrx_word' id='word_1_263' title='bbox 1111 3803 1259 3849; x_wconf 82' lang='lat' dir='ltr'><strong>cum</strong></span> <span class='ocrx_word' id='word_1_264' title='bbox 1314 3780 1579 3868; x_wconf 87' lang='lat' dir='ltr'><strong>reliquis</strong></span> <span class='ocrx_word' id='word_1_265' title='bbox 1636 3790 1894 3869; x_wconf 89' lang='lat' dir='ltr'><strong>praeter</strong></span> <span class='ocrx_word' id='word_1_266' title='bbox 1941 3781 2115 3849; x_wconf 85' lang='lat' dir='ltr'><strong>Leid.</strong></span> <span class='ocrx_word' id='word_1_267' title='bbox 2160 3792 2223 3848; x_wconf 92' lang='lat' dir='ltr'><strong>et</strong></span> <span class='ocrx_word' id='word_1_268' title='bbox 2264 3782 2340 3850; x_wconf 85' lang='lat' dir='ltr'><strong>G.</strong></span> <span class='ocrx_word' id='word_1_269' title='bbox 2384 3801 2554 3848; x_wconf 86' lang='lat' dir='ltr'><strong>corr.</strong></span> 
     </span>
     <span class='ocr_line' id='line_1_34' title="bbox 195 3886 2555 3982; baseline 0 -30"><span class='ocrx_word' id='word_1_270' title='bbox 195 3887 416 3967; x_wconf 82' lang='lat' dir='ltr'><strong>scribo,</strong></span> <span class='ocrx_word' id='word_1_271' title='bbox 463 3888 632 3977; x_wconf 86' lang='lat' dir='ltr'><strong>quod</strong></span> <span class='ocrx_word' id='word_1_272' title='bbox 687 3888 901 3982; x_wconf 82' lang='lat' dir='ltr'><strong>minus</strong></span> <span class='ocrx_word' id='word_1_273' title='bbox 952 3889 1191 3956; x_wconf 86' lang='lat' dir='ltr'><strong>usitata</strong></span> <span class='ocrx_word' id='word_1_274' title='bbox 1232 3896 1451 3977; x_wconf 86' lang='lat' dir='ltr'><strong>postea</strong></span> <span class='ocrx_word' id='word_1_275' title='bbox 1492 3886 1702 3954; x_wconf 80' lang='lat' dir='ltr'><strong>forma</strong></span> <span class='ocrx_word' id='word_1_276' title='bbox 1730 3886 1879 3955; x_wconf 79' lang='lat' dir='ltr'><strong>suit.</strong></span> <span class='ocrx_word' id='word_1_277' title='bbox 1930 3888 2289 3976; x_wconf 88' lang='lat' dir='ltr'><strong>Utrumque</strong></span> <span class='ocrx_word' id='word_1_278' title='bbox 2314 3896 2555 3966; x_wconf 89' lang='lat' dir='ltr'><strong>autem,</strong></span> 
     </span>
     <span class='ocr_line' id='line_1_35' title="bbox 193 3992 2553 4083; baseline 0.003 -28"><span class='ocrx_word' id='word_1_279' title='bbox 193 4001 322 4060; x_wconf 86' lang='lat' dir='ltr'><strong>ante</strong></span> <span class='ocrx_word' id='word_1_280' title='bbox 382 3995 741 4062; x_wconf 81' lang='lat' dir='ltr'><strong>Varronem</strong></span> <span class='ocrx_word' id='word_1_281' title='bbox 805 3992 1110 4081; x_wconf 88' lang='lat' dir='ltr'><strong>quidem,</strong></span> <span class='ocrx_word' id='word_1_282' title='bbox 1178 3995 1240 4060; x_wconf 92' lang='lat' dir='ltr'><strong>in</strong></span> <span class='ocrx_word' id='word_1_283' title='bbox 1312 4014 1437 4061; x_wconf 88' lang='lat' dir='ltr'><strong>usu</strong></span> <span class='ocrx_word' id='word_1_284' title='bbox 1499 3992 1699 4061; x_wconf 75' lang='lat' dir='ltr'><strong>tuisse</strong></span> <span class='ocrx_word' id='word_1_285' title='bbox 1759 3993 1985 4083; x_wconf 87' lang='lat' dir='ltr'><strong>probat</strong></span> <span class='ocrx_word' id='word_1_286' title='bbox 2045 3993 2181 4060; x_wconf 89' lang='lat' dir='ltr'><strong>Vel.</strong></span> <span class='ocrx_word' id='word_1_287' title='bbox 2250 3994 2445 4081; x_wconf 86' lang='lat' dir='ltr'><strong>Long.</strong></span> <span class='ocrx_word' id='word_1_288' title='bbox 2494 4014 2553 4079; x_wconf 91' lang='lat' dir='ltr'><strong>p.</strong></span> 
     </span>
     <span class='ocr_line' id='line_1_36' title="bbox 196 4098 2553 4197; baseline 0.002 -35"><span class='ocrx_word' id='word_1_289' title='bbox 196 4099 384 4175; x_wconf 74' lang='lat'><strong>22533</strong></span> <span class='ocrx_word' id='word_1_290' title='bbox 432 4100 717 4167; x_wconf 63' lang='lat' dir='ltr'><strong>‚delirus</strong></span> <span class='ocrx_word' id='word_1_291' title='bbox 763 4100 972 4188; x_wconf 88' lang='lat' dir='ltr'><strong>placet</strong></span> <span class='ocrx_word' id='word_1_292' title='bbox 1022 4100 1331 4178; x_wconf 88' lang='lat' dir='ltr'><strong>Varroni,</strong></span> <span class='ocrx_word' id='word_1_293' title='bbox 1383 4120 1506 4165; x_wconf 93' lang='lat' dir='ltr'><strong>non</strong></span> <span class='ocrx_word' id='word_1_294' title='bbox 1559 4098 1852 4197; x_wconf 77' lang='lat' dir='ltr'><strong>delerus,</strong></span> <span class='ocrx_word' id='word_1_295' title='bbox 1905 4120 2025 4166; x_wconf 80' lang='lat' dir='ltr'><strong>vox</strong></span> <span class='ocrx_word' id='word_1_296' title='bbox 2070 4139 2149 4150; x_wconf 96' lang='lat'><strong>—</strong></span> <span class='ocrx_word' id='word_1_297' title='bbox 2178 4108 2278 4167; x_wconf 86' lang='lat' dir='ltr'><strong>est</strong></span> <span class='ocrx_word' id='word_1_298' title='bbox 2327 4101 2553 4167; x_wconf 80' lang='lat' dir='ltr'><strong>Latina</strong></span> 
     </span>
     <span class='ocr_line' id='line_1_37' title="bbox 197 4203 2325 4294; baseline 0.004 -28"><span class='ocrx_word' id='word_1_299' title='bbox 197 4203 417 4285; x_wconf 76' lang='lat' dir='ltr'><strong>alita,</strong></span> <span class='ocrx_word' id='word_1_300' title='bbox 467 4206 529 4273; x_wconf 90' lang='lat' dir='ltr'><strong>id</strong></span> <span class='ocrx_word' id='word_1_301' title='bbox 581 4215 679 4273; x_wconf 88' lang='lat' dir='ltr'><strong>est</strong></span> <span class='ocrx_word' id='word_1_302' title='bbox 727 4207 972 4275; x_wconf 86' lang='lat' dir='ltr'><strong>sulco”.</strong></span> <span class='ocrx_word' id='word_1_303' title='bbox 1070 4204 1161 4273; x_wconf 78' lang='lat' dir='ltr'><strong>Cf.</strong></span> <span class='ocrx_word' id='word_1_304' title='bbox 1218 4205 1542 4272; x_wconf 86' lang='lat' dir='ltr'><strong>Wilmans</strong></span> <span class='ocrx_word' id='word_1_305' title='bbox 1591 4204 1671 4274; x_wconf 88' lang='lat' dir='ltr'><strong>de</strong></span> <span class='ocrx_word' id='word_1_306' title='bbox 1722 4206 2011 4273; x_wconf 81' lang='lat' dir='ltr'><strong>Varrone</strong></span> <span class='ocrx_word' id='word_1_307' title='bbox 2061 4227 2122 4294; x_wconf 91' lang='lat' dir='ltr'><strong>p.</strong></span> <span class='ocrx_word' id='word_1_308' title='bbox 2179 4211 2325 4274; x_wconf 79' lang='lat'><strong>178.</strong></span> 
     </span>
    </p>

    <p class='ocr_par' dir='ltr' id='par_1_7' title="bbox 236 4310 2551 4399">
     <span class='ocr_line' id='line_1_38' title="bbox 236 4310 2551 4399; baseline 0.003 -26"><span class='ocrx_word' id='word_1_309' title='bbox 236 4311 335 4376; x_wconf 81' lang='lat'><strong>28.</strong></span> <span class='ocrx_word' id='word_1_310' title='bbox 371 4311 503 4398; x_wconf 88' lang='lat' dir='ltr'><strong>Ego</strong></span> <span class='ocrx_word' id='word_1_311' title='bbox 540 4312 709 4399; x_wconf 88' lang='lat' dir='ltr'><strong>siqui</strong></span> <span class='ocrx_word' id='word_1_312' title='bbox 751 4332 897 4379; x_wconf 91' lang='lat' dir='ltr'><strong>sum</strong></span> <span class='ocrx_word' id='word_1_313' title='bbox 937 4321 1001 4378; x_wconf 92' lang='lat' dir='ltr'><strong>et</strong></span> <span class='ocrx_word' id='word_1_314' title='bbox 1042 4332 1168 4399; x_wconf 88' lang='lat' dir='ltr'><strong>quo</strong></span> <span class='ocrx_word' id='word_1_315' title='bbox 1200 4310 1483 4379; x_wconf 77' lang='lat' dir='ltr'><strong>folliculo</strong></span> <span class='ocrx_word' id='word_1_316' title='bbox 1520 4331 1693 4379; x_wconf 90' lang='lat' dir='ltr'><strong>nunc</strong></span> <span class='ocrx_word' id='word_1_317' title='bbox 1729 4332 1874 4379; x_wconf 91' lang='lat' dir='ltr'><strong>sum</strong></span> <span class='ocrx_word' id='word_1_318' title='bbox 1915 4311 2184 4381; x_wconf 89' lang='lat' dir='ltr'><strong>indutus</strong></span> <span class='ocrx_word' id='word_1_319' title='bbox 2215 4331 2339 4379; x_wconf 90' lang='lat' dir='ltr'><strong>non</strong></span> <span class='ocrx_word' id='word_1_320' title='bbox 2368 4331 2551 4398; x_wconf 88' lang='lat' dir='ltr'><strong>queo.</strong></span> 
     </span>
    </p>

    <p class='ocr_par' dir='ltr' id='par_1_8' title="bbox 278 4414 2553 4504">
     <span class='ocr_line' id='line_1_39' title="bbox 278 4414 2553 4504; baseline 0.002 -23"><span class='ocrx_word' id='word_1_321' title='bbox 278 4414 348 4482; x_wconf 89' lang='lat' dir='ltr'><strong>ln</strong></span> <span class='ocrx_word' id='word_1_322' title='bbox 413 4416 512 4485; x_wconf 87' lang='lat' dir='ltr'><strong>his</strong></span> <span class='ocrx_word' id='word_1_323' title='bbox 577 4419 878 4486; x_wconf 77' lang='lat' dir='ltr'><strong>vitiosum</strong></span> <span class='ocrx_word' id='word_1_324' title='bbox 949 4426 1048 4486; x_wconf 86' lang='lat' dir='ltr'><strong>est</strong></span> <span class='ocrx_word' id='word_1_325' title='bbox 1111 4427 1217 4499; x_wconf 76' lang='lat' dir='ltr'><strong>ec,·</strong></span> <span class='ocrx_word' id='word_1_326' title='bbox 1280 4439 1403 4485; x_wconf 91' lang='lat' dir='ltr'><strong>non</strong></span> <span class='ocrx_word' id='word_1_327' title='bbox 1463 4419 1640 4485; x_wconf 90' lang='lat' dir='ltr'><strong>enim</strong></span> <span class='ocrx_word' id='word_1_328' title='bbox 1703 4419 2023 4487; x_wconf 88' lang='lat' dir='ltr'><strong>sententia</strong></span> <span class='ocrx_word' id='word_1_329' title='bbox 2085 4428 2216 4487; x_wconf 85' lang='lat' dir='ltr'><strong>est:</strong></span> <span class='ocrx_word' id='word_1_330' title='bbox 2283 4416 2379 4482; x_wconf 76' lang='lat' dir='ltr'><strong>»si</strong></span> <span class='ocrx_word' id='word_1_331' title='bbox 2441 4418 2553 4504; x_wconf 90' lang='lat' dir='ltr'><strong>qui</strong></span> 
     </span>
    </p>
   </div>
  </div>
 </body>
</html>
