2934 5050
1015 320 1100 367 An
1147 302 1678 367 Theomnastum.
2461 291 2545 360 45

182 497 315 561 nire.
398 495 614 580 Itaque
673 494 729 555 si
791 490 1206 556 Athenienses
1277 491 1433 555 bene
1497 490 1646 553 novi
1716 506 1904 554 nemo
1968 507 2189 553 eorum
2259 484 2545 571 palmam

180 600 403 667 serebat
441 601 508 665 in
551 598 790 674 hortis,
855 617 1017 682 quae
1059 595 1287 661 fuisset
1330 595 1576 676 φανερὰ
1626 592 1843 674 ζημία.
1920 592 2058 674 Quo
2105 599 2292 679 pacto
2340 594 2547 680 igitur

183 707 208 771 ὃ
248 706 438 786 φοίνιξ
482 705 558 770 de
601 703 820 770 arbore
866 701 1158 787 delapsus
1204 703 1421 782 χαμαὶ
1476 702 1714 766 κεῖσθαι
1756 698 2010 787 potuit?
2079 698 2277 765 Nullo
2322 703 2542 784 pacto,

181 817 239 879 et
278 810 696 899 quaerendum
741 808 895 894 quid
938 809 1008 872 in
1054 815 1411 873 ΦΟΙΝΙΚΛ
1457 807 1678 874 lateat.

260 916 376 984 sed
417 922 738 1003 praeterea
771 915 891 980 hoc
927 934 1176 1000 quoque
1220 913 1650 1000 quaerendum
1690 914 1812 978 erit
1849 912 2017 977 unde
2057 914 2142 977 sit
2181 917 2331 976 nata
2371 915 2550 976 tanta

180 1026 505 1109 scripturae
582 1021 1003 1106 discrepantia
1076 1022 1146 1084 in
1212 1019 1459 1085 verbis:
1533 1018 1672 1085 οὔτε
1744 1017 1941 1083 έλοὶαν
2013 1018 2047 1094 ἢ
2116 1018 2366 1098 Φοίνικα
2428 1021 2550 1080 τῶν

182 1130 379 1211 χαμαὶ
430 1126 719 1206 κειμένων
773 1126 1135 1190 ἄνελέσθαιε
1182 1146 1412 1211 nempe
1456 1146 1573 1211 pro
1619 1125 1906 1204 κειμένων
1951 1124 2279 1191 Parisinus
2324 1124 2397 1189 Β.
2445 1146 2549 1187 πε·

182 1235 488 1301 ττωκὸτων
544 1231 756 1298 habet.
842 1231 1071 1296 Dicam
1130 1232 1285 1317 quid
1346 1234 1644 1319 suspicer.
1718 1232 1940 1317 Neque
1987 1233 2275 1309 κειμένων
2329 1234 2553 1318 genui-

183 1361 326 1407 num
384 1346 479 1406 est
538 1359 741 1425 neque
808 1338 1239 1404 πεπωκότων.
1316 1335 1729 1405 Coniecturae
1793 1338 1915 1403 hae
1974 1342 2125 1402 sunt
2177 1358 2398 1403 eorum
2445 1340 2556 1423 qui

183 1452 448 1514 veterem
492 1445 836 1512 lectionem
881 1446 950 1509 in
996 1444 1228 1511 detrito
1284 1444 1449 1510 libro
1495 1465 1831 1534 agnoscere
1886 1465 2011 1510 non
2055 1448 2366 1531 poterant.
2438 1441 2556 1508 Ve-

183 1574 313 1618 rum
373 1574 505 1619 esse
570 1551 843 1617 arbitror
909 1556 1027 1616 τῶν
1080 1558 1622 1629 χαμαιΠΕΤΩΝ
1687 1551 2015 1616 ἀνελέσθαι
2038 1602 2057 1625 ,
2120 1550 2288 1636 quod
2356 1570 2559 1635 quum

186 1661 286 1723 vix
342 1661 670 1745 appareret
726 1655 889 1722 alter
947 1655 1359 1722 πεπωκότων
1417 1656 1596 1723 dedit
1611 1703 1630 1735 ,
1694 1656 1856 1722 alter
1875 1703 1892 1733 ,
1954 1659 2106 1742 quia
2163 1655 2384 1737 χαμαὶ
2447 1680 2555 1720 πε-

186 1762 469 1829 πτωκέναι
521 1783 637 1850 pro
676 1761 944 1844 χαμᾶζε
989 1762 1310 1829 soloecum
1347 1768 1444 1828 est
1459 1811 1477 1841 ‚
1528 1763 1865 1828 substituit
1909 1761 2221 1841 κειμένων.
2286 1761 2561 1827 Decidua

187 1869 473 1956 appellari
535 1868 811 1937 ἀττικιςί
867 1867 1155 1934 solebant
1211 1877 1596 1951 χαμαιπετῆ
1621 1918 1637 1945 ,
1708 1873 1785 1934 ut
1843 1868 2013 1954 apud
2071 1867 2431 1933 Lucianum
2492 1870 2560 1932 in

189 1975 514 2060 Lexqohane
581 1994 716 2060 cap.
770 1972 873 2039 13.
948 1973 1068 2051 ἥκω
1118 1975 1260 2052 ὑμῖν
1321 1973 1582 2056 κομίζων
1644 1975 1749 2040 καὶ
1796 1979 1969 2054 τυροῦ
2021 1973 2407 2056 τροφαλίδας
2452 1972 2556 2040 καὶ

191 2081 366 2154 ἐλάας
427 2087 891 2163 χαμαιπετεῖς.
987 2079 1300 2167 Recoquit
1351 2082 1545 2147 homo
1589 2083 1843 2167 ineptus
1888 2080 2055 2166 quod
2101 2066 2270 2167 apud
2314 2080 2562 2162 Atticos

189 2186 445 2276 leg-erat,
511 2206 786 2273 quorum
831 2206 1008 2256 more
1055 2185 1527 2273 Theophrastus
1572 2188 1860 2272 scripsit:
1911 2187 2049 2252 οὔτε
2096 2187 2295 2251 ἐλάαν
2345 2184 2379 2260 ἢ
2426 2184 2560 2265 φοί·

193 2316 312 2358 νικα
357 2300 473 2359 τῶν
520 2300 1082 2374 χαμαιπετῶν
1130 2292 1476 2358 ἀνελέσθαι.

271 2505 424 2574 Ibid.
474 2505 584 2573 καὶ
633 2505 1068 2585 ἀπαγορεῦσαι
1106 2515 1183 2588 τῇ
1229 2505 1478 2585 γυναικὶ
1528 2506 1690 2583 μήτε
1737 2502 1903 2578 ἅλας
1950 2504 2358 2586 χρωννύειν
2402 2504 2563 2584 μήτε

195 2611 498 2694 ἐλλύχνιον
570 2613 732 2690 μήτε
804 2610 1047 2689 κύμινον
1111 2649 1197 2661 -
1260 2613 1436 2677 ἄλλα
1510 2614 1722 2691 λέγειν
1790 2610 1883 2678 ὅτι
1944 2614 2030 2680 τὰ
2092 2613 2284 2693 μικρὰ
2351 2617 2565 2677 ταῦτα

194 2719 383 2784 πολλά
429 2722 523 2789 έςι
574 2722 681 2784 τοῦ
728 2717 1059 2803 ἐνιαυτοῦ]
1130 2717 1257 2784 Ρ1·0
1301 2717 1622 2800 χρωννύειν
1668 2723 1981 2785 sententia
2024 2719 2327 2786 suadente
2375 2719 2561 2783 scrib.

202 2825 499 2907 κιχρῶναι.

278 3034 433 3103 Ibid.
497 3042 616 3102 τῶν
677 3034 1057 3115 μικρολόγων
1117 3036 1223 3101 καὶ
1270 3036 1390 3108 τὰς
1443 3037 1858 3117 ὦργυροθῆκας
1923 3034 2046 3104 ἓςιν
2094 3036 2238 3101 ἰδεῖν
2286 3033 2574 3115 εὐρωτιῶ-

200 3160 302 3214 σας
333 3144 435 3207 καὶ
478 3148 652 3215 κλεῖς
695 3139 1010 3227 ἰωμένοις]
1041 3141 1348 3207 articulus
1388 3143 1603 3208 abesse
1639 3162 1765 3208 non
1801 3146 2010 3228 potest
2049 3142 2152 3206 καὶ
2189 3149 2363 3206 TAC
2405 3149 2573 3213 κλεῖς

200 3245 463 3322 ἱωμένας.
535 3247 610 3313 In
655 3252 924 3333 utroque
969 3245 1259 3312 Parisino
1303 3247 1536 3314 diserte
1573 3247 1675 3312 καὶ
1722 3248 1840 3319 τὰς
1889 3254 2059 3321 κλεῖς
2101 3244 2414 3333 scriptum
2458 3253 2573 3313 est.

281 3459 435 3525 Ibid.
487 3460 593 3525 καὶ
630 3459 700 3524 τὸ
747 3458 933 3535 μέσον
979 3464 1089 3531 τῆς
1135 3457 1364 3538 ἡμέρας
1404 3458 1926 3544 ὑποΔυομένους]
1992 3458 2250 3524 Editor:
2303 3458 2572 3536 „medio

203 3563 292 3631 die
332 3567 591 3632 latebras
635 3562 985 3651 quaeruut?
1030 3564 1141 3633 sed
1185 3584 1309 3629 non
1354 3570 1451 3631 est
1497 3584 1571 3629 ea
1614 3568 1789 3631 notio
1832 3566 2013 3631 verbi
2060 3564 2368 3629 ὑποδῦναι.
2454 3563 2577 3629 Re-

204 3690 344 3736 voca
385 3679 665 3739 veterem
698 3673 1076 3757 scripturam
1116 3669 1609 3748 ὑποΛυομένουςε
1660 3672 1881 3736 calceos
1918 3672 2206 3736 exuebant
2257 3676 2322 3736 et
2354 3669 2576 3736 discal-

205 3781 352 3843 ceati
392 3778 670 3866 agebant
712 3797 862 3862 prae
909 3776 1159 3843 sordida
1205 3778 1600 3863 parcimonia
1641 3775 1962 3843 videlicet.

286 3986 432 4075 Gap.
479 3988 593 4054 XI.
643 3987 994 4067 Βδελυρίας.

289 4095 385 4159 καὶ
447 4094 762 4174 ἡττημένῳ
821 4093 884 4159 δὲ
949 4092 1242 4171 μεγάλην
1281 4093 1484 4169 -δίκην
1554 4094 1795 4159 οὶπιόντι
1873 4096 1996 4160 ἀπὸ
2061 4099 2166 4159 τοῦ
2233 4095 2574 4177 δικαςηρίου

212 4202 599 4278 προσελθΕῙΝ
673 4209 817 4265 ΚΑΙ
888 4201 1302 4286 συνησθῆναι]
1417 4200 1695 4266 Putesne
1775 4200 2284 4288 Theophrastum
2365 4202 2577 4268 solum

214 4307 395 4372 semel
457 4308 793 4374 descivisse
855 4307 933 4370 ab
992 4309 1283 4372 omnium
1345 4308 1621 4375 ἀττικιςί
1663 4308 2063 4394 loquentium
2126 4309 2577 4375 consuetudine

216 4418 532 4496 perpetua,
578 4419 644 4479 et
684 4412 918 4477 dixisse
963 4415 1311 4491 προσελθεῖν
1357 4412 1487 4503 καὶζ
1503 4413 1861 4489 συνησθῆναι
1907 4433 2021 4501 pro
2059 4414 2396 4495 προσελθὼν
2440 4435 2574 4476 συν-
