2934 5050
1036 315 1441 361 -comtcuun
1490 313 1722 360 ιΑτιιυι.
2445 295 2567 357 401

218 498 352 549 nem
401 481 1033 567 indicari-suspicor.
1129 481 1229 548 Cf.
1282 479 1491 548 Schot.
1525 466 1626 547 'ad
1660 488 1911 566 portam
1959 478 2279 544 Aricinam
2322 478 2456 543 sive
2493 474 2577 540 od

216 584 433 651 clivum
489 593 641 652 cett.
735 585 890 653 Inde
955 587 1130 653 venit
1194 588 1259 651 in
1326 594 1649 664 mentem,
1714 604 1793 651 an
1858 583 2022 651 forte
2068 584 2130 650 in
2180 603 2335 649 axes
2381 580 2578 647 lateat

211 711 419 766 arcem
469 680 717 758 certius'
755 699 968 758 tamen
1016 692 1125 776 qui
1173 689 1459 767 dederit,
1508 689 1698 757 faciet
1748 699 2034 776 gratum.

1061 795 1194 862 Sat.
1244 795 1325 873 V,
1395 799 1524 862 146
1574 814 1713 881 sqq.

606 896 841 966 vilibus
887 901 1200 986 ancipites
1245 901 1800 989 stan9i·ponentur
1846 898 2076 965 amicis
2107 948 2124 975 ,

610 1004 844 1069 boletus
888 1003 1182 1083 domium

291 1105 608 1173 Similiter
654 1107 966 1174 Martialis
1013 1108 1131 1187 111,
1184 1114 1294 1186 60,
1342 1116 1424 1175 5:

561 1221 715 1279 sunt
764 1212 877 1278 tibi
930 1212 1148 1290 boleti,
1193 1216 1423 1300 sunqos
1469 1233 1587 1298 ego
1634 1232 1822 1278 sumo
1869 1212 2118 1280 suillos,

290 1313 411 1382 Sed
463 1316 699 1384 misere
746 1316 1048 1403 languent
1101 1338 1205 1383 me
1253 1318 1461 1384 iudice
1512 1339 1676 1404 quae
1722 1326 2126 1405 sequuntur:

1023 1423 1132 1489 sed
1174 1424 1392 1510 quales
1434 1422 1739 1491 Claudius
1780 1423 1914 1490 edit

466 1536 613 1595 ante
656 1526 841 1593 illum
886 1529 1139 1607 uxoris,
1179 1539 1320 1613 post
1364 1549 1546 1614 quem
1593 1528 1688 1594 m‘l
1742 1529 2018 1614 amplius
2064 1526 2211 1594 edit.

286 1628 530 1719 Sponte
590 1632 765 1697 enim
828 1642 1094 1720 apparet
1156 1633 1404 1700 άοηιίηυ
1467 1652 1590 1698 non
1653 1644 1975 1699 venenatos
2021 1632 2251 1720 apponi
2303 1630 2569 1709 boletos,

205 1743 273 1800 nt
315 1735 570 1824 opinor.
669 1735 924 1816 Quanto
971 1737 1206 1804 salsius
1254 1739 1655 1825 scripsisset:

563 1839 814 1908 Vilibus
859 1845 1176 1931 ancipites
1221 1841 1403 1928 fungi
1454 1853 1774 1930 ponentur
1819 1842 2051 1909 amicis

564 1944 815 2013 boletus
860 1946 1158 2027 domino;
1208 1949 1289 2014 sie
1334 1948 1586 2036 qualem
1635 1948 1841 2037 (·es?)
1892 1945 2208 2014 Claudius
2255 1943 2430 2023 edit;

200 2049 434 2116 omisso
483 2070 675 2118 versu
738 2055 1074 2139 sequenti,
1137 2053 1216 2119 ad
1278 2051 1645 2138 exemplum
1693 2049 2184 2140 epigrammatis
2229 2050 2420 2116 amici
2473 2051 2575 2114 sui

200 2152 511 2221 Martialis
556 2156 611 2236 1,
658 2161 767 2232 21.
816 2156 1059 2224 laudati
1111 2159 1237 2224 iam
1286 2157 1367 2223 ab
1415 2157 1820 2224 Heinrichio:

418 2258 529 2326 dic
580 2259 775 2337 mihi,
823 2263 970 2347 quis
1014 2261 1196 2328 furor
1242 2261 1381 2327 est?
1432 2261 1622 2328 turba
1669 2271 2003 2349 spectante
2065 2268 2284 2327 vocata

418 2364 601 2430 solus
646 2363 925 2442 boletos,
973 2365 1368 2441 Caecitiane‚
1417 2386 1625 2434 voraS.

418 2466 582 2556 qnid
629 2468 901 2556 dignum
954 2479 1135 2538 tanto
1181 2470 1296 2537 tibi
1349 2481 1572 2538 ventre
1618 2469 1898 2559 gulaque
1947 2468 2261 2556 precabor

418 2573 753 2655 Boletum,
806 2576 1054 2662 qualem
1106 2576 1402 2642 Claudius
1447 2577 1601 2654 edit,
1650 2575 1817 2641 edas.

280 2676 590 2744 Conferas
649 2682 845 2747 etiam
916 2680 1074 2747 haec
1121 2679 1325 2749 Ovum
1375 2683 1592 2747 Amor.
1645 2680 1707 2759 1,
1774 2685 1812 2747 4
1862 2681 2045 2746 init.:
2122 2680 2220 2745 vir
2277 2689 2429 2745 tuus
2476 2687 2575 2743 est

198 2781 416 2869 epulas
448 2781 787 2851 nobiscum
827 2784 1125 2852 aditurus
1159 2785 1438 2853 easdem.
1521 2785 1755 2851 Ultima
1796 2806 1982 2852 coena
2017 2796 2121 2850 tuo
2160 2787 2275 2862 sit,
2317 2802 2580 2871 precor,

198 2887 310 2955 illa
354 2890 518 2956 viro.

284 2993 542 3063 Falsam
592 3015 731 3063 esse
778 2996 1111 3078 Ribbeckii
1163 2999 1599 3065 coniecturam
1654 2997 2103 3084 proponentis:
2213 3041 2218 3048 -

609 3100 863 3168 Boletus
908 3101 1206 3182 domino,
1255 3100 1438 3188 fungi
1488 3110 1842 3188 purgentur
1897 3101 2129 3168 amicis

610 3205 845 3272 vitibus
888 3207 1203 3292 ancipites
1253 3225 1367 3274 nec
1415 3205 1639 3293 quales
1686 3214 1841 3273 cett.

200 3307 321 3374 iam
397 3307 867 3376 demonstravit
945 3310 1331 3377 Meinerzins
1397 3311 1682 3377 Suet-osu
1749 3311 1961 3378 verbis
2030 3329 2086 3376 e.
2157 3309 2371 3378 Claud.
2456 3314 2580 3383 44,

203 3410 498 3499 idemque
549 3424 814 3501 apparet
863 3435 938 3482 ex
986 3415 1452 3501 epigrammate
1500 3414 1685 3481 modo
1731 3415 2013 3483 laudato.

318 3551 323 3556 ·
1049 3518 1185 3587 Sat.
1239 3519 1360 3599 Vl,
1429 3526 1551 3586 114
1601 3542 1741 3607 sqq.

471 3623 637 3704 Quid
685 3625 934 3712 privata
982 3644 1211 3702 nouus,
1260 3624 1414 3710 quid
1465 3623 1692 3692 fecerit
1732 3625 1974 3713 Eppia,
2022 3624 2262 3691 curas?

471 3732 720 3816 respice
769 3729 997 3797 rivales
1043 3730 1332 3798 deorum.
1428 3730 1735 3798 Ctaudius
1784 3730 1938 3798 audi

472 3854 638 3921 quae
686 3833 927 3902 tulerit.
2243 3923 2250 3929 .

289 3937 512 4025 inepte
561 3941 699 4026 ipsa
746 3940 946 4027 Eppia
995 3940 1236 4007 dicitur
1282 3940 1523 4008 domus.
1620 3942 1688 4007 ln
1735 3940 2129 4028 praegressis
2169 3947 2425 4015 autem,
2470 3939 2579 4006 ubi

209 4052 512 4109 narratur
557 4045 758 4131 Eppia
813 4047 1129 4111 senatoris
1176 4065 1338 4112 uxor
1386 4048 1688 4113 comitata
1738 4066 1877 4113 esse
1926 4045 2225 4131 Sergium
2270 4042 2580 4130 gladiato·

209 4164 382 4223 rem,
448 4150 780 4215 moechum
830 4169 1057 4229 suum,
1105 4152 1169 4216 in
1222 4154 1623 4241 Aegyptum,
1690 4151 2083 4219 describitur
2132 4149 2284 4236 quid
2334 4151 2584 4236 privato

210 4250 457 4330 mulier,
508 4255 612 4321 cui
663 4254 891 4321 deinde
938 4257 1282 4342 opponitur
1329 4258 1741 4344 imperatoris
1792 4275 1951 4322 uxor
1992 4253 2365 4332 Messalina,
2414 4257 2580 4341 sece-

210 4355 326 4432 rie,
374 4358 525 4442 quid
574 4361 793 4425 domus
840 4362 971 4426 cius
1019 4361 1247 4426 tulerit.
1348 4362 1440 4428 Ct'.
1500 4383 1591 4428 vs.
1644 4366 1760 4428 85:
1828 4361 2170 4428 immemor
2219 4358 2326 4426 issa
2364 4360 2581 4425 domus
